categoria,subcategoria,descripcion,unidades,precio,marca
Despensa,Aperitivos y frutos secos,Aceitunas Negras sin Hueso Lata 150 Gr,"7,93 € / 1 Kg","1,29 €
1,19 €",CONSUM
Despensa,Aperitivos y frutos secos,Cacahuetes con Cáscara Natural Tostado Bolsa 250 Gr,"4,00 € / 1 Kg","1,05 €
1,00 €",CONSUM
Despensa,Aperitivos y frutos secos,Cacahuetes con Cáscara Tostados con Sal Bolsa 250 Gr,"4,00 € / 1 Kg","1,05 €
1,00 €",CONSUM
Despensa,Aperitivos y frutos secos,Ganchito Maíz Sabor Queso Bolsa 80 Gr,"8,75 € / 1 Kg","0,75 €
0,70 €",CONSUM
Despensa,Aperitivos y frutos secos,Aceitunas Rellenas Anchoa Suave Pack 3 3 x 50 Gr,"17,66 € / 1 Kg","2,99 €
2,65 €",JOLCA
Despensa,Aperitivos y frutos secos,Altramuces Tarro 380 Gr,"4,08 € / 1 Kg","1,69 €
1,55 €",SALADITOS
Despensa,Aperitivos y frutos secos,Patatas Original 165 Gr,"12,06 € / 1 Kg","2,55 €
1,99 €",PRINGLES
Despensa,Aperitivos y frutos secos,Patatas Sour Cream 165 Gr,"12,06 € / 1 Kg","2,55 €
1,99 €",PRINGLES
Despensa,Aperitivos y frutos secos,Cacahuete Collaret Bolsa 500 Gr,"5,98 € / 1 Kg","3,59 €
2,99 €",
Despensa,Aperitivos y frutos secos,Patatas Fritas Lisas Sabor Campesinas 150 Gr,"7,67 € / 1 Kg","1,20 €
1,15 €",CONSUM
Despensa,Aperitivos y frutos secos,Aceituna Manzanilla sin Hueso Pack de 3 150 Gr,"11,27 € / 1 Kg","1,89 €
1,69 €",JOLCA
Despensa,Aperitivos y frutos secos,Aceituna Cacereña Negra Sin Hueso 150 Gr,"11,67 € / 1 Kg","1,95 €
1,75 €",JOLCA
Despensa,Aperitivos y frutos secos,Guindilla Rubia Picante Toreras Frasco 120 Gr,"14,16 € / 1 Kg","1,99 €
1,70 €",KIMBO
Despensa,Aperitivos y frutos secos,Coctel Frutos Secos sin Cáscara 170 Gr,"8,76 € / 1 Kg","1,75 €
1,49 €",FRIT RAVICH
Despensa,Aperitivos y frutos secos,Pipas XXL Bolsa 170 Gr,"10,33 € / 1 Kg","1,85 €
1,55 €",EL MANISERO
Despensa,Aperitivos y frutos secos,Conos de Maíz 3D's Sabor Queso y Bacon 100 Gr,"16,00 € / 1 Kg","1,89 €
1,60 €",MATUTANO
Despensa,Aperitivos y frutos secos,Crackers Quinoa y Chía Bote 250 Gr,"7,40 € / 1 Kg","2,15 €
1,85 €",GULLON
Despensa,Aperitivos y frutos secos,Aceituna Rellena Anchoa Cantábrico Pack de 3 3 x 50 Gr,"19,00 € / 1 Kg","3,19 €
2,85 €",JOLCA
Despensa,Aperitivos y frutos secos,Piña Deshidratada Bolsa 50 Gr,"25,00 € / 1 Kg","1,30 €
1,25 €",FRUBIS
Despensa,Aperitivos y frutos secos,Gilda Aceituna y Guindilla con Aceite de Oliva 95 Gr,"30,00 € / 1 Kg","3,35 €
2,85 €",KIMBO
Despensa,Aperitivos y frutos secos,Patatas Fritas Lisas Churrería Bolsa 150 Gr,"11,67 € / 1 Kg","1,75 €",SANTA ANA
Despensa,Aperitivos y frutos secos,Galletas Saladas Krit Bote 350 Gr,"8,57 € / 1 Kg","3,89 €
3,00 €",CUETARA
Despensa,Aperitivos y frutos secos,Ciruela sin Hueso Doypack 300 Gr,"7,96 € / 1 Kg","2,65 €
2,39 €",CONSUM
Despensa,Aperitivos y frutos secos,Cócktail Frutos Secos Mix5 Bolsa 160 Gr,"10,31 € / 1 Kg","1,95 €
1,65 €",MISTERCORN
Despensa,Aperitivos y frutos secos,Maíz Frito Bolsa 160 Gr,"10,31 € / 1 Kg","1,95 €
1,65 €",MISTERCORN
Despensa,Aperitivos y frutos secos,Patatas Fritas Lisas Gourmet Bolsa 170 Gr,"14,06 € / 1 Kg","2,79 €
2,39 €",LAY'S
Despensa,Aperitivos y frutos secos,Patatas Paprika Bote 165 Gr,"15,45 € / 1 Kg","2,55 €",PRINGLES
Despensa,Aperitivos y frutos secos,Patatas Fritas Receta Original de 1931 150 Gr,"8,60 € / 1 Kg","1,59 €
1,29 €",VIDAL
Despensa,Aperitivos y frutos secos,Aceitunas Verdes Rellenas de Anchoa 150 Gr,"12,33 € / 1 Kg","2,45 €
1,85 €",LA ESPAÑOLA
Despensa,Aperitivos y frutos secos,Takis Fuego Sabor Chile y Lima 140 Gr,"17,07 € / 1 Kg","2,39 €",TAKIS EAGLE
Despensa,Aperitivos y frutos secos,Patatas Fritas Onduladas Jamón Pack Ahorro 275 Gr,"10,51 € / 1 Kg","3,39 €
2,89 €",RUFFLES
Despensa,Aperitivos y frutos secos,Pipas Piponazo Original Formato Ahorro 195 Gr,"11,54 € / 1 Kg","2,65 €
2,25 €",GREFUSA
Despensa,Aperitivos y frutos secos,Gusanitos de Maíz Bolsa 105 Gr,"13,23 € / 1 Kg","1,65 €
1,39 €",RISI
Despensa,Aperitivos y frutos secos,Patatas Cheesy Cheese 165 Gr,"15,45 € / 1 Kg","2,55 €",PRINGLES
Despensa,Aperitivos y frutos secos,Nachos Tortilla Chips Bolsa 200 Gr,"11,25 € / 1 Kg","2,25 €",MISSION
Despensa,Aperitivos y frutos secos,Aceitunas Verdial Receta Tradicional 400 Gr,"7,98 € / 1 Kg","3,59 €
3,19 €",JOLCA
Despensa,Aperitivos y frutos secos,Mixtus Country Paquete 170 Gr,"8,76 € / 1 Kg","1,75 €
1,49 €",MEDINA
Despensa,Aperitivos y frutos secos,Pipas G Tijuana Bolsa 165 Gr,"9,09 € / 1 Kg","1,75 €
1,50 €",GREFUSA
Despensa,Aperitivos y frutos secos,Aceituna Rellena Anchoa Lata 130 Gr,"13,00 € / 1 Kg","1,69 €",JOLCA
Despensa,Aperitivos y frutos secos,Pipas G Maxi Tijuana Bolsa 240 Gr,"9,58 € / 1 Kg","2,30 €",GREFUSA
Despensa,Aperitivos y frutos secos,Nuez Cáscara Granel,"5,99 € / 1 Kg","5,99 €",
Despensa,Aperitivos y frutos secos,Bocabits Bolsa 84 Gr,"22,50 € / 1 Kg","1,89 €",MATUTANO
Despensa,Aperitivos y frutos secos,Aperitivo de Maíz Pelotazos Sabor Queso 130 Gr,"14,54 € / 1 Kg","1,89 €",CHEETOS
Despensa,Aperitivos y frutos secos,Aperitivo Frito Pandilla Sabor Queso 75 Gr,"25,20 € / 1 Kg","1,89 €",CHEETOS
Despensa,Aperitivos y frutos secos,Aceitunas Manzanilla sin Hueso Bolsa 75 Gr,"12,00 € / 1 Kg","0,90 €",JOLCA
Despensa,Aperitivos y frutos secos,Apetinas Ketchup Bolsa 90 Gr,"15,44 € / 1 Kg","1,39 €",TOSFRIT
Despensa,Aperitivos y frutos secos,Patatas Fritas Lisas Artesanas Bolsa Papel 2 x 135 Gr,"11,81 € / 1 Kg","3,19 €",SANTA ANA
Despensa,Aperitivos y frutos secos,Aceitunas Negras Hueso Lata 185 Gr,"6,76 € / 1 Kg","1,25 €",CONSUM
Despensa,Aperitivos y frutos secos,Aceitunas Rellenas de Anchoas 150 Gr,"7,60 € / 1 Kg","1,14 €",CONSUM
Despensa,Aperitivos y frutos secos,Aceitunas Rellenas de Anchoas Pack de 3 3 x 50 Gr,"11,67 € / 1 Kg","1,75 €",CONSUM
Despensa,Aperitivos y frutos secos,Pipas Tostadas con Sal Bolsa 250 Gr,"5,80 € / 1 Kg","1,45 €",CONSUM
Despensa,Aperitivos y frutos secos,Aceitunas Manzanilla con Hueso en Frasco 250 Gr,"7,00 € / 1 Kg","1,75 €",CONSUM
Despensa,Aperitivos y frutos secos,Aceitunas Sabor Anchoa con Hueso en Frasco 250 Gr,"7,80 € / 1 Kg","1,95 €",CONSUM
Despensa,Aperitivos y frutos secos,Tortilla Chip Sal 200 Gr,"8,25 € / 1 Kg","1,65 €",ZANUY
Despensa,Aperitivos y frutos secos,Aceitunas Rellenas de Anchoas Pack de 3 3 x 50 Gr,"21,00 € / 1 Kg","3,15 €",JOLCA
Despensa,Aperitivos y frutos secos,Aceitunas Rellenas Anchoa Cantábrico Lata 150 Gr,"15,93 € / 1 Kg","2,39 €",JOLCA
Despensa,Aperitivos y frutos secos,Mega Mix Snacks Bolsa 140 Gr,"7,86 € / 1 Kg","1,10 €",CONSUM
Despensa,Aperitivos y frutos secos,Conos de Maíz Sabor Queso-Bacon 80 Gr,"8,13 € / 1 Kg","0,65 €",CONSUM
Despensa,Aperitivos y frutos secos,Patatas Fritas Lisas Bolsa Papel 300 Gr,"5,83 € / 1 Kg","1,75 €",CONSUM
Despensa,Aperitivos y frutos secos,Patatas Fritas Lisas Ligeras Bolsa 130 Gr,"9,15 € / 1 Kg","1,19 €",CONSUM
Despensa,Aperitivos y frutos secos,Patatas Fritas Onduladas Jamón Bolsa 170 Gr,"7,94 € / 1 Kg","1,35 €",CONSUM
Despensa,Aperitivos y frutos secos,Ruedas de Patata Bolsa 80 Gr,"14,38 € / 1 Kg","1,15 €",CONSUM
Despensa,Aperitivos y frutos secos,Tiras de Maíz Sabor Barbacoa 130 Gr,"5,00 € / 1 Kg","0,65 €",CONSUM
Despensa,Aperitivos y frutos secos,Maíz Crudo Palomitas Bolsa 250 Gr,"3,40 € / 1 Kg","0,85 €",CONSUM
Despensa,Aperitivos y frutos secos,Cacahuetes Fritos Piel Bolsa 250 Gr,"5,20 € / 1 Kg","1,30 €",CONSUM
Despensa,Aperitivos y frutos secos,Cortezas de Cerdo Bolsa 100 Gr,"12,70 € / 1 Kg","1,27 €",CONSUM
Despensa,Aperitivos y frutos secos,Piñones Caja 40 Gr,"7,38 € / 100 Gr","2,95 €",CONSUM
Despensa,Aperitivos y frutos secos,Pepinillos Finos Vinagre Frasco 230 Gr,"5,43 € / 1 Kg","1,25 €",CONSUM
Despensa,Aperitivos y frutos secos,Pepinillos Finos Sabor Anchoa Frasco 230 Gr,"6,04 € / 1 Kg","1,39 €",CONSUM
Despensa,Aperitivos y frutos secos,Cocktail Aceitunas y Pepinillos Frasco 500 Gr,"5,78 € / 1 Kg","2,89 €",CONSUM
Despensa,Aperitivos y frutos secos,Banderillas Dulces Frasco 215 Gr,"9,72 € / 1 Kg","2,09 €",CONSUM
Despensa,Aperitivos y frutos secos,Banderillas Picantes Frasco 215 Gr,"9,72 € / 1 Kg","2,09 €",CONSUM
Despensa,Aperitivos y frutos secos,Garbanzos Tostados Bolsa 125 Gr,"10,32 € / 1 Kg","1,29 €",CONSUM
Despensa,Aperitivos y frutos secos,Anacardos Fritos Doypack 200 Gr,"12,95 € / 1 Kg","2,59 €",CONSUM
Despensa,Aperitivos y frutos secos,Avellanas Tostadas Bolsa 200 Gr,"16,45 € / 1 Kg","3,29 €",CONSUM
Despensa,Aperitivos y frutos secos,Aperitivo de Maíz Gustosines Sal Bolsa 96 Gr,"19,69 € / 1 Kg","1,89 €",CHEETOS
Despensa,Aperitivos y frutos secos,Aceitunas Gazpachas Partidas Frasco 500 Gr,"5,30 € / 1 Kg","2,65 €",CONSUM
Despensa,Aperitivos y frutos secos,Dracos Snack de Maíz Sabor Queso-Bacón 80 Gr,"14,88 € / 1 Kg","1,19 €",CONSUM
Despensa,Aperitivos y frutos secos,Guindillas Vascas en Vinagre Frasco 130 Gr,"32,69 € / 1 Kg","4,25 €",GUIPUZCOANA
Despensa,Aperitivos y frutos secos,Pepinillos Estilo Alemán Frasco 880 Gr,"4,88 € / 1 Kg","4,29 €",ORZECH
Despensa,Aperitivos y frutos secos,Nuez Cascara Bolsa 600 Gr,"5,42 € / 1 Kg","3,25 €",CONSUM
Despensa,Aperitivos y frutos secos,Patatas Fritas Lisas Bolsa 210 Gr,"6,43 € / 1 Kg","1,35 €",CONSUM
Despensa,Aperitivos y frutos secos,Patatas Fritas Onduladas Bolsa 210 Gr,"6,43 € / 1 Kg","1,35 €",CONSUM
Despensa,Aperitivos y frutos secos,Almendras con Piel Tostadas Sal Bolsa 200 Gr,"14,95 € / 1 Kg","2,99 €",CONSUM
Despensa,Aperitivos y frutos secos,Pipas G con Sal Bolsa 165 Gr,"9,39 € / 1 Kg","1,55 €",GREFUSA
Despensa,Aperitivos y frutos secos,Almendras Repeladas Fritas Bolsa 200 Gr,"14,25 € / 1 Kg","2,85 €",CONSUM
Despensa,Aperitivos y frutos secos,Habas Fritas Bolsa 100 Gr,"12,90 € / 1 Kg","1,29 €",CONSUM
Despensa,Aperitivos y frutos secos,Aceituna Pelotín Sabor Anchoa 250 Gr,"10,36 € / 1 Kg","2,59 €",BERNAL
Despensa,Aperitivos y frutos secos,Cebolla Roja 500 Gr,"6,98 € / 1 Kg","3,49 €",CORBI
Despensa,Aperitivos y frutos secos,Patatas Fritas Lisas Bolsa 140 Gr,"10,36 € / 1 Kg","1,45 €",DUSO
Despensa,Aperitivos y frutos secos,Patatas Fritas Lisas Bolsa 300 Gr,"8,97 € / 1 Kg","2,69 €",DUSO
Despensa,Aperitivos y frutos secos,Alcaparras en Vinagre Tarro 80 Gr,"16,25 € / 1 Kg","1,30 €",CONSUM
Despensa,Aperitivos y frutos secos,Cacahuetes con Miel Paquete 150 Gr,"9,00 € / 1 Kg","1,35 €",CONSUM
Despensa,Aperitivos y frutos secos,Aceitunas Manzanilla con Hueso Bolsa 100 Gr,"9,00 € / 1 Kg","0,90 €",JOLCA
Despensa,Aperitivos y frutos secos,Patatas Fritas Lisas Caseras Bolsa Papel 250 Gr,"10,60 € / 1 Kg","2,65 €",VIDAL
Despensa,Aperitivos y frutos secos,Aceitunas Manzanilla con Hueso en Frasco 500 Gr,"5,18 € / 1 Kg","2,59 €",CONSUM
Despensa,Aperitivos y frutos secos,Galletas Saladas Bacón Paquete 100 Gr,"14,90 € / 1 Kg","1,49 €",LU
Despensa,Aperitivos y frutos secos,Pepinillos Agridulces Frasco 230 Gr,"7,35 € / 1 Kg","1,69 €",CONSUM
Despensa,Aperitivos y frutos secos,Guindillas en Vinagre Frasco 160 Gr,"8,06 € / 1 Kg","1,29 €",CONSUM
Despensa,Aperitivos y frutos secos,Cóctel Frutos Secos Clásico Bolsa 175 Gr,"12,51 € / 1 Kg","2,19 €",CONSUM
Despensa,Aperitivos y frutos secos,Aceitunas Manzanilla sin Hueso en Frasco 400 Gr,"6,48 € / 1 Kg","2,59 €",CONSUM
Despensa,Aperitivos y frutos secos,Palomitas Microondas Saladas Pack de 3 3 x 100 Gr,"8,17 € / 1 Kg","2,45 €",POPITAS
Despensa,Aperitivos y frutos secos,Picadillo de Encurtidos Frasco 200 Gr,"6,75 € / 1 Kg","1,35 €",CONSUM
Despensa,Aperitivos y frutos secos,Pipas Calabaza Tostadas Sal Bolsa 125 Gr,"12,40 € / 1 Kg","1,55 €",CONSUM
Despensa,Aperitivos y frutos secos,Aceitunas Manzanilla Sabor Anchoa con Hueso 500 Gr,"6,10 € / 1 Kg","3,05 €",CONSUM
Despensa,Aperitivos y frutos secos,Palomitas Mantequilla Bolsa 90 Gr,"9,44 € / 1 Kg","0,85 €",CONSUM KIDS
Despensa,Aperitivos y frutos secos,Patatas Fritas Sin Sal Añadida Bolsa 130 Gr,"9,92 € / 1 Kg","1,29 €",CONSUM
Despensa,Aperitivos y frutos secos,Aros de Maíz Kaskys Bolsa 120 Gr,"9,08 € / 1 Kg","1,09 €",TOSFRIT
Despensa,Aperitivos y frutos secos,Selección Frutos Secos y Snacks Mix5 XL 300 Gr,"9,50 € / 1 Kg","2,85 €",MISTERCORN
Despensa,Aperitivos y frutos secos,Galleta Salada Bote 350 Gr,"3,71 € / 1 Kg","1,30 €",CONSUM
Despensa,Aperitivos y frutos secos,Almendra Repelada Cruda 150 Gr,"12,60 € / 1 Kg","1,89 €",CONSUM
Despensa,Aperitivos y frutos secos,Patatas Fritas Lisas Campesinas Ahorro 250 Gr,"12,36 € / 1 Kg","3,09 €",LAY'S
Despensa,Aperitivos y frutos secos,Palitos de Patatas Bolsa 75 Gr,"11,33 € / 1 Kg","0,85 €",CONSUM
Despensa,Aperitivos y frutos secos,Maíz Gigante Frito Bolsa 250 Gr,"9,00 € / 1 Kg","2,25 €",CONSUM
Despensa,Aperitivos y frutos secos,Cortezas Morro-Torrezno Bolsa 150 Gr,"13,67 € / 1 Kg","2,05 €",CONSUM
Despensa,Aperitivos y frutos secos,Aceitunas Rellenas de Anchoas Lata 600 Gr,"7,25 € / 1 Kg","4,35 €",CONSUM
Despensa,Aperitivos y frutos secos,Cocktail Cuatro Variantes en Vinagre Frasco 225 Gr,"6,44 € / 1 Kg","1,45 €",CONSUM
Despensa,Aperitivos y frutos secos,Maíz Gigante Frito Barbacoa Bolsa 100 Gr,"11,50 € / 1 Kg","1,15 €",CONSUM
Despensa,Aperitivos y frutos secos,Cocktail Aceituna Verde Negra-Cebollita-Pepinillo 185 Gr,"10,76 € / 1 Kg","1,99 €",JOLCA
Despensa,Aperitivos y frutos secos,Galletas Saladas Cracker Caja 200 Gr,"13,75 € / 1 Kg","2,75 €",RITZ
Despensa,Aperitivos y frutos secos,Coctel Frutos Secos Cáscara Bolsa 250 Gr,"7,00 € / 1 Kg","1,75 €",CONSUM
Despensa,Aperitivos y frutos secos,Aceitunas Sabor Anchoa con Hueso en Lata 185 Gr,"11,30 € / 1 Kg","2,09 €",JOLCA
Despensa,Aperitivos y frutos secos,Aceituna Manzanilla Frasco 420 Gr,"11,17 € / 1 Kg","4,69 €",JOLCA
Despensa,Aperitivos y frutos secos,Cóctel Frutos Secos Especial Premiun 100 Gr,"19,90 € / 1 Kg","1,99 €",CONSUM
Despensa,Aperitivos y frutos secos,Aceituna con Guindilla Picante 150 Gr,"19,93 € / 1 Kg","2,99 €",KIMBO
Despensa,Aperitivos y frutos secos,Piñones Pelados Tarro 45 Gr,"11,09 € / 100 Gr","4,99 €",SABATER
Despensa,Aperitivos y frutos secos,Aceitunas Rellenas Jalapeños Lata 130 Gr,"15,77 € / 1 Kg","2,05 €",JOLCA
Despensa,Aperitivos y frutos secos,Avellana Cáscara Granel,"7,60 € / 1 Kg","7,60 €",
Despensa,Aperitivos y frutos secos,Aceitunas Gordal con Hueso en Frasco 475 Gr,"8,82 € / 1 Kg","4,19 €",CONSUM
Despensa,Aperitivos y frutos secos,Alcaparrones en Vinagre Frasco 150 Gr,"13,87 € / 1 Kg","2,08 €",CONSUM
Despensa,Aperitivos y frutos secos,Aceitunas Gordal Picante con Hueso en Frasco 475 Gr,"8,82 € / 1 Kg","4,19 €",CONSUM
Despensa,Aperitivos y frutos secos,Aceitunas Cocktail Imperial Tarro 360 Gr,"13,58 € / 1 Kg","4,89 €",JOLCA
Despensa,Aperitivos y frutos secos,Cebollitas Sabor Anchoa Tarro 200 Gr,"7,95 € / 1 Kg","1,59 €",CONSUM
Despensa,Aperitivos y frutos secos,Pimiento en Salmuera Pet 425 Gr,"6,55 € / 1 Kg","2,75 €",CORBI
Despensa,Aperitivos y frutos secos,Banderillas Picantes Aceite y Sabor Anchoa 120 Gr,"22,08 € / 1 Kg","2,65 €",KIMBO
Despensa,Aperitivos y frutos secos,Aceituna Gordal Picante sin Hueso Lata 150 Gr,"15,93 € / 1 Kg","2,39 €",BERNAL
Despensa,Aperitivos y frutos secos,Pipa Calabaza Pelada Tostada Paquete 150 Gr,"15,00 € / 1 Kg","2,25 €",CONSUM
Despensa,Aperitivos y frutos secos,Cacahuete Garrapiñado Doypack 130 Gr,"9,15 € / 1 Kg","1,19 €",PRUNITA
Despensa,Aperitivos y frutos secos,Almendra con Cáscara Tostada Bolsa 250 Gr,"13,00 € / 1 Kg","3,25 €",
Despensa,Aperitivos y frutos secos,Pepinillo Agridulce Bote 400 Gr,"5,23 € / 1 Kg","2,09 €",BERNAL
Despensa,Aperitivos y frutos secos,Tortilla Nachips Bolsa 185 Gr,"14,86 € / 1 Kg","2,75 €",OLD EL PASO
Despensa,Aperitivos y frutos secos,Patatas Fritas Flor de Sal con Hierbas Aromáticas 150 Gr,"13,27 € / 1 Kg","1,99 €",CONSUM
Despensa,Aperitivos y frutos secos,Chips de Maíz y Chía con Sal Marina Mios! 150 Gr,"12,67 € / 1 Kg","1,90 €",RISI
Despensa,Aperitivos y frutos secos,Snack de Maíz con Sabor a Mantequilla 100 Gr,"13,00 € / 1 Kg","1,30 €",JUMPERS
Despensa,Aperitivos y frutos secos,Aceitunas Rellenas de Anchoa Suaves 130 Gr,"14,54 € / 1 Kg","1,89 €",JOLCA
Despensa,Aperitivos y frutos secos,Mango Deshidratado Doypack 90 Gr,"21,22 € / 1 Kg","1,91 €",PRUNITA
Despensa,Aperitivos y frutos secos,Coquitos Grano Bolsa 150 Gr,"15,00 € / 1 Kg","2,25 €",CONSUM
Despensa,Aperitivos y frutos secos,Cocktail Frutos Secos Top 5 170 Gr,"14,71 € / 1 Kg","2,50 €",FRIT RAVICH
Despensa,Aperitivos y frutos secos,Snack Multicereales al Toque de Sal Marina 95 Gr,"23,05 € / 1 Kg","2,19 €",SUNBITES
Despensa,Aperitivos y frutos secos,Almendra Cáscara Blanda Cruda Granel,"9,60 € / 1 Kg","9,60 €",
Despensa,Aperitivos y frutos secos,Pipas Oro Bolsa 150 Gr,"12,00 € / 1 Kg","1,80 €",EL MANISERO
Despensa,Aperitivos y frutos secos,Patata Frita Viruta más Ketchup Tarrina 175 Gr,"12,57 € / 1 Kg","2,20 €",ARGENTE
Despensa,Aperitivos y frutos secos,Mix Sabores de América Bolsa 180 Gr,"13,28 € / 1 Kg","2,39 €",MISTERCORN
Despensa,Aperitivos y frutos secos,Aceitunas Negras Sin Hueso Cacereña 3 x 50 Gr,"21,00 € / 1 Kg","3,15 €",JOLCA
Despensa,Aperitivos y frutos secos,Manzana Deshidratada Roja Bolsa 20 Gr,"4,25 € / 100 Gr","0,85 €",FRUBIS
Despensa,Aperitivos y frutos secos,Frutos Secos y Frutas Arándanos y Cerezas 120 Gr,"22,08 € / 1 Kg","2,65 €",SNATT'S
Despensa,Aperitivos y frutos secos,Frutos Secos y Frutas Piña y Papaya 120 Gr,"22,08 € / 1 Kg","2,65 €",SNATT'S
Despensa,Aperitivos y frutos secos,Pistacho con Cáscara Crudo Bolsa 150 Gr,"16,60 € / 1 Kg","2,49 €",CONSUM
Despensa,Aperitivos y frutos secos,Aceitunas Negras en Rodajas Tarro 110 Gr,"17,73 € / 1 Kg","1,95 €",JOLCA
Despensa,Aperitivos y frutos secos,Nachos con Chia Paquete 130 Gr,"10,77 € / 1 Kg","1,40 €",ZANUY
Despensa,Aperitivos y frutos secos,Aceituna Partida de la Abuela Antequera 550 Gr,"6,82 € / 1 Kg","3,75 €",CHICÓN
Despensa,Aperitivos y frutos secos,Conos de Maíz 3D's Sabor Queso 100 Gr,"18,90 € / 1 Kg","1,89 €",MATUTANO
Despensa,Aperitivos y frutos secos,Mix Familiar 500 Gr,"5,10 € / 1 Kg","2,55 €",CONSUM
Despensa,Aperitivos y frutos secos,Pan de Gambas Bolsa 80 Gr,"18,13 € / 1 Kg","1,45 €",ESCRIVA
Despensa,Aperitivos y frutos secos,Nachos de Maíz Fritos Sabor Natural 300 Gr,"8,83 € / 1 Kg","2,65 €",MEXIFOODS
Despensa,Aperitivos y frutos secos,Picoteo Surtido de Snacks 90 Gr,"12,78 € / 1 Kg","1,15 €",TOSFRIT
Despensa,Aperitivos y frutos secos,Tuc Crackers Pack de 2 x 100 Gr,"11,25 € / 1 Kg","2,25 €",LU
Despensa,Aperitivos y frutos secos,Pistacho Tostado Bolsa 130 Gr,"26,08 € / 1 Kg","3,39 €",PIZARRO
Despensa,Aperitivos y frutos secos,Patatas Fritas Receta Original 250 Gr,"9,40 € / 1 Kg","2,35 €",VIDAL
Despensa,Aperitivos y frutos secos,Ajos Aliñados Frasco 220 Gr,"10,45 € / 1 Kg","2,30 €",CONSUM
Despensa,Aperitivos y frutos secos,Maíz Mistercorn Maxi Ahorro Bolsa 285 Gr,"10,00 € / 1 Kg","2,85 €",MISTERCORN
Despensa,Aperitivos y frutos secos,Aceituna Rellena Limón 130 Gr,"15,31 € / 1 Kg","1,99 €",JOLCA
Despensa,Aperitivos y frutos secos,Aceituna Gordal sin Hueso Aliñada 360 Gr,"13,86 € / 1 Kg","4,99 €",JOLCA
Despensa,Aperitivos y frutos secos,Patatas Fritas Sal al Horno 150 Gr,"15,93 € / 1 Kg","2,39 €",LAY'S
Despensa,Aperitivos y frutos secos,Cóctel Picante Bote 235 Gr,"9,35 € / 1 Kg","2,15 €",CORBI
Despensa,Aperitivos y frutos secos,Mix Barbacoa Bolsa 195 Gr,"10,00 € / 1 Kg","1,95 €",MISTERCORN
Despensa,Aperitivos y frutos secos,Mix Picante Bolsa 195 Gr,"10,00 € / 1 Kg","1,95 €",MISTERCORN
Despensa,Aperitivos y frutos secos,Mix de Encurtidos Pepinillos y Cebollas 380 Gr,"5,13 € / 1 Kg","1,95 €",RIOVERDE
Despensa,Aperitivos y frutos secos,Cóctel Salseo Bolsa 200 Gr,"10,95 € / 1 Kg","2,19 €",CONSUM
Despensa,Aperitivos y frutos secos,Pipas Tostadas sin Sal Bolsa 175 Gr,"7,37 € / 1 Kg","1,29 €",CONSUM
Despensa,Aperitivos y frutos secos,Aceitunas Negras sin Hueso Lata 150 Gr,"7,93 € / 1 Kg","1,29 €
1,19 €",CONSUM
Despensa,Aperitivos y frutos secos,Cacahuetes con Cáscara Natural Tostado Bolsa 250 Gr,"4,00 € / 1 Kg","1,05 €
1,00 €",CONSUM
Despensa,Aperitivos y frutos secos,Cacahuetes con Cáscara Tostados con Sal Bolsa 250 Gr,"4,00 € / 1 Kg","1,05 €
1,00 €",CONSUM
Despensa,Aperitivos y frutos secos,Ganchito Maíz Sabor Queso Bolsa 80 Gr,"8,75 € / 1 Kg","0,75 €
0,70 €",CONSUM
Despensa,Aperitivos y frutos secos,Aceitunas Rellenas Anchoa Suave Pack 3 3 x 50 Gr,"17,66 € / 1 Kg","2,99 €
2,65 €",JOLCA
Despensa,Aperitivos y frutos secos,Altramuces Tarro 380 Gr,"4,08 € / 1 Kg","1,69 €
1,55 €",SALADITOS
Despensa,Aperitivos y frutos secos,Patatas Original 165 Gr,"12,06 € / 1 Kg","2,55 €
1,99 €",PRINGLES
Despensa,Aperitivos y frutos secos,Patatas Sour Cream 165 Gr,"12,06 € / 1 Kg","2,55 €
1,99 €",PRINGLES
Despensa,Aperitivos y frutos secos,Cacahuete Collaret Bolsa 500 Gr,"5,98 € / 1 Kg","3,59 €
2,99 €",
Despensa,Aperitivos y frutos secos,Patatas Fritas Lisas Sabor Campesinas 150 Gr,"7,67 € / 1 Kg","1,20 €
1,15 €",CONSUM
Despensa,Aperitivos y frutos secos,Aceituna Manzanilla sin Hueso Pack de 3 150 Gr,"11,27 € / 1 Kg","1,89 €
1,69 €",JOLCA
Despensa,Aperitivos y frutos secos,Aceituna Cacereña Negra Sin Hueso 150 Gr,"11,67 € / 1 Kg","1,95 €
1,75 €",JOLCA
Despensa,Aperitivos y frutos secos,Guindilla Rubia Picante Toreras Frasco 120 Gr,"14,16 € / 1 Kg","1,99 €
1,70 €",KIMBO
Despensa,Aperitivos y frutos secos,Coctel Frutos Secos sin Cáscara 170 Gr,"8,76 € / 1 Kg","1,75 €
1,49 €",FRIT RAVICH
Despensa,Aperitivos y frutos secos,Pipas XXL Bolsa 170 Gr,"10,33 € / 1 Kg","1,85 €
1,55 €",EL MANISERO
Despensa,Aperitivos y frutos secos,Conos de Maíz 3D's Sabor Queso y Bacon 100 Gr,"16,00 € / 1 Kg","1,89 €
1,60 €",MATUTANO
Despensa,Aperitivos y frutos secos,Crackers Quinoa y Chía Bote 250 Gr,"7,40 € / 1 Kg","2,15 €
1,85 €",GULLON
Despensa,Aperitivos y frutos secos,Aceituna Rellena Anchoa Cantábrico Pack de 3 3 x 50 Gr,"19,00 € / 1 Kg","3,19 €
2,85 €",JOLCA
Despensa,Aperitivos y frutos secos,Piña Deshidratada Bolsa 50 Gr,"25,00 € / 1 Kg","1,30 €
1,25 €",FRUBIS
Despensa,Aperitivos y frutos secos,Gilda Aceituna y Guindilla con Aceite de Oliva 95 Gr,"30,00 € / 1 Kg","3,35 €
2,85 €",KIMBO
Despensa,Aperitivos y frutos secos,Patatas Fritas Lisas Churrería Bolsa 150 Gr,"11,67 € / 1 Kg","1,75 €",SANTA ANA
Despensa,Aperitivos y frutos secos,Galletas Saladas Krit Bote 350 Gr,"8,57 € / 1 Kg","3,89 €
3,00 €",CUETARA
Despensa,Aperitivos y frutos secos,Ciruela sin Hueso Doypack 300 Gr,"7,96 € / 1 Kg","2,65 €
2,39 €",CONSUM
Despensa,Aperitivos y frutos secos,Cócktail Frutos Secos Mix5 Bolsa 160 Gr,"10,31 € / 1 Kg","1,95 €
1,65 €",MISTERCORN
Despensa,Aperitivos y frutos secos,Maíz Frito Bolsa 160 Gr,"10,31 € / 1 Kg","1,95 €
1,65 €",MISTERCORN
Despensa,Aperitivos y frutos secos,Patatas Fritas Lisas Gourmet Bolsa 170 Gr,"14,06 € / 1 Kg","2,79 €
2,39 €",LAY'S
Despensa,Aperitivos y frutos secos,Patatas Paprika Bote 165 Gr,"15,45 € / 1 Kg","2,55 €",PRINGLES
Despensa,Aperitivos y frutos secos,Patatas Fritas Receta Original de 1931 150 Gr,"8,60 € / 1 Kg","1,59 €
1,29 €",VIDAL
Despensa,Aperitivos y frutos secos,Aceitunas Verdes Rellenas de Anchoa 150 Gr,"12,33 € / 1 Kg","2,45 €
1,85 €",LA ESPAÑOLA
Despensa,Aperitivos y frutos secos,Takis Fuego Sabor Chile y Lima 140 Gr,"17,07 € / 1 Kg","2,39 €",TAKIS EAGLE
Despensa,Aperitivos y frutos secos,Patatas Fritas Onduladas Jamón Pack Ahorro 275 Gr,"10,51 € / 1 Kg","3,39 €
2,89 €",RUFFLES
Despensa,Aperitivos y frutos secos,Pipas Piponazo Original Formato Ahorro 195 Gr,"11,54 € / 1 Kg","2,65 €
2,25 €",GREFUSA
Despensa,Aperitivos y frutos secos,Gusanitos de Maíz Bolsa 105 Gr,"13,23 € / 1 Kg","1,65 €
1,39 €",RISI
Despensa,Aperitivos y frutos secos,Patatas Cheesy Cheese 165 Gr,"15,45 € / 1 Kg","2,55 €",PRINGLES
Despensa,Aperitivos y frutos secos,Nachos Tortilla Chips Bolsa 200 Gr,"11,25 € / 1 Kg","2,25 €",MISSION
Despensa,Aperitivos y frutos secos,Aceitunas Verdial Receta Tradicional 400 Gr,"7,98 € / 1 Kg","3,59 €
3,19 €",JOLCA
Despensa,Aperitivos y frutos secos,Mixtus Country Paquete 170 Gr,"8,76 € / 1 Kg","1,75 €
1,49 €",MEDINA
Despensa,Aperitivos y frutos secos,Pipas G Tijuana Bolsa 165 Gr,"9,09 € / 1 Kg","1,75 €
1,50 €",GREFUSA
Despensa,Aperitivos y frutos secos,Aceituna Rellena Anchoa Lata 130 Gr,"13,00 € / 1 Kg","1,69 €",JOLCA
Despensa,Aperitivos y frutos secos,Pipas G Maxi Tijuana Bolsa 240 Gr,"9,58 € / 1 Kg","2,30 €",GREFUSA
Despensa,Aperitivos y frutos secos,Nuez Cáscara Granel,"5,99 € / 1 Kg","5,99 €",
Despensa,Aperitivos y frutos secos,Bocabits Bolsa 84 Gr,"22,50 € / 1 Kg","1,89 €",MATUTANO
Despensa,Aperitivos y frutos secos,Aperitivo de Maíz Pelotazos Sabor Queso 130 Gr,"14,54 € / 1 Kg","1,89 €",CHEETOS
Despensa,Aperitivos y frutos secos,Aperitivo Frito Pandilla Sabor Queso 75 Gr,"25,20 € / 1 Kg","1,89 €",CHEETOS
Despensa,Aperitivos y frutos secos,Aceitunas Manzanilla sin Hueso Bolsa 75 Gr,"12,00 € / 1 Kg","0,90 €",JOLCA
Despensa,Aperitivos y frutos secos,Apetinas Ketchup Bolsa 90 Gr,"15,44 € / 1 Kg","1,39 €",TOSFRIT
Despensa,Aperitivos y frutos secos,Patatas Fritas Lisas Artesanas Bolsa Papel 2 x 135 Gr,"11,81 € / 1 Kg","3,19 €",SANTA ANA
Despensa,Aperitivos y frutos secos,Aceitunas Negras Hueso Lata 185 Gr,"6,76 € / 1 Kg","1,25 €",CONSUM
Despensa,Aperitivos y frutos secos,Aceitunas Rellenas de Anchoas 150 Gr,"7,60 € / 1 Kg","1,14 €",CONSUM
Despensa,Aperitivos y frutos secos,Aceitunas Rellenas de Anchoas Pack de 3 3 x 50 Gr,"11,67 € / 1 Kg","1,75 €",CONSUM
Despensa,Aperitivos y frutos secos,Pipas Tostadas con Sal Bolsa 250 Gr,"5,80 € / 1 Kg","1,45 €",CONSUM
Despensa,Aperitivos y frutos secos,Aceitunas Manzanilla con Hueso en Frasco 250 Gr,"7,00 € / 1 Kg","1,75 €",CONSUM
Despensa,Aperitivos y frutos secos,Aceitunas Sabor Anchoa con Hueso en Frasco 250 Gr,"7,80 € / 1 Kg","1,95 €",CONSUM
Despensa,Aperitivos y frutos secos,Tortilla Chip Sal 200 Gr,"8,25 € / 1 Kg","1,65 €",ZANUY
Despensa,Aperitivos y frutos secos,Aceitunas Rellenas de Anchoas Pack de 3 3 x 50 Gr,"21,00 € / 1 Kg","3,15 €",JOLCA
Despensa,Aperitivos y frutos secos,Aceitunas Rellenas Anchoa Cantábrico Lata 150 Gr,"15,93 € / 1 Kg","2,39 €",JOLCA
Despensa,Aperitivos y frutos secos,Mega Mix Snacks Bolsa 140 Gr,"7,86 € / 1 Kg","1,10 €",CONSUM
Despensa,Aperitivos y frutos secos,Conos de Maíz Sabor Queso-Bacon 80 Gr,"8,13 € / 1 Kg","0,65 €",CONSUM
Despensa,Aperitivos y frutos secos,Patatas Fritas Lisas Bolsa Papel 300 Gr,"5,83 € / 1 Kg","1,75 €",CONSUM
Despensa,Aperitivos y frutos secos,Patatas Fritas Lisas Ligeras Bolsa 130 Gr,"9,15 € / 1 Kg","1,19 €",CONSUM
Despensa,Aperitivos y frutos secos,Patatas Fritas Onduladas Jamón Bolsa 170 Gr,"7,94 € / 1 Kg","1,35 €",CONSUM
Despensa,Aperitivos y frutos secos,Ruedas de Patata Bolsa 80 Gr,"14,38 € / 1 Kg","1,15 €",CONSUM
Despensa,Aperitivos y frutos secos,Tiras de Maíz Sabor Barbacoa 130 Gr,"5,00 € / 1 Kg","0,65 €",CONSUM
Despensa,Aperitivos y frutos secos,Maíz Crudo Palomitas Bolsa 250 Gr,"3,40 € / 1 Kg","0,85 €",CONSUM
Despensa,Aperitivos y frutos secos,Cacahuetes Fritos Piel Bolsa 250 Gr,"5,20 € / 1 Kg","1,30 €",CONSUM
Despensa,Aperitivos y frutos secos,Cortezas de Cerdo Bolsa 100 Gr,"12,70 € / 1 Kg","1,27 €",CONSUM
Despensa,Aperitivos y frutos secos,Piñones Caja 40 Gr,"7,38 € / 100 Gr","2,95 €",CONSUM
Despensa,Aperitivos y frutos secos,Pepinillos Finos Vinagre Frasco 230 Gr,"5,43 € / 1 Kg","1,25 €",CONSUM
Despensa,Aperitivos y frutos secos,Pepinillos Finos Sabor Anchoa Frasco 230 Gr,"6,04 € / 1 Kg","1,39 €",CONSUM
Despensa,Aperitivos y frutos secos,Cocktail Aceitunas y Pepinillos Frasco 500 Gr,"5,78 € / 1 Kg","2,89 €",CONSUM
Despensa,Aperitivos y frutos secos,Banderillas Dulces Frasco 215 Gr,"9,72 € / 1 Kg","2,09 €",CONSUM
Despensa,Aperitivos y frutos secos,Banderillas Picantes Frasco 215 Gr,"9,72 € / 1 Kg","2,09 €",CONSUM
Despensa,Aperitivos y frutos secos,Garbanzos Tostados Bolsa 125 Gr,"10,32 € / 1 Kg","1,29 €",CONSUM
Despensa,Aperitivos y frutos secos,Anacardos Fritos Doypack 200 Gr,"12,95 € / 1 Kg","2,59 €",CONSUM
Despensa,Aperitivos y frutos secos,Avellanas Tostadas Bolsa 200 Gr,"16,45 € / 1 Kg","3,29 €",CONSUM
Despensa,Aperitivos y frutos secos,Aperitivo de Maíz Gustosines Sal Bolsa 96 Gr,"19,69 € / 1 Kg","1,89 €",CHEETOS
Despensa,Aperitivos y frutos secos,Aceitunas Gazpachas Partidas Frasco 500 Gr,"5,30 € / 1 Kg","2,65 €",CONSUM
Despensa,Aperitivos y frutos secos,Dracos Snack de Maíz Sabor Queso-Bacón 80 Gr,"14,88 € / 1 Kg","1,19 €",CONSUM
Despensa,Aperitivos y frutos secos,Guindillas Vascas en Vinagre Frasco 130 Gr,"32,69 € / 1 Kg","4,25 €",GUIPUZCOANA
Despensa,Aperitivos y frutos secos,Pepinillos Estilo Alemán Frasco 880 Gr,"4,88 € / 1 Kg","4,29 €",ORZECH
Despensa,Aperitivos y frutos secos,Nuez Cascara Bolsa 600 Gr,"5,42 € / 1 Kg","3,25 €",CONSUM
Despensa,Aperitivos y frutos secos,Patatas Fritas Lisas Bolsa 210 Gr,"6,43 € / 1 Kg","1,35 €",CONSUM
Despensa,Aperitivos y frutos secos,Patatas Fritas Onduladas Bolsa 210 Gr,"6,43 € / 1 Kg","1,35 €",CONSUM
Despensa,Aperitivos y frutos secos,Almendras con Piel Tostadas Sal Bolsa 200 Gr,"14,95 € / 1 Kg","2,99 €",CONSUM
Despensa,Aperitivos y frutos secos,Pipas G con Sal Bolsa 165 Gr,"9,39 € / 1 Kg","1,55 €",GREFUSA
Despensa,Aperitivos y frutos secos,Almendras Repeladas Fritas Bolsa 200 Gr,"14,25 € / 1 Kg","2,85 €",CONSUM
Despensa,Aperitivos y frutos secos,Habas Fritas Bolsa 100 Gr,"12,90 € / 1 Kg","1,29 €",CONSUM
Despensa,Aperitivos y frutos secos,Aceituna Pelotín Sabor Anchoa 250 Gr,"10,36 € / 1 Kg","2,59 €",BERNAL
Despensa,Aperitivos y frutos secos,Cebolla Roja 500 Gr,"6,98 € / 1 Kg","3,49 €",CORBI
Despensa,Aperitivos y frutos secos,Patatas Fritas Lisas Bolsa 140 Gr,"10,36 € / 1 Kg","1,45 €",DUSO
Despensa,Aperitivos y frutos secos,Patatas Fritas Lisas Bolsa 300 Gr,"8,97 € / 1 Kg","2,69 €",DUSO
Despensa,Aperitivos y frutos secos,Alcaparras en Vinagre Tarro 80 Gr,"16,25 € / 1 Kg","1,30 €",CONSUM
Despensa,Aperitivos y frutos secos,Cacahuetes con Miel Paquete 150 Gr,"9,00 € / 1 Kg","1,35 €",CONSUM
Despensa,Aperitivos y frutos secos,Aceitunas Manzanilla con Hueso Bolsa 100 Gr,"9,00 € / 1 Kg","0,90 €",JOLCA
Despensa,Aperitivos y frutos secos,Patatas Fritas Lisas Caseras Bolsa Papel 250 Gr,"10,60 € / 1 Kg","2,65 €",VIDAL
Despensa,Aperitivos y frutos secos,Aceitunas Manzanilla con Hueso en Frasco 500 Gr,"5,18 € / 1 Kg","2,59 €",CONSUM
Despensa,Aperitivos y frutos secos,Galletas Saladas Bacón Paquete 100 Gr,"14,90 € / 1 Kg","1,49 €",LU
Despensa,Aperitivos y frutos secos,Pepinillos Agridulces Frasco 230 Gr,"7,35 € / 1 Kg","1,69 €",CONSUM
Despensa,Aperitivos y frutos secos,Guindillas en Vinagre Frasco 160 Gr,"8,06 € / 1 Kg","1,29 €",CONSUM
Despensa,Aperitivos y frutos secos,Cóctel Frutos Secos Clásico Bolsa 175 Gr,"12,51 € / 1 Kg","2,19 €",CONSUM
Despensa,Aperitivos y frutos secos,Aceitunas Manzanilla sin Hueso en Frasco 400 Gr,"6,48 € / 1 Kg","2,59 €",CONSUM
Despensa,Aperitivos y frutos secos,Palomitas Microondas Saladas Pack de 3 3 x 100 Gr,"8,17 € / 1 Kg","2,45 €",POPITAS
Despensa,Aperitivos y frutos secos,Picadillo de Encurtidos Frasco 200 Gr,"6,75 € / 1 Kg","1,35 €",CONSUM
Despensa,Aperitivos y frutos secos,Pipas Calabaza Tostadas Sal Bolsa 125 Gr,"12,40 € / 1 Kg","1,55 €",CONSUM
Despensa,Aperitivos y frutos secos,Aceitunas Manzanilla Sabor Anchoa con Hueso 500 Gr,"6,10 € / 1 Kg","3,05 €",CONSUM
Despensa,Aperitivos y frutos secos,Palomitas Mantequilla Bolsa 90 Gr,"9,44 € / 1 Kg","0,85 €",CONSUM KIDS
Despensa,Aperitivos y frutos secos,Patatas Fritas Sin Sal Añadida Bolsa 130 Gr,"9,92 € / 1 Kg","1,29 €",CONSUM
Despensa,Aperitivos y frutos secos,Aros de Maíz Kaskys Bolsa 120 Gr,"9,08 € / 1 Kg","1,09 €",TOSFRIT
Despensa,Aperitivos y frutos secos,Selección Frutos Secos y Snacks Mix5 XL 300 Gr,"9,50 € / 1 Kg","2,85 €",MISTERCORN
Despensa,Aperitivos y frutos secos,Galleta Salada Bote 350 Gr,"3,71 € / 1 Kg","1,30 €",CONSUM
Despensa,Aperitivos y frutos secos,Almendra Repelada Cruda 150 Gr,"12,60 € / 1 Kg","1,89 €",CONSUM
Despensa,Aperitivos y frutos secos,Patatas Fritas Lisas Campesinas Ahorro 250 Gr,"12,36 € / 1 Kg","3,09 €",LAY'S
Despensa,Aperitivos y frutos secos,Palitos de Patatas Bolsa 75 Gr,"11,33 € / 1 Kg","0,85 €",CONSUM
Despensa,Aperitivos y frutos secos,Maíz Gigante Frito Bolsa 250 Gr,"9,00 € / 1 Kg","2,25 €",CONSUM
Despensa,Aperitivos y frutos secos,Cortezas Morro-Torrezno Bolsa 150 Gr,"13,67 € / 1 Kg","2,05 €",CONSUM
Despensa,Aperitivos y frutos secos,Aceitunas Rellenas de Anchoas Lata 600 Gr,"7,25 € / 1 Kg","4,35 €",CONSUM
Despensa,Aperitivos y frutos secos,Cocktail Cuatro Variantes en Vinagre Frasco 225 Gr,"6,44 € / 1 Kg","1,45 €",CONSUM
Despensa,Aperitivos y frutos secos,Maíz Gigante Frito Barbacoa Bolsa 100 Gr,"11,50 € / 1 Kg","1,15 €",CONSUM
Despensa,Aperitivos y frutos secos,Cocktail Aceituna Verde Negra-Cebollita-Pepinillo 185 Gr,"10,76 € / 1 Kg","1,99 €",JOLCA
Despensa,Aperitivos y frutos secos,Galletas Saladas Cracker Caja 200 Gr,"13,75 € / 1 Kg","2,75 €",RITZ
Despensa,Aperitivos y frutos secos,Coctel Frutos Secos Cáscara Bolsa 250 Gr,"7,00 € / 1 Kg","1,75 €",CONSUM
Despensa,Aperitivos y frutos secos,Aceitunas Sabor Anchoa con Hueso en Lata 185 Gr,"11,30 € / 1 Kg","2,09 €",JOLCA
Despensa,Aperitivos y frutos secos,Aceituna Manzanilla Frasco 420 Gr,"11,17 € / 1 Kg","4,69 €",JOLCA
Despensa,Aperitivos y frutos secos,Cóctel Frutos Secos Especial Premiun 100 Gr,"19,90 € / 1 Kg","1,99 €",CONSUM
Despensa,Aperitivos y frutos secos,Aceituna con Guindilla Picante 150 Gr,"19,93 € / 1 Kg","2,99 €",KIMBO
Despensa,Aperitivos y frutos secos,Piñones Pelados Tarro 45 Gr,"11,09 € / 100 Gr","4,99 €",SABATER
Despensa,Aperitivos y frutos secos,Aceitunas Rellenas Jalapeños Lata 130 Gr,"15,77 € / 1 Kg","2,05 €",JOLCA
Despensa,Aperitivos y frutos secos,Avellana Cáscara Granel,"7,60 € / 1 Kg","7,60 €",
Despensa,Aperitivos y frutos secos,Aceitunas Gordal con Hueso en Frasco 475 Gr,"8,82 € / 1 Kg","4,19 €",CONSUM
Despensa,Aperitivos y frutos secos,Alcaparrones en Vinagre Frasco 150 Gr,"13,87 € / 1 Kg","2,08 €",CONSUM
Despensa,Aperitivos y frutos secos,Aceitunas Gordal Picante con Hueso en Frasco 475 Gr,"8,82 € / 1 Kg","4,19 €",CONSUM
Despensa,Aperitivos y frutos secos,Aceitunas Cocktail Imperial Tarro 360 Gr,"13,58 € / 1 Kg","4,89 €",JOLCA
Despensa,Aperitivos y frutos secos,Cebollitas Sabor Anchoa Tarro 200 Gr,"7,95 € / 1 Kg","1,59 €",CONSUM
Despensa,Aperitivos y frutos secos,Pimiento en Salmuera Pet 425 Gr,"6,55 € / 1 Kg","2,75 €",CORBI
Despensa,Aperitivos y frutos secos,Banderillas Picantes Aceite y Sabor Anchoa 120 Gr,"22,08 € / 1 Kg","2,65 €",KIMBO
Despensa,Aperitivos y frutos secos,Aceituna Gordal Picante sin Hueso Lata 150 Gr,"15,93 € / 1 Kg","2,39 €",BERNAL
Despensa,Aperitivos y frutos secos,Pipa Calabaza Pelada Tostada Paquete 150 Gr,"15,00 € / 1 Kg","2,25 €",CONSUM
Despensa,Aperitivos y frutos secos,Cacahuete Garrapiñado Doypack 130 Gr,"9,15 € / 1 Kg","1,19 €",PRUNITA
Despensa,Aperitivos y frutos secos,Almendra con Cáscara Tostada Bolsa 250 Gr,"13,00 € / 1 Kg","3,25 €",
Despensa,Aperitivos y frutos secos,Pepinillo Agridulce Bote 400 Gr,"5,23 € / 1 Kg","2,09 €",BERNAL
Despensa,Aperitivos y frutos secos,Tortilla Nachips Bolsa 185 Gr,"14,86 € / 1 Kg","2,75 €",OLD EL PASO
Despensa,Aperitivos y frutos secos,Patatas Fritas Flor de Sal con Hierbas Aromáticas 150 Gr,"13,27 € / 1 Kg","1,99 €",CONSUM
Despensa,Aperitivos y frutos secos,Chips de Maíz y Chía con Sal Marina Mios! 150 Gr,"12,67 € / 1 Kg","1,90 €",RISI
Despensa,Aperitivos y frutos secos,Snack de Maíz con Sabor a Mantequilla 100 Gr,"13,00 € / 1 Kg","1,30 €",JUMPERS
Despensa,Aperitivos y frutos secos,Aceitunas Rellenas de Anchoa Suaves 130 Gr,"14,54 € / 1 Kg","1,89 €",JOLCA
Despensa,Aperitivos y frutos secos,Mango Deshidratado Doypack 90 Gr,"21,22 € / 1 Kg","1,91 €",PRUNITA
Despensa,Aperitivos y frutos secos,Coquitos Grano Bolsa 150 Gr,"15,00 € / 1 Kg","2,25 €",CONSUM
Despensa,Aperitivos y frutos secos,Cocktail Frutos Secos Top 5 170 Gr,"14,71 € / 1 Kg","2,50 €",FRIT RAVICH
Despensa,Aperitivos y frutos secos,Snack Multicereales al Toque de Sal Marina 95 Gr,"23,05 € / 1 Kg","2,19 €",SUNBITES
Despensa,Aperitivos y frutos secos,Almendra Cáscara Blanda Cruda Granel,"9,60 € / 1 Kg","9,60 €",
Despensa,Aperitivos y frutos secos,Pipas Oro Bolsa 150 Gr,"12,00 € / 1 Kg","1,80 €",EL MANISERO
Despensa,Aperitivos y frutos secos,Patata Frita Viruta más Ketchup Tarrina 175 Gr,"12,57 € / 1 Kg","2,20 €",ARGENTE
Despensa,Aperitivos y frutos secos,Mix Sabores de América Bolsa 180 Gr,"13,28 € / 1 Kg","2,39 €",MISTERCORN
Despensa,Aperitivos y frutos secos,Aceitunas Negras Sin Hueso Cacereña 3 x 50 Gr,"21,00 € / 1 Kg","3,15 €",JOLCA
Despensa,Aperitivos y frutos secos,Manzana Deshidratada Roja Bolsa 20 Gr,"4,25 € / 100 Gr","0,85 €",FRUBIS
Despensa,Aperitivos y frutos secos,Frutos Secos y Frutas Arándanos y Cerezas 120 Gr,"22,08 € / 1 Kg","2,65 €",SNATT'S
Despensa,Aperitivos y frutos secos,Frutos Secos y Frutas Piña y Papaya 120 Gr,"22,08 € / 1 Kg","2,65 €",SNATT'S
Despensa,Aperitivos y frutos secos,Pistacho con Cáscara Crudo Bolsa 150 Gr,"16,60 € / 1 Kg","2,49 €",CONSUM
Despensa,Aperitivos y frutos secos,Aceitunas Negras en Rodajas Tarro 110 Gr,"17,73 € / 1 Kg","1,95 €",JOLCA
Despensa,Aperitivos y frutos secos,Nachos con Chia Paquete 130 Gr,"10,77 € / 1 Kg","1,40 €",ZANUY
Despensa,Aperitivos y frutos secos,Aceituna Partida de la Abuela Antequera 550 Gr,"6,82 € / 1 Kg","3,75 €",CHICÓN
Despensa,Aperitivos y frutos secos,Conos de Maíz 3D's Sabor Queso 100 Gr,"18,90 € / 1 Kg","1,89 €",MATUTANO
Despensa,Aperitivos y frutos secos,Mix Familiar 500 Gr,"5,10 € / 1 Kg","2,55 €",CONSUM
Despensa,Aperitivos y frutos secos,Pan de Gambas Bolsa 80 Gr,"18,13 € / 1 Kg","1,45 €",ESCRIVA
Despensa,Aperitivos y frutos secos,Nachos de Maíz Fritos Sabor Natural 300 Gr,"8,83 € / 1 Kg","2,65 €",MEXIFOODS
Despensa,Aperitivos y frutos secos,Picoteo Surtido de Snacks 90 Gr,"12,78 € / 1 Kg","1,15 €",TOSFRIT
Despensa,Aperitivos y frutos secos,Tuc Crackers Pack de 2 x 100 Gr,"11,25 € / 1 Kg","2,25 €",LU
Despensa,Aperitivos y frutos secos,Pistacho Tostado Bolsa 130 Gr,"26,08 € / 1 Kg","3,39 €",PIZARRO
Despensa,Aperitivos y frutos secos,Patatas Fritas Receta Original 250 Gr,"9,40 € / 1 Kg","2,35 €",VIDAL
Despensa,Aperitivos y frutos secos,Ajos Aliñados Frasco 220 Gr,"10,45 € / 1 Kg","2,30 €",CONSUM
Despensa,Aperitivos y frutos secos,Maíz Mistercorn Maxi Ahorro Bolsa 285 Gr,"10,00 € / 1 Kg","2,85 €",MISTERCORN
Despensa,Aperitivos y frutos secos,Aceituna Rellena Limón 130 Gr,"15,31 € / 1 Kg","1,99 €",JOLCA
Despensa,Aperitivos y frutos secos,Aceituna Gordal sin Hueso Aliñada 360 Gr,"13,86 € / 1 Kg","4,99 €",JOLCA
Despensa,Aperitivos y frutos secos,Patatas Fritas Sal al Horno 150 Gr,"15,93 € / 1 Kg","2,39 €",LAY'S
Despensa,Aperitivos y frutos secos,Cóctel Picante Bote 235 Gr,"9,35 € / 1 Kg","2,15 €",CORBI
Despensa,Aperitivos y frutos secos,Mix Barbacoa Bolsa 195 Gr,"10,00 € / 1 Kg","1,95 €",MISTERCORN
Despensa,Aperitivos y frutos secos,Mix Picante Bolsa 195 Gr,"10,00 € / 1 Kg","1,95 €",MISTERCORN
Despensa,Aperitivos y frutos secos,Mix de Encurtidos Pepinillos y Cebollas 380 Gr,"5,13 € / 1 Kg","1,95 €",RIOVERDE
Despensa,Aperitivos y frutos secos,Cóctel Salseo Bolsa 200 Gr,"10,95 € / 1 Kg","2,19 €",CONSUM
Despensa,Aperitivos y frutos secos,Pipas Tostadas sin Sal Bolsa 175 Gr,"7,37 € / 1 Kg","1,29 €",CONSUM
Despensa,Aperitivos y frutos secos,Snack Papadelta Sabor Jamón Bolsa 73 Gr,"23,15 € / 1 Kg","1,69 €",GREFUSA
Despensa,Aperitivos y frutos secos,Snack Gublins Sabor Barbacoa Bolsa 135 Gr,"12,52 € / 1 Kg","1,69 €",GREFUSA
Despensa,Aperitivos y frutos secos,Snack Boom Tijuana Bolsa 85 Gr,"19,88 € / 1 Kg","1,69 €",GREFUSA
Despensa,Aperitivos y frutos secos,Anacardos Crudos Bolsa 150 Gr,"11,67 € / 1 Kg","1,75 €",CONSUM
Despensa,Aperitivos y frutos secos,Patata Delicatessen Bolsa 120 Gr,"11,58 € / 1 Kg","1,39 €",ARGENTE
Despensa,Aperitivos y frutos secos,Pipas Piponazo Original Bolsa 119 Gr,"15,55 € / 1 Kg","1,85 €",GREFUSA
Despensa,Aperitivos y frutos secos,Cóctel Frutos Secos sin Sal 170 Gr,"12,88 € / 1 Kg","2,19 €",CONSUM
Despensa,Aperitivos y frutos secos,Patatas Fritas Onduladas Bolsa 160 Gr,"11,81 € / 1 Kg","1,89 €",RUFFLES
Despensa,Aperitivos y frutos secos,Aceituna Pimiento Asado Lata 150 Gr,"11,00 € / 1 Kg","1,65 €",CONSUM
Despensa,Aperitivos y frutos secos,Pipas Gigantes Tostadas Aguasal en Bolsa 200 Gr,"6,00 € / 1 Kg","1,20 €",CONSUM
Despensa,Aperitivos y frutos secos,Pipas Peladas Fritas Bolsa 150 Gr,"5,67 € / 1 Kg","0,85 €",CONSUM
Despensa,Aperitivos y frutos secos,Palomitas Microondas Pack de 3 3 x 100 Gr,"8,17 € / 1 Kg","2,45 €",POPITAS
Despensa,Aperitivos y frutos secos,Aceituna Rellena Anchoa Baja en Sal en Lata 150 Gr,"9,33 € / 1 Kg","1,40 €",CONSUM
Despensa,Aperitivos y frutos secos,Pipas Gigantes Tostadas con Sal Bolsa 200 Gr,"6,00 € / 1 Kg","1,20 €",CONSUM
Despensa,Aperitivos y frutos secos,Aceituna Verde Rodajas Bote 110 Gr,"12,64 € / 1 Kg","1,39 €",CONSUM
Despensa,Aperitivos y frutos secos,Berenjena Troceada Vidrio 300 Gr,"9,97 € / 1 Kg","2,99 €",ANTONIO
Despensa,Aperitivos y frutos secos,Triángulos de Maíz Sabor Chili Bolsa 140 Gr,"14,21 € / 1 Kg","1,99 €",DORITOS
Despensa,Aperitivos y frutos secos,Triángulos de Maíz Sabor Tex-Mex Bolsa 140 Gr,"14,21 € / 1 Kg","1,99 €",DORITOS
Despensa,Aperitivos y frutos secos,Triángulos de Maíz Sabor Tex-Mex Ahorro 260 Gr,"13,27 € / 1 Kg","3,45 €",DORITOS
Despensa,Aperitivos y frutos secos,Mix Cocktail Bolsa 100 Gr,"13,00 € / 1 Kg","1,30 €",JUMPERS
Despensa,Aperitivos y frutos secos,Avellana Natural Piel DoyPack 200 Gr,"13,50 € / 1 Kg","2,70 €",CONSUM
Despensa,Aperitivos y frutos secos,Cacahuete Repelado Frito Paquete 250 Gr,"4,20 € / 1 Kg","1,05 €",CONSUM
Despensa,Aperitivos y frutos secos,Patatas Fritas Burguer Bolsa 95 Gr,"16,84 € / 1 Kg","1,60 €",VIDAL
Despensa,Aperitivos y frutos secos,Almendra Natural piel Doy Pack 200 Gr,"10,25 € / 1 Kg","2,05 €",CONSUM
Despensa,Aperitivos y frutos secos,Nuez Grano Doypack 200 Gr,"10,75 € / 1 Kg","2,15 €",CONSUM
Despensa,Aperitivos y frutos secos,Aceituna Rellena Sabor Vermut 150 Gr,"15,93 € / 1 Kg","2,39 €",JOLCA
Despensa,Aperitivos y frutos secos,Palomitas Microondas Sal Bolsa 3 x 90 Gr,"4,07 € / 1 Kg","1,10 €",CONSUM
Despensa,Aperitivos y frutos secos,Palomitas Microondas Mantequilla Bolsa 3 x 90 Gr,"5,00 € / 1 Kg","1,35 €",CONSUM
Despensa,Aperitivos y frutos secos,Palomitas Microondas Dulces Bolsa 3 x 90 Gr,"6,30 € / 1 Kg","1,70 €",CONSUM
Despensa,Aperitivos y frutos secos,Pasas Moscatel Doypack 300 Gr,"7,33 € / 1 Kg","2,20 €",CONSUM
Despensa,Aperitivos y frutos secos,Pasas Sultanas Doypack 300 Gr,"5,97 € / 1 Kg","1,79 €",CONSUM
Despensa,Aperitivos y frutos secos,Orejón Albaricoque Desecado doypack 200 Gr,"14,25 € / 1 Kg","2,85 €",CONSUM
Despensa,Aperitivos y frutos secos,Arándano Desecado Doypack 200 Gr,"13,25 € / 1 Kg","2,65 €",CONSUM
Despensa,Aperitivos y frutos secos,Nuez Macadamia Natural Doypack 100 Gr,"29,00 € / 1 Kg","2,90 €",CONSUM
Despensa,Aperitivos y frutos secos,Nuez Pecana Doypack 150 Gr,"17,93 € / 1 Kg","2,69 €",CONSUM
Despensa,Aperitivos y frutos secos,Pipa Pelada Natural Bolsa 150 Gr,"6,00 € / 1 Kg","0,90 €",CONSUM
Despensa,Aperitivos y frutos secos,Cebollitas Rojas Agridulces 200 Gr,"6,25 € / 1 Kg","1,25 €",CONSUM
Despensa,Aperitivos y frutos secos,Aceituna Estilo Casero Bote 500 Gr,"5,70 € / 1 Kg","2,85 €",CONSUM
Despensa,Aperitivos y frutos secos,Dátil sin Hueso Doypack 300 Gr,"6,83 € / 1 Kg","2,05 €",CONSUM
Despensa,Aperitivos y frutos secos,Patatas Fritas Onduladas Yorqueso Bolsa 150 Gr,"13,27 € / 1 Kg","1,99 €",RUFFLES
Despensa,Aperitivos y frutos secos,Patatas Campesinas Bolsa 150 Gr,"13,27 € / 1 Kg","1,99 €",LAY'S
Despensa,Aperitivos y frutos secos,Patatas Vinagreta Bolsa 150 Gr,"13,27 € / 1 Kg","1,99 €",LAY'S
Despensa,Aperitivos y frutos secos,Aceituna Natural Frasco 400 Gr,"6,63 € / 1 Kg","2,65 €",CORBI
Despensa,Aperitivos y frutos secos,Aceitunas Sin Hueso Aliñadas 325 Gr,"10,12 € / 1 Kg","3,29 €",CORBI
Despensa,Aperitivos y frutos secos,Aceitunas Chupadedos Frasco 400 Gr,"5,98 € / 1 Kg","2,39 €",CORBI
Despensa,Aperitivos y frutos secos,Aceituna Con Hueso Mojo Picón 400 Gr,"6,63 € / 1 Kg","2,65 €",CORBI
Despensa,Aperitivos y frutos secos,Aceituna de Sosa Frasco 400 Gr,"6,63 € / 1 Kg","2,65 €",CORBI
Despensa,Aperitivos y frutos secos,Cóctel Mediterráneo Frasco 400 Gr,"6,63 € / 1 Kg","2,65 €",CORBI
Despensa,Aperitivos y frutos secos,Natuchips Tomate Queso y Orégano 85 Gr,"23,41 € / 1 Kg","1,99 €",SNATT'S
Despensa,Aperitivos y frutos secos,Nachos de Maíz Tex Mex Bolsa 150 Gr,"6,33 € / 1 Kg","0,95 €",CONSUM
Despensa,Aperitivos y frutos secos,Pistachos Tostados Paquete 300 Gr,"13,30 € / 1 Kg","3,99 €",CONSUM
Despensa,Aperitivos y frutos secos,Cóctel Ensalada Crudo Doypack 150 Gr,"11,67 € / 1 Kg","1,75 €",CONSUM
Despensa,Aperitivos y frutos secos,Cóctel Mix Crudo Natural Doypack 150 Gr,"13,27 € / 1 Kg","1,99 €",CONSUM
Despensa,Aperitivos y frutos secos,Torreznos Adobados Bolsa 150 Gr,"15,33 € / 1 Kg","2,30 €",CONSUM
Despensa,Aperitivos y frutos secos,Nuez Grano Nacional Bolsa 120 Gr,"18,25 € / 1 Kg","2,19 €",LA NOGUERA
Despensa,Aperitivos y frutos secos,Pepinillos Laminados Agridulces 290 Gr,"6,86 € / 1 Kg","1,99 €",RIOVERDE
Despensa,Aperitivos y frutos secos,Pistachos Tostados Sin Cáscara y Sin Sal 100 Gr,"28,90 € / 1 Kg","2,89 €",CONSUM
Despensa,Aperitivos y frutos secos,Cocktail Snacks de Maíz Bolsa 225 Gr,"8,00 € / 1 Kg","1,80 €",ASPIL
Despensa,Aperitivos y frutos secos,Patatas Fritas Lisas al Punto de Sal 195 Gr,"10,21 € / 1 Kg","1,99 €",LAY'S
Despensa,Aperitivos y frutos secos,Patatas Fritas Lisas Punto de Sal Pack Ahorro 265 Gr,"9,40 € / 1 Kg","2,49 €",LAY'S
Despensa,Aperitivos y frutos secos,Snack de Patata Pom-Bear 80 Gr,"21,13 € / 1 Kg","1,69 €",GREFUSA
Despensa,Aperitivos y frutos secos,Patatas Horno Sabor Campesina 130 Gr,"18,38 € / 1 Kg","2,39 €",LAY'S
Despensa,Aperitivos y frutos secos,Cheetos Sticks Palitos Bolsa 96 Gr,"19,69 € / 1 Kg","1,89 €",CHEETOS
Despensa,Aperitivos y frutos secos,Galletas Saladas Mini Mix 350 Gr,"6,14 € / 1 Kg","2,15 €",GULLON
Despensa,Aperitivos y frutos secos,Cheetos Rizos Bolsa 100 Gr,"18,90 € / 1 Kg","1,89 €",CHEETOS
Despensa,Aperitivos y frutos secos,Nachos Mexican Bolsa 150 Gr,"6,33 € / 1 Kg","0,95 €",CONSUM
Despensa,Aperitivos y frutos secos,Patatas Churrería Bolsa 150 Gr,"7,33 € / 1 Kg","1,10 €",CONSUM
Despensa,Aperitivos y frutos secos,Nachos Blancos Bolsa 150 Gr,"6,00 € / 1 Kg","0,90 €",CONSUM
Despensa,Aperitivos y frutos secos,Doritos Dippas Bolsa 150 Gr,"13,27 € / 1 Kg","1,99 €",DORITOS
Despensa,Aperitivos y frutos secos,Snack Gublins XL Sabor Queso Bolsa 124 Gr,"13,63 € / 1 Kg","1,69 €",GREFUSA
Despensa,Aperitivos y frutos secos,Patatas Fritas Onduladas Pack Económico 265 Gr,"10,91 € / 1 Kg","2,89 €",RUFFLES
Despensa,Aperitivos y frutos secos,Triskys Aros de Maíz 135 Gr,"11,48 € / 1 Kg","1,55 €",RISI
Despensa,Aperitivos y frutos secos,Risketos Sabor Queso 135 Gr,"11,85 € / 1 Kg","1,60 €",RISI
Despensa,Aperitivos y frutos secos,Grefutubo Grefusitos de Maíz 95 Gr,"14,74 € / 1 Kg","1,40 €",GREFUSA
Despensa,Aperitivos y frutos secos,Palomitas de Mantequilla Bolsa 105 Gr,"14,29 € / 1 Kg","1,50 €",RISI
Despensa,Aperitivos y frutos secos,Cacahuete a la Miel y Sal Bolsa 90 Gr,"20,56 € / 1 Kg","1,85 €",EAGLE
Despensa,Aperitivos y frutos secos,Palomitas Microondas Zero Pack de 3 3 x 70 Gr,"11,67 € / 1 Kg","2,45 €",POPITAS
Despensa,Aperitivos y frutos secos,Palomitas de Chocolate Bolsa 100 Gr,"13,00 € / 1 Kg","1,30 €",RISI
Despensa,Aperitivos y frutos secos,Almendra Tostada Sin Sal Bolsa 200 Gr,"14,95 € / 1 Kg","2,99 €",CONSUM
Despensa,Aperitivos y frutos secos,Patatas Fritas Gourmet Bolsa 150 Gr,"11,93 € / 1 Kg","1,79 €",LOLITA
Despensa,Aperitivos y frutos secos,Pistacho Tostado con Cáscara y sin Sal 250 Gr,"13,40 € / 1 Kg","3,35 €",CONSUM
Despensa,Aperitivos y frutos secos,Cacahuete Tostado Sin Sal Bolsa 200 Gr,"6,25 € / 1 Kg","1,25 €",CONSUM
Despensa,Aperitivos y frutos secos,Pipas Piponazo Gourmet Bolsa 105 Gr,"18,57 € / 1 Kg","1,95 €",GREFUSA
Despensa,Aperitivos y frutos secos,Bolitas Maíz MatchBall Sabor Queso 105 Gr,"12,95 € / 1 Kg","1,36 €",RISI
Despensa,Aperitivos y frutos secos,Patatas Fritas Churrería Pack Económico 290 Gr,"10,31 € / 1 Kg","2,99 €",SANTA ANA
Despensa,Aperitivos y frutos secos,Snatt's Guisante Queso y Eneldo 95 Gr,"20,95 € / 1 Kg","1,99 €",SNATTS
Despensa,Aperitivos y frutos secos,Snatt's Guisante Campesina 95 Gr,"20,95 € / 1 Kg","1,99 €",SNATTS
Despensa,Aperitivos y frutos secos,Aceitunas Rellenas de Boquerón Lata 130 Gr,"19,62 € / 1 Kg","2,55 €",LA ESPAÑOLA
Despensa,Aperitivos y frutos secos,Aceitunas Empeltre Bote 210 Gr,"11,86 € / 1 Kg","2,49 €",BLAI PERIS
Despensa,Aperitivos y frutos secos,Aceituna Verdial Gazpachada 400 Gr,"9,98 € / 1 Kg","3,99 €",JOLCA
Despensa,Aperitivos y frutos secos,Patatas Fritas Extra Crujientes Aceite Girasol 180 Gr,"8,33 € / 1 Kg","1,50 €",CONSUM
Despensa,Aperitivos y frutos secos,Patatas Extra Crujientes Aceite Oliva Bolsa 130 Gr,"15,31 € / 1 Kg","1,99 €",CONSUM
Despensa,Aperitivos y frutos secos,Lote Lay's Gourmet 2 x 170 Gr,"12,32 € / 1 Kg","4,19 €",LAY'S
Despensa,Aperitivos y frutos secos,Aceituna Aloreña Partida Aliño al Natural 400 Gr,"9,98 € / 1 Kg","3,99 €",JOLCA
Despensa,Aperitivos y frutos secos,Mix Edamame Soja Doypack 100 Gr,"13,00 € / 1 Kg","1,30 €",MEDINA
Despensa,Aperitivos y frutos secos,Nuez Cáscara Nacional Malla 500 Gr,"6,18 € / 1 Kg","3,09 €",CONSUM
Despensa,Aperitivos y frutos secos,Patatas Ketchup Bolsa 150 Gr,"13,27 € / 1 Kg","1,99 €",RUFFLES
Despensa,Aperitivos y frutos secos,Pipas G Maxi Bolsa 260 Gr,"8,46 € / 1 Kg","2,20 €",GREFUSA
Despensa,Aperitivos y frutos secos,Patatas Fritas Onduladas Sabor Jamón 150 Gr,"13,27 € / 1 Kg","1,99 €",RUFFLES
Despensa,Aperitivos y frutos secos,Nuez Grano Miel y Sal Doy Pack 120 Gr,"24,08 € / 1 Kg","2,89 €",BORGES
Despensa,Aperitivos y frutos secos,Nuez Grano Bolsa 300 Gr,"9,97 € / 1 Kg","2,99 €",BORGES
Despensa,"Arroz, pastas, legumbres",Penne Rigate Caja 500 Gr,"3,58 € / 1 Kg","1,79 €",BARILLA
Despensa,"Arroz, pastas, legumbres",Spaghetti Caja 500 Gr,"3,58 € / 1 Kg","1,79 €",BARILLA
Despensa,"Arroz, pastas, legumbres",Lenteja Cocida Pardina Frasco 400 Gr,"2,88 € / 1 Kg","1,35 €
1,15 €",LUENGO
Despensa,"Arroz, pastas, legumbres",Garbanzo Cocido Frasco 400 Gr,"2,88 € / 1 Kg","1,35 €
1,15 €",LUENGO
Despensa,"Arroz, pastas, legumbres",Alubia Blanca Cocida Frasco 400 Gr,"2,88 € / 1 Kg","1,35 €
1,15 €",LUENGO
Despensa,"Arroz, pastas, legumbres",Arroz Basmati 1 Kg,"2,44 € / 1 Kg","2,54 €
2,44 €",CONSUM
Despensa,"Arroz, pastas, legumbres",Masa de Empanada Rectangular 280 Gr,"8,75 € / 1 Kg","2,89 €
2,45 €",BUITONI
Despensa,"Arroz, pastas, legumbres",Arroz Bomba 1 Kg,"4,95 € / 1 Kg","5,79 €
4,95 €",LA FALLERA
Despensa,"Arroz, pastas, legumbres",Pasta Fresca Rellena de Ternera con Verduras 250 Gr,"10,76 € / 1 Kg","3,29 €
2,69 €",RANA
Despensa,"Arroz, pastas, legumbres",Macarrones Paquete 1 Kg,"1,30 € / 1 Kg","1,35 €
1,30 €",CONSUM
Despensa,"Arroz, pastas, legumbres",Spaghetti Paquete 1 Kg,"1,30 € / 1 Kg","1,35 €
1,30 €",CONSUM
Despensa,"Arroz, pastas, legumbres",Pasta Fresca Rellena 4 Quesos 250 Gr,"10,76 € / 1 Kg","3,29 €
2,69 €",RANA
Despensa,"Arroz, pastas, legumbres",Hélices con Vegetales Pasta Fina 400 Gr,"3,38 € / 1 Kg","1,70 €
1,35 €",GALLO
Despensa,"Arroz, pastas, legumbres",Arroz Especial Paella D.O. Valencia Paquete 1 Kg,"1,99 € / 1 Kg","2,39 €
1,99 €",LA FALLERA
Despensa,"Arroz, pastas, legumbres",Pasta Fresca Rellena de Pollo Asado 250 Gr,"10,76 € / 1 Kg","3,29 €
2,69 €",RANA
Despensa,"Arroz, pastas, legumbres",Masa de Pizza Finíssima Maxi 350 Gr,"7,69 € / 1 Kg","3,15 €
2,69 €",BUITONI
Despensa,"Arroz, pastas, legumbres",Pasta Fresca Rellena de Atún y Tomate 250 Gr,"10,76 € / 1 Kg","3,29 €
2,69 €",RANA
Despensa,"Arroz, pastas, legumbres",Pasta Fresca Rellena Jamón y Queso 250 Gr,"10,76 € / 1 Kg","3,29 €
2,69 €",RANA
Despensa,"Arroz, pastas, legumbres",Pizza Tartufina Jamón y Salsa de Trufa 430 Gr,"7,71 € / 1 Kg","3,99 €
3,39 €",GUAPIZZIMA
Despensa,"Arroz, pastas, legumbres",Arroz Integral Paquete 1 Kg,"2,01 € / 1 Kg","2,01 €",SOS
Despensa,"Arroz, pastas, legumbres",Plumas Nº 6 Paquete 450 Gr,"3,00 € / 1 Kg","1,35 €",GALLO
Despensa,"Arroz, pastas, legumbres",Pennotti Rigati 450 Gr,"3,76 € / 1 Kg","1,69 €",GALLO
Despensa,"Arroz, pastas, legumbres",Garbanzos Pedrosillano Calidad Extra Frasco 400 Gr,"4,73 € / 1 Kg","1,89 €",GUTARRA
Despensa,"Arroz, pastas, legumbres",Alubias Blancas Baby Calidad Extra Frasco 400 Gr,"4,73 € / 1 Kg","1,89 €",GUTARRA
Despensa,"Arroz, pastas, legumbres",Pizza 9 Formaggi 420 Gr,"8,31 € / 1 Kg","3,99 €
3,49 €",GUAPIZZIMA
Despensa,"Arroz, pastas, legumbres",Oblea 16 Unidades 160 Gr,"6,88 € / 1 Kg","1,10 €",BUITONI
Despensa,"Arroz, pastas, legumbres",Arroz Redondo 1 Kg,"1,63 € / 1 Kg","1,63 €",LA FALLERA
Despensa,"Arroz, pastas, legumbres",Tortellinis con Carne Paquete 250 Gr,"10,28 € / 1 Kg","2,57 €",KNORR
Despensa,"Arroz, pastas, legumbres",Spaghettini al Huevo Paquete 450 Gr,"3,76 € / 1 Kg","1,69 €",GALLO
Despensa,"Arroz, pastas, legumbres",Maccheroni Rayado al Huevo Paquete 450 Gr,"3,76 € / 1 Kg","1,69 €",GALLO
Despensa,"Arroz, pastas, legumbres",Pizza 4 Quesos 390 Gr,"8,18 € / 1 Kg","3,19 €",TARRADELLAS
Despensa,"Arroz, pastas, legumbres",Pizza Jamón y Queso. 405 Gr,"7,88 € / 1 Kg","3,19 €",TARRADELLAS
Despensa,"Arroz, pastas, legumbres",Arroz Redondo Extra D.O. Valencia Paquete 1 Kg,"1,79 € / 1 Kg","1,79 €",DACSA
Despensa,"Arroz, pastas, legumbres",Sémola de Arroz Paquete 500 Gr,"1,98 € / 1 Kg","0,99 €",REX
Despensa,"Arroz, pastas, legumbres",Pizza Mediterránea 410 Gr,"7,78 € / 1 Kg","3,19 €",TARRADELLAS
Despensa,"Arroz, pastas, legumbres",Pizza Carbonara 400 Gr,"7,98 € / 1 Kg","3,19 €",TARRADELLAS
Despensa,"Arroz, pastas, legumbres",Tortas de Gazpacho Paquete 180 Gr,"3,33 € / 1 Kg","0,60 €",PASTOR
Despensa,"Arroz, pastas, legumbres",Hélices Ensaladas Paquete 450 Gr,"3,78 € / 1 Kg","1,70 €",GALLO
Despensa,"Arroz, pastas, legumbres",Pizza Jamón y Queso Pack de 2 Unidades 2 x 220 Gr,"7,25 € / 1 Kg","3,19 €",TARRADELLAS
Despensa,"Arroz, pastas, legumbres",Cous Cous Mediano Caja 500 Gr,"3,80 € / 1 Kg","1,90 €",GALLO
Despensa,"Arroz, pastas, legumbres",Alubia Pinta Cocida Frasco 400 Gr,"3,98 € / 1 Kg","1,59 €",LUENGO
Despensa,"Arroz, pastas, legumbres",Arroz Basmati Vaso Pack de 2 2 x 125 Gr,"5,36 € / 1 Kg","1,34 €",BRILLANTE
Despensa,"Arroz, pastas, legumbres",Lenteja Pardina 500 Gr,"3,98 € / 1 Kg","1,99 €",LUENGO
Despensa,"Arroz, pastas, legumbres",Arroz Largo 1 Kg,"1,30 € / 1 Kg","1,30 €",CONSUM
Despensa,"Arroz, pastas, legumbres",Arroz Redondo Extra 1 Kg,"1,30 € / 1 Kg","1,30 €",CONSUM
Despensa,"Arroz, pastas, legumbres",Lasaña Fácil Precocida Caja 18 Placas 200 Gr,"7,15 € / 1 Kg","1,43 €",EL PAVO
Despensa,"Arroz, pastas, legumbres",Pizza Carne con Salsa Barbacoa 410 Gr,"7,05 € / 1 Kg","2,89 €",CAMPOFRÍO
Despensa,"Arroz, pastas, legumbres",Alubia Blanca Cocida Frasco 400 Gr,"1,88 € / 1 Kg","0,75 €",CONSUM
Despensa,"Arroz, pastas, legumbres",Lenteja Pardina Cocida Frasco 400 Gr,"1,88 € / 1 Kg","0,75 €",CONSUM
Despensa,"Arroz, pastas, legumbres",Garbanzo Cocido Frasco 400 Gr,"1,88 € / 1 Kg","0,75 €",CONSUM
Despensa,"Arroz, pastas, legumbres",Alubia Blanca Cocida Frasco 200 Gr,"3,45 € / 1 Kg","0,69 €",CONSUM
Despensa,"Arroz, pastas, legumbres",Lenteja Pardina Cocida Frasco 200 Gr,"3,45 € / 1 Kg","0,69 €",CONSUM
Despensa,"Arroz, pastas, legumbres",Garbanzos Cocidos Frasco 200 Gr,"3,45 € / 1 Kg","0,69 €",CONSUM
Despensa,"Arroz, pastas, legumbres",Garbanzos Espinacas Frasco 370 Gr,"4,03 € / 1 Kg","1,49 €",LUENGO
Despensa,"Arroz, pastas, legumbres",Espirales con Vegetales Paquete 500 Gr,"1,98 € / 1 Kg","0,99 €",CONSUM
Despensa,"Arroz, pastas, legumbres",Macarrones Paquete 500 Gr,"1,64 € / 1 Kg","0,82 €",CONSUM
Despensa,"Arroz, pastas, legumbres",Spaghetti Paquete 500 Gr,"1,64 € / 1 Kg","0,82 €",CONSUM
Despensa,"Arroz, pastas, legumbres",Fideua Paquete 500 Gr,"1,64 € / 1 Kg","0,82 €",CONSUM
Despensa,"Arroz, pastas, legumbres",Tallarines Paquete 500 Gr,"1,64 € / 1 Kg","0,82 €",CONSUM
Despensa,"Arroz, pastas, legumbres",Pasta Tiburones Paquete 500 Gr,"1,64 € / 1 Kg","0,82 €",CONSUM
Despensa,"Arroz, pastas, legumbres",Espirales Paquete 500 Gr,"1,64 € / 1 Kg","0,82 €",CONSUM
Despensa,"Arroz, pastas, legumbres",Pasta Maravilla Paquete 500 Gr,"1,64 € / 1 Kg","0,82 €",CONSUM
Despensa,"Arroz, pastas, legumbres",Macarrones Finos Paquete 500 Gr,"1,64 € / 1 Kg","0,82 €",CONSUM
Despensa,"Arroz, pastas, legumbres",Macarrones Rayados Paquete 500 Gr,"1,64 € / 1 Kg","0,82 €",CONSUM
Despensa,"Arroz, pastas, legumbres",Pasta Estrellas Paquete 500 Gr,"1,64 € / 1 Kg","0,82 €",CONSUM
Despensa,"Arroz, pastas, legumbres",Fideos Cabellin Paquete 500 Gr,"1,64 € / 1 Kg","0,82 €",CONSUM
Despensa,"Arroz, pastas, legumbres",Fideos Medianos Paquete 500 Gr,"1,64 € / 1 Kg","0,82 €",CONSUM
Despensa,"Arroz, pastas, legumbres",Pizza Jamón Serrano 390 Gr,"8,18 € / 1 Kg","3,19 €",TARRADELLAS
Despensa,"Arroz, pastas, legumbres",Masa de Pizza Finíssima 260 Gr,"7,65 € / 1 Kg","1,99 €",BUITONI
Despensa,"Arroz, pastas, legumbres",Gourmet Queso Cabra y Cebolla 250 Gr,"16,24 € / 1 Kg","4,06 €",RANA
Despensa,"Arroz, pastas, legumbres",Tortellinis Rellenos de Carne 250 Gr,"6,88 € / 1 Kg","1,72 €",CONSUM
Despensa,"Arroz, pastas, legumbres",Tortellinis Rellenos de Quesos 250 Gr,"6,88 € / 1 Kg","1,72 €",CONSUM
Despensa,"Arroz, pastas, legumbres",Tortellini Relleno Requesón y Espinacas 250 Gr,"6,88 € / 1 Kg","1,72 €",CONSUM
Despensa,"Arroz, pastas, legumbres",Tagliatelles al Huevo 250 Gr,"4,60 € / 1 Kg","1,15 €",CONSUM
Despensa,"Arroz, pastas, legumbres",Masa Brisa 230 Gr,"10,22 € / 1 Kg","2,35 €",BUITONI
Despensa,"Arroz, pastas, legumbres",Gnocchis de Patata 500 Gr,"2,98 € / 1 Kg","1,49 €",CONSUM
Despensa,"Arroz, pastas, legumbres",Arroz Redondo Vaso Pack de 2 2 x 125 Gr,"5,00 € / 1 Kg","1,25 €",BRILLANTE
Despensa,"Arroz, pastas, legumbres",Arroz Integral Vaso Pack de 2 2 x 125 Gr,"5,00 € / 1 Kg","1,25 €",BRILLANTE
Despensa,"Arroz, pastas, legumbres",Letras Paquete 500 Gr,"1,64 € / 1 Kg","0,82 €",CONSUM
Despensa,"Arroz, pastas, legumbres",Pizza Jamón y Queso al Horno de Piedra 400 Gr,"6,25 € / 1 Kg","2,50 €",CONSUM
Despensa,"Arroz, pastas, legumbres",Pizza 4 Quesos al Horno de Piedra 400 Gr,"7,25 € / 1 Kg","2,90 €",CONSUM
Despensa,"Arroz, pastas, legumbres",Pizza Atún y Bacón 400 Gr,"7,25 € / 1 Kg","2,90 €",CONSUM
Despensa,"Arroz, pastas, legumbres",Farfalle con Vegetales Paquete 500 Gr,"1,98 € / 1 Kg","0,99 €",CONSUM
Despensa,"Arroz, pastas, legumbres",Pizza Barbacoa al Horno de Piedra 400 Gr,"6,25 € / 1 Kg","2,50 €",CONSUM
Despensa,"Arroz, pastas, legumbres",Pizza Romana 400 Gr,"7,25 € / 1 Kg","2,90 €",CONSUM
Despensa,"Arroz, pastas, legumbres",Masa de Hojaldre Redonda 230 Gr,"5,22 € / 1 Kg","1,20 €",CONSUM
Despensa,"Arroz, pastas, legumbres",Masa de Pizza Redonda 260 Gr,"5,00 € / 1 Kg","1,30 €",CONSUM
Despensa,"Arroz, pastas, legumbres",Pizza Carbonara Masa Fina 400 Gr,"7,25 € / 1 Kg","2,90 €",CONSUM
Despensa,"Arroz, pastas, legumbres",Pizza Pollo Masa Rústica al Horno de Piedra 400 Gr,"7,25 € / 1 Kg","2,90 €",CONSUM
Despensa,"Arroz, pastas, legumbres",Pizza Jamón y Queso con Salsa Cheddar 360 Gr,"8,03 € / 1 Kg","2,89 €",CAMPOFRÍO
Despensa,"Arroz, pastas, legumbres",Spaghetti Pasta Fina Paquete 400 Gr,"3,38 € / 1 Kg","1,35 €",GALLO
Despensa,"Arroz, pastas, legumbres",Masa de Hojaldre Rectangular 230 Gr,"8,65 € / 1 Kg","1,99 €",BUITONI
Despensa,"Arroz, pastas, legumbres",Arroz Integral con Quinoa Pack de 2 2 x 125 Gr,"5,96 € / 1 Kg","1,49 €",BRILLANTE
Despensa,"Arroz, pastas, legumbres",Lenteja Cocida Selección Frasco 400 Gr,"3,48 € / 1 Kg","1,39 €",PICUEZO
Despensa,"Arroz, pastas, legumbres",Plumas Pasta Fina Paquete 400 Gr,"3,38 € / 1 Kg","1,35 €",GALLO
Despensa,"Arroz, pastas, legumbres",Quinoa 100% Paquete 250 Gr,"7,52 € / 1 Kg","1,88 €",SOS
Despensa,"Arroz, pastas, legumbres",Arroz Risotto Arborio Paquete 500 Gr,"3,56 € / 1 Kg","1,78 €",SCOTTI
Despensa,"Arroz, pastas, legumbres",Garbanza Blanca 500 Gr,"4,98 € / 1 Kg","2,49 €",LUENGO
Despensa,"Arroz, pastas, legumbres",Alubia Blanca Larga 500 Gr,"3,94 € / 1 Kg","1,97 €",LUENGO
Despensa,"Arroz, pastas, legumbres",Arroz Vaporizado 1 Kg,"1,54 € / 1 Kg","1,54 €",CONSUM
Despensa,"Arroz, pastas, legumbres",Arroz Integral D.O. Valencia Paquete 1 Kg,"1,95 € / 1 Kg","1,95 €",DACSA
Despensa,"Arroz, pastas, legumbres",Pajaritas Vegetales Paquete 450 Gr,"3,78 € / 1 Kg","1,70 €",GALLO
Despensa,"Arroz, pastas, legumbres",Sémola de Trigo Paquete 250 Gr,"3,24 € / 1 Kg","0,81 €",GALLO
Despensa,"Arroz, pastas, legumbres",Alubia Roja Cocida Frasco 400 Gr,"3,98 € / 1 Kg","1,59 €",LUENGO
Despensa,"Arroz, pastas, legumbres",Alubia con Verduras Frasco 400 Gr,"3,73 € / 1 Kg","1,49 €",LUENGO
Despensa,"Arroz, pastas, legumbres",Arroz Bomba Paquete 1 Kg,"4,90 € / 1 Kg","4,90 €",CONSUM
Despensa,"Arroz, pastas, legumbres",De la Huerta Ravioli Calabaza y Cebolla 250 Gr,"15,08 € / 1 Kg","3,77 €",RANA
Despensa,"Arroz, pastas, legumbres",Pizza Barbacoa 440 Gr,"7,25 € / 1 Kg","3,19 €",TARRADELLAS
Despensa,"Arroz, pastas, legumbres",Huerta Ravioli Boletus Edulis 250 Gr,"15,08 € / 1 Kg","3,77 €",RANA
Despensa,"Arroz, pastas, legumbres",Arroz Bomba D.O. Valencia Paquete 1 Kg,"5,89 € / 1 Kg","5,89 €",DACSA
Despensa,"Arroz, pastas, legumbres",Pizza Atún y Bacón 405 Gr,"7,88 € / 1 Kg","3,19 €",TARRADELLAS
Despensa,"Arroz, pastas, legumbres",Spaguettis al Huevo 250 Gr,"4,76 € / 1 Kg","1,19 €",CONSUM
Despensa,"Arroz, pastas, legumbres",Quinoa Roja y Blanca Vasitos 2 x 125 Gr,"6,24 € / 1 Kg","1,56 €",BRILLANTE
Despensa,"Arroz, pastas, legumbres",Arroz Bomba Paquete 500 Gr,"5,98 € / 1 Kg","2,99 €",LA FALLERA
Despensa,"Arroz, pastas, legumbres",Huerta Tortellini Ricotta y Espinacas 250 Gr,"15,08 € / 1 Kg","3,77 €",RANA
Despensa,"Arroz, pastas, legumbres",Oblea 16 unidades 280 Gr,"6,43 € / 1 Kg","1,80 €",BUITONI
Despensa,"Arroz, pastas, legumbres",Alubia Cocida Granja Frasco 400 Gr,"3,98 € / 1 Kg","1,59 €",LUENGO
Despensa,"Arroz, pastas, legumbres",Arroz Redondo Paquete 1 Kg,"2,68 € / 1 Kg","2,68 €",BRILLANTE
Despensa,"Arroz, pastas, legumbres",Arroz Vaporizado Caja 1 Kg,"1,90 € / 1 Kg","1,90 €",BRILLANTE
Despensa,"Arroz, pastas, legumbres",Garbanza Selección Paquete 1 Kg,"3,95 € / 1 Kg","3,95 €",DON PEDRO
Despensa,"Arroz, pastas, legumbres",Tapioca Caja 175 Gr,"10,80 € / 1 Kg","1,89 €",ROYAL
Despensa,"Arroz, pastas, legumbres",Arroz Albufera D.O. Valencia Saco 1 Kg,"4,49 € / 1 Kg","4,49 €",TARTANA
Despensa,"Arroz, pastas, legumbres",Pizza Pepperoni 400 Gr,"7,98 € / 1 Kg","3,19 €",TARRADELLAS
Despensa,"Arroz, pastas, legumbres",Pizza Romana 410 Gr,"7,78 € / 1 Kg","3,19 €",TARRADELLAS
Despensa,"Arroz, pastas, legumbres",Garbanzo Cocido Frasco 400 Gr,"2,98 € / 1 Kg","1,19 €",LOZANO
Despensa,"Arroz, pastas, legumbres",Alubia Cocida Frasco 400 Gr,"2,98 € / 1 Kg","1,19 €",LOZANO
Despensa,"Arroz, pastas, legumbres",Arroz Caldoso y Meloso Paquete 1 Kg,"2,59 € / 1 Kg","2,59 €",LA FALLERA
Despensa,"Arroz, pastas, legumbres",Arroz Largo 1 Kg,"1,89 € / 1 Kg","1,89 €",LA FALLERA
Despensa,"Arroz, pastas, legumbres",Garbanzos Blancos Calidad Extra Frasco 400 Gr,"4,23 € / 1 Kg","1,69 €",GUTARRA
Despensa,"Arroz, pastas, legumbres",Garbanzos con Zanahoria y Acelga 360 Gr,"6,64 € / 1 Kg","2,39 €",GUTARRA
Despensa,"Arroz, pastas, legumbres",Garbanza Cocida Selección 400 Gr,"4,13 € / 1 Kg","1,65 €",DON PEDRO
Despensa,"Arroz, pastas, legumbres",Hojas de Lasaña Frescas 250 Gr,"9,56 € / 1 Kg","2,39 €",RANA
Despensa,"Arroz, pastas, legumbres",Radiatori Paquete 500 Gr,"3,42 € / 1 Kg","1,71 €",GAROFALO
Despensa,"Arroz, pastas, legumbres",Elicoidali Paquete 500 Gr,"3,42 € / 1 Kg","1,71 €",GAROFALO
Despensa,"Arroz, pastas, legumbres",Mafalda Corta Paquete 500 Gr,"3,42 € / 1 Kg","1,71 €",GAROFALO
Despensa,"Arroz, pastas, legumbres",Tagliatelle Nido Paquete 500 Gr,"5,64 € / 1 Kg","2,82 €",GAROFALO
Despensa,"Arroz, pastas, legumbres",Spaghetti Paquete 500 Gr,"3,42 € / 1 Kg","1,71 €",GAROFALO
Despensa,"Arroz, pastas, legumbres",Garbanzo Pedrosillano Paquete 500 Gr,"3,50 € / 1 Kg","1,75 €",LUENGO
Despensa,"Arroz, pastas, legumbres",Lentejas Verdina Calidad Extra Frasco 400 Gr,"4,23 € / 1 Kg","1,69 €",GUTARRA
Despensa,"Arroz, pastas, legumbres",Cannelloni Canelón Caja 125 Gr,"9,52 € / 1 Kg","1,19 €",EL PAVO
Despensa,"Arroz, pastas, legumbres",Spaghetti Integral Caja 500 Gr,"3,98 € / 1 Kg","1,99 €",BARILLA
Despensa,"Arroz, pastas, legumbres",Canelón Precocinado Caja 18 Placas 125 Gr,"11,60 € / 1 Kg","1,45 €",EL PAVO
Despensa,"Arroz, pastas, legumbres",Arroz Integral con Chía y Quinoa 2 x 125 Gr,"5,96 € / 1 Kg","1,49 €",BRILLANTE
Despensa,"Arroz, pastas, legumbres",Espaguetis Integrales Ecológicos Paquete 500 Gr,"2,38 € / 1 Kg","1,19 €",CONSUM ECO
Despensa,"Arroz, pastas, legumbres",Macarrones Integrales Ecológicos Paquete 500 Gr,"2,38 € / 1 Kg","1,19 €",CONSUM ECO
Despensa,"Arroz, pastas, legumbres",Alubia Cocida Origen 100% Nacional 400 Gr,"3,73 € / 1 Kg","1,49 €",LUENGO
Despensa,"Arroz, pastas, legumbres",Lenteja Cocida Origen Frasco 400 Gr,"3,73 € / 1 Kg","1,49 €",LUENGO
Despensa,"Arroz, pastas, legumbres",Pizza Vegalia de Verdura y Queso Curado 360 Gr,"9,03 € / 1 Kg","3,25 €",CAMPOFRÍO
Despensa,"Arroz, pastas, legumbres",Arroz Redondo Extra Paquete 1 Kg,"1,89 € / 1 Kg","1,89 €",EMBAJADOR
Despensa,"Arroz, pastas, legumbres",Soja Texturizada Paquete 350 Gr,"7,40 € / 1 Kg","2,59 €",ESGIR
Despensa,"Arroz, pastas, legumbres",Pizza Jamón y Queso sin Gluten y sin Lactosa 420 Gr,"8,07 € / 1 Kg","3,39 €",TARRADELLAS
Despensa,"Arroz, pastas, legumbres",Masa de Hojaldre con Mantequilla 260 Gr,"6,12 € / 1 Kg","1,59 €",TARRADELLAS
Despensa,"Arroz, pastas, legumbres",Arroz Salvaje y Basmati vasitos 2 x 125 Gr,"6,60 € / 1 Kg","1,65 €",BRILLANTE
Despensa,"Arroz, pastas, legumbres",Pizza Pollo y Bacón con Masa 5 Semillas 410 Gr,"7,78 € / 1 Kg","3,19 €",TARRADELLAS
Despensa,"Arroz, pastas, legumbres",Alubia Pinta Paquete 1 Kg,"2,16 € / 1 Kg","2,16 €",CONSUM
Despensa,"Arroz, pastas, legumbres",Lenteja Pardina Paquete 1 Kg,"2,10 € / 1 Kg","2,10 €",CONSUM
Despensa,"Arroz, pastas, legumbres",Lentejas Paquete 1 Kg,"1,88 € / 1 Kg","1,88 €",CONSUM
Despensa,"Arroz, pastas, legumbres",Garbanzo Lechoso Paquete 1 Kg,"2,65 € / 1 Kg","2,65 €",CONSUM
Despensa,"Arroz, pastas, legumbres",Alubia Blanca Paquete 1 Kg,"1,85 € / 1 Kg","1,85 €",CONSUM
Despensa,"Arroz, pastas, legumbres",Garbanzo Selecto Paquete 1 Kg,"2,15 € / 1 Kg","2,15 €",CONSUM
Despensa,"Arroz, pastas, legumbres",Tortiglioni Caja 500 Gr,"3,58 € / 1 Kg","1,79 €",BARILLA
Despensa,"Arroz, pastas, legumbres",Arroz Redondo Denominación de Origen Valencia 1 Kg,"1,65 € / 1 Kg","1,65 €",CONSUM
Despensa,"Arroz, pastas, legumbres",Hélices Ensaladas Integral 400 Gr,"4,25 € / 1 Kg","1,70 €",GALLO
Despensa,"Arroz, pastas, legumbres",Penne Integral Paquete 500 Gr,"3,98 € / 1 Kg","1,99 €",BARILLA
Despensa,"Arroz, pastas, legumbres",Masa de Hojaldre sin Gluten 280 Gr,"10,00 € / 1 Kg","2,80 €",CERELIA
Despensa,"Arroz, pastas, legumbres",Arroz Largo Pack de 2 200 Gr,"5,38 € / 1 Kg","2,15 €",BRILLANTE
Despensa,"Arroz, pastas, legumbres",Alubias con Seta Shiitake 375 Gr,"5,31 € / 1 Kg","1,99 €",CONSUM
Despensa,"Arroz, pastas, legumbres",Garbanzos con Trufa Negra 400 Gr,"5,88 € / 1 Kg","2,35 €",CONSUM
Despensa,"Arroz, pastas, legumbres",Masa de Pizza 5 Semillas y Cereales 260 Gr,"5,58 € / 1 Kg","1,45 €",TARRADELLAS
Despensa,"Arroz, pastas, legumbres",Lentejas IGP de Tierra de Campos 500 Gr,"4,70 € / 1 Kg","2,35 €",CONSUM
Despensa,"Arroz, pastas, legumbres",Garbanzos IGP de Fuentesaúco 500 Gr,"5,18 € / 1 Kg","2,59 €",CONSUM
Despensa,"Arroz, pastas, legumbres",Alubias Blancas Largas Calidad Extra Frasco 400 Gr,"4,23 € / 1 Kg","1,69 €",GUTARRA
Despensa,"Arroz, pastas, legumbres",Casarecce Paquete 500 Gr,"3,42 € / 1 Kg","1,71 €",GAROFALO
Despensa,"Arroz, pastas, legumbres",Linguine N.13 Caja 500 Gr,"3,58 € / 1 Kg","1,79 €",BARILLA
Despensa,"Arroz, pastas, legumbres",Alubia Cocida Frasco 210 Gr,"4,05 € / 1 Kg","0,85 €",LOZANO
Despensa,"Arroz, pastas, legumbres",Lenteja Cocida Frasco 210 Gr,"4,05 € / 1 Kg","0,85 €",LOZANO
Despensa,"Arroz, pastas, legumbres",Garbanzo Cocido Frasco 210 Gr,"4,05 € / 1 Kg","0,85 €",LOZANO
Despensa,"Arroz, pastas, legumbres",Placas para Lasaña y Canelones sin Gluten 250 Gr,"10,00 € / 1 Kg","2,50 €",GALLO
Despensa,"Arroz, pastas, legumbres",Fideo Nº 0 Paquete 450 Gr,"3,00 € / 1 Kg","1,35 €",GALLO
Despensa,"Arroz, pastas, legumbres",Fideo Nº 1 Paquete 450 Gr,"3,00 € / 1 Kg","1,35 €",GALLO
Despensa,"Arroz, pastas, legumbres",Fideo Nº 2 Paquete 450 Gr,"3,00 € / 1 Kg","1,35 €",GALLO
Despensa,"Arroz, pastas, legumbres",Fideo Nº 4 Paquete 450 Gr,"3,00 € / 1 Kg","1,35 €",GALLO
Despensa,"Arroz, pastas, legumbres",Fideua Paquete 450 Gr,"3,00 € / 1 Kg","1,35 €",GALLO
Despensa,"Arroz, pastas, legumbres",Pasta Mariscos Paquete 450 Gr,"3,00 € / 1 Kg","1,35 €",GALLO
Despensa,"Arroz, pastas, legumbres",Tiburón Nº 1 Paquete 450 Gr,"3,00 € / 1 Kg","1,35 €",GALLO
Despensa,"Arroz, pastas, legumbres",Pasta Piñones Paquete 450 Gr,"3,00 € / 1 Kg","1,35 €",GALLO
Despensa,"Arroz, pastas, legumbres",Arroz Ensaladas Paquete 500 Gr,"2,78 € / 1 Kg","1,39 €",SOS
Despensa,"Arroz, pastas, legumbres",Plumas Integrales Paquete 450 Gr,"3,98 € / 1 Kg","1,79 €",GALLO
Despensa,"Arroz, pastas, legumbres",Fideos sin Gluten Paquete 450 Gr,"4,42 € / 1 Kg","1,99 €",GALLO
Despensa,"Arroz, pastas, legumbres",Spaghetti sin Gluten Paquete 450 Gr,"4,42 € / 1 Kg","1,99 €",GALLO
Despensa,"Arroz, pastas, legumbres",Plumas sin Gluten Paquete 450 Gr,"4,42 € / 1 Kg","1,99 €",GALLO
Despensa,"Arroz, pastas, legumbres",Spaghetti Integral Paquete 450 Gr,"3,98 € / 1 Kg","1,79 €",GALLO
Despensa,"Arroz, pastas, legumbres",Pizza Queso de Cabra y Cebolla Asada 360 Gr,"9,03 € / 1 Kg","3,25 €",CAMPOFRÍO
Despensa,"Arroz, pastas, legumbres",Mini Pizzas Finissimas 8 Unidades 265 Gr,"7,13 € / 1 Kg","1,89 €",BUITONI
Despensa,"Arroz, pastas, legumbres",Arroz Basmati Paquete 1 Kg,"3,35 € / 1 Kg","3,35 €",TILDASUNDARI
Despensa,"Arroz, pastas, legumbres",Cous Cous Vaso Pack de 2 2 x 125 Gr,"5,96 € / 1 Kg","1,49 €",BRILLANTE
Despensa,"Arroz, pastas, legumbres",Plumas Nº 3 Paquete 450 Gr,"3,00 € / 1 Kg","1,35 €",GALLO
Despensa,"Arroz, pastas, legumbres",Spaghetti Nº 3 Paquete 450 Gr,"3,00 € / 1 Kg","1,35 €",GALLO
Despensa,"Arroz, pastas, legumbres",Tallarín Paquete 450 Gr,"3,00 € / 1 Kg","1,35 €",GALLO
Despensa,"Arroz, pastas, legumbres",Lentejas Peladas Bolsa Doypack 400 Gr,"5,38 € / 1 Kg","2,15 €",LUENGO
Despensa,"Arroz, pastas, legumbres",Garbanzo Cocido Origen 100% Nacional 400 Gr,"3,73 € / 1 Kg","1,49 €",LUENGO
Despensa,"Arroz, pastas, legumbres",Lasaña Paquete 250 Gr,"9,00 € / 1 Kg","2,25 €",BARILLA
Despensa,"Arroz, pastas, legumbres",Grano de Avena Cocida 2 x 125 Gr,"5,40 € / 1 Kg","1,35 €",BRILLANTE
Despensa,"Arroz, pastas, legumbres",Pizza Bianca Lenta Fermentación 400 Gr,"11,23 € / 1 Kg","4,49 €",TARRADELLAS
Despensa,"Arroz, pastas, legumbres",Pizza Jamón Lenta Fermentación 400 Gr,"10,73 € / 1 Kg","4,29 €",TARRADELLAS
Despensa,"Arroz, pastas, legumbres",Girasoles Setas & Mascarpone 250 Gr,"9,80 € / 1 Kg","2,45 €",CONSUM
Despensa,"Arroz, pastas, legumbres",Girasoles Queso Cabra & Miel 250 Gr,"9,80 € / 1 Kg","2,45 €",CONSUM
Despensa,"Arroz, pastas, legumbres",Tagliatelle con Huevo 250 Gr,"9,40 € / 1 Kg","2,35 €",RANA
Despensa,"Arroz, pastas, legumbres",Tortellini Pesto 250 Gr,"6,88 € / 1 Kg","1,72 €",CONSUM
Despensa,"Arroz, pastas, legumbres",Tortellini Pollo Bacon 250 Gr,"6,88 € / 1 Kg","1,72 €",CONSUM
Despensa,"Arroz, pastas, legumbres",Pizza 4 Quesos Pack de 2 Unidades 2 x 210 Gr,"7,60 € / 1 Kg","3,19 €",TARRADELLAS
Despensa,"Arroz, pastas, legumbres",Alubias Rojas Paquete 500 Gr,"3,90 € / 1 Kg","1,95 €",DON PEDRO
Despensa,"Arroz, pastas, legumbres",Lenteja Pardina Paquete 500 Gr,"3,58 € / 1 Kg","1,79 €",DON PEDRO
Despensa,"Arroz, pastas, legumbres",Gnocchi 400 Gr,"6,23 € / 1 Kg","2,49 €",RANA
Despensa,"Arroz, pastas, legumbres",Pizza Familiar Barbacoa 580 Gr,"6,88 € / 1 Kg","3,99 €",PALACIOS
Despensa,"Arroz, pastas, legumbres",Pizza Familiar Jamón y Queso 580 Gr,"6,88 € / 1 Kg","3,99 €",PALACIOS
Despensa,"Arroz, pastas, legumbres",Lenteja Parda Roja 1 Kg,"1,63 € / 1 Kg","1,63 €",CONSUM
Despensa,"Arroz, pastas, legumbres",Pasta de Lenteja Roja 250 Gr,"6,60 € / 1 Kg","1,65 €",ROMERO
Despensa,"Arroz, pastas, legumbres",Alubia Negrita Paquete 500 Gr,"3,00 € / 1 Kg","1,50 €",LUENGO
Despensa,"Arroz, pastas, legumbres",Lenteja Rápida Paquete 500 Gr,"3,90 € / 1 Kg","1,95 €",LUENGO
Despensa,"Arroz, pastas, legumbres",Pasta de Trigo Sarraceno Alforfón 250 Gr,"6,60 € / 1 Kg","1,65 €",ROMERO
Despensa,"Arroz, pastas, legumbres",Rigatoni Paquete 500 Gr,"3,42 € / 1 Kg","1,71 €",GAROFALO
Despensa,"Arroz, pastas, legumbres",Lentejas Rápidas Paquete 1 Kg,"2,20 € / 1 Kg","2,20 €",CONSUM
Despensa,"Arroz, pastas, legumbres",Pasta Filo 250 Gr,"10,76 € / 1 Kg","2,69 €",JR
Despensa,"Arroz, pastas, legumbres",Pasta Infantil Mickey 300 Gr,"7,00 € / 1 Kg","2,10 €",GALLO
Despensa,"Arroz, pastas, legumbres",Pasta Infantil Frozen 300 Gr,"7,00 € / 1 Kg","2,10 €",GALLO
Despensa,"Arroz, pastas, legumbres",Pasta Infantil Nemo 350 Gr,"6,00 € / 1 Kg","2,10 €",GALLO
Despensa,"Arroz, pastas, legumbres",Lenteja Verdina 500 Gr,"3,18 € / 1 Kg","1,59 €",DON PEDRO
Despensa,"Arroz, pastas, legumbres",Arroz Integral 1 Kg,"1,70 € / 1 Kg","1,70 €",CONSUM
Despensa,"Arroz, pastas, legumbres",Pizza Pollo 410 Gr,"7,78 € / 1 Kg","3,19 €",TARRADELLAS
Despensa,"Caldos, sopas y purés",Caldo Líquido de Pollo Brik 1 L,"3,95 € / 1 L","3,95 €",ANETO
Despensa,"Caldos, sopas y purés",Caldo Líquido Casero de Pollo Brik 1 L,"0,75 € / 1 L","0,80 €
0,75 €",CONSUM
Despensa,"Caldos, sopas y purés",Caldo Casero de Pollo Brik 1 L,"2,20 € / 1 L","2,20 €",G.BLANCA
Despensa,"Caldos, sopas y purés",Caldo Casero Cocido Brik 1 L,"2,20 € / 1 L","2,20 €",G.BLANCA
Despensa,"Caldos, sopas y purés","Crema de Calabaza Brik 0,5 L","2,00 € / 1 L","1,10 €
1,00 €",CONSUM
Despensa,"Caldos, sopas y purés",Caldo Natural de Puchero 1 L,"3,69 € / 1 L","4,50 €
3,69 €",ANETO
Despensa,"Caldos, sopas y purés",Caldo Natural Verduras Brik 1 L,"3,95 € / 1 L","3,95 €",ANETO
Despensa,"Caldos, sopas y purés",Caldo Paella Fácil Brik 1 L,"3,49 € / 1 L","3,49 €",G.BLANCA
Despensa,"Caldos, sopas y purés",Caldo Pollo Gourmet Brick 1 L,"2,99 € / 1 L","2,99 €",G.BLANCA
Despensa,"Caldos, sopas y purés",Crema Verduras Brik 500 ml,"3,98 € / 1 L","1,99 €",G.BLANCA
Despensa,"Caldos, sopas y purés",Caldo Fideuá Fácil Brik 1 L,"3,49 € / 1 L","3,49 €",G.BLANCA
Despensa,"Caldos, sopas y purés",Crema Casera Pollo con Verduras 500 ml,"3,98 € / 1 L","1,99 €",G.BLANCA
Despensa,"Caldos, sopas y purés",Crema de Espárragos con Jamón 500 ml,"3,98 € / 1 L","1,99 €",G.BLANCA
Despensa,"Caldos, sopas y purés",Fumet de Pescado de Roca y Marisco 1 L,"3,49 € / 1 L","3,49 €",G.BLANCA
Despensa,"Caldos, sopas y purés",Caldo Pollo con Jamón Enrique Tomás 1 L,"2,99 € / 1 L","2,99 €",G.BLANCA
Despensa,"Caldos, sopas y purés",Caldo Vegetal Deshidratado12 Pastillas 120 Gr,"13,75 € / 1 Kg","1,65 €",KNORR
Despensa,"Caldos, sopas y purés",Puré de Patatas Paquete 230 Gr,"9,96 € / 1 Kg","2,29 €",MAGGI
Despensa,"Caldos, sopas y purés",Caldo de Carne Deshidratado 16 Pastillas 160 Gr,"10,31 € / 1 Kg","1,65 €",KNORR
Despensa,"Caldos, sopas y purés",Caldo de Pescado Deshidratado12 Pastillas 120 Gr,"13,75 € / 1 Kg","1,65 €",KNORR
Despensa,"Caldos, sopas y purés",Caldo de Pollo Deshidratado 12 Pastillas 120 Gr,"15,42 € / 1 Kg","1,85 €",AVECREM
Despensa,"Caldos, sopas y purés",Gazpacho Original 1 L,"3,99 € / 1 L","3,99 €",ALVALLE
Despensa,"Caldos, sopas y purés",Caldo de Pollo Deshidratado24Pastillas 240 Gr,"12,29 € / 1 Kg","2,95 €",AVECREM
Despensa,"Caldos, sopas y purés","Crema de Verduras Mediterráneas 0,5 L","4,58 € / 1 L","2,29 €",KNORR
Despensa,"Caldos, sopas y purés",Caldo Líquido Pescado Brik 1 L,"1,10 € / 1 L","1,10 €",CONSUM
Despensa,"Caldos, sopas y purés","Crema de Verduras de la Huerta 0,5 L","4,58 € / 1 L","2,29 €",LIGERESA
Despensa,"Caldos, sopas y purés","Crema de Calabaza con un Toque de Nata 0,5 L","4,58 € / 1 L","2,29 €",KNORR
Despensa,"Caldos, sopas y purés",Caldo Casero Cocido Brik 1 L,"0,90 € / 1 L","0,90 €",CONSUM
Despensa,"Caldos, sopas y purés","Crema de Setas con Champiñones 0,5 L","4,58 € / 1 L","2,29 €",KNORR
Despensa,"Caldos, sopas y purés","Crema Calabacín con Quesito 0,5 L","4,58 € / 1 L","2,29 €",KNORR
Despensa,"Caldos, sopas y purés",Gazpacho Suave 1 L,"1,85 € / 1 L","1,85 €",CONSUM
Despensa,"Caldos, sopas y purés",Caldo Verduras Brick 1 L,"1,00 € / 1 L","1,00 €",CONSUM
Despensa,"Caldos, sopas y purés",Caldo de Pollo 12 Pastillas 120 Gr,"6,25 € / 1 Kg","0,75 €",CONSUM
Despensa,"Caldos, sopas y purés",Caldo Casero Pescado Brik 1 L,"2,20 € / 1 L","2,20 €",G.BLANCA
Despensa,"Caldos, sopas y purés",Caldo Casero Carne Brik 1 L,"2,20 € / 1 L","2,20 €",G.BLANCA
Despensa,"Caldos, sopas y purés",Caldo de Pollo Bajo en Sal Brik 1 L,"1,20 € / 1 L","1,20 €",CONSUM
Despensa,"Caldos, sopas y purés","Crema de Verduras Brik 0,5 L","2,20 € / 1 L","1,10 €",CONSUM
Despensa,"Caldos, sopas y purés",Avecrem Pollo 30% menos de Sal 95 Gr,"16,32 € / 1 Kg","1,55 €",AVECREM
Despensa,"Caldos, sopas y purés",Gazpacho Tradicional 1 L,"1,80 € / 1 L","1,80 €",CONSUM
Despensa,"Caldos, sopas y purés",Caldo Casero Pollo Bajo en Sal Brik 1 L,"2,20 € / 1 L","2,20 €",G.BLANCA
Despensa,"Caldos, sopas y purés",Caldo Pescado 12 Pastillas 120 Gr,"7,08 € / 1 Kg","0,85 €",CONSUM
Despensa,"Caldos, sopas y purés",Sopa Jardinera Sobre 66 Gr,"5,91 € / 1 Kg","0,39 €",CONSUM
Despensa,"Caldos, sopas y purés",Gazpacho Pack de 3 Unidades 3 x 330 ml,"2,22 € / 1 L","2,20 €",CONSUM
Despensa,"Caldos, sopas y purés",Caldo de Carne 12 Pastillas 120 Gr,"7,08 € / 1 Kg","0,85 €",CONSUM
Despensa,"Caldos, sopas y purés",Gazpacho Original 500 ml,"4,98 € / 1 L","2,49 €",ALVALLE
Despensa,"Caldos, sopas y purés","Crema de Calabacín Brik 0,5 L","2,20 € / 1 L","1,10 €",CONSUM
Despensa,"Caldos, sopas y purés",Caldo Líquido Pescado Brik 1 L,"4,50 € / 1 L","4,50 €",ANETO
Despensa,"Caldos, sopas y purés",Caldo Casero Verduras Brik 1 L,"2,20 € / 1 L","2,20 €",G.BLANCA
Despensa,"Caldos, sopas y purés",Caldo de Carne Concentrado 125 Gr,"23,92 € / 1 Kg","2,99 €",BOVRIL
Despensa,"Caldos, sopas y purés",Sopa Maravilla Sobre 66 Gr,"7,42 € / 1 Kg","0,49 €",CONSUM
Despensa,"Caldos, sopas y purés",Caldo de Pollo Bajo en Sal 1 L,"3,95 € / 1 L","3,95 €",ANETO
Despensa,"Caldos, sopas y purés",Puré de Patatas con Leche 230 Gr,"10,83 € / 1 Kg","2,49 €",MAGGI
Despensa,"Caldos, sopas y purés",Puré Patatas Bol 50 Gr,"25,80 € / 1 Kg","1,29 €",MAGGI
Despensa,"Caldos, sopas y purés",Salmorejo 1 L,"2,30 € / 1 L","2,30 €",CONSUM
Despensa,"Caldos, sopas y purés",Crema De Alicia Brick 500 ml,"4,58 € / 1 L","2,29 €",KNORR
Despensa,"Caldos, sopas y purés",Crema Bogavante Brik 500 Gr,"4,20 € / 1 Kg","2,10 €",CONSUM
Despensa,"Caldos, sopas y purés",Pack Dúo Caldo Pescado Brik 2 x 1 L,"1,85 € / 1 L","3,69 €",G.BLANCA
Despensa,"Caldos, sopas y purés",Caldo Casero de Pollo Brik 500 ml,"2,78 € / 1 L","1,39 €",G.BLANCA
Despensa,"Caldos, sopas y purés",Avecrem Pollo 100% Natural Estuche 90 Gr,"18,11 € / 1 Kg","1,63 €",AVECREM
Despensa,"Caldos, sopas y purés",Caldo de Pollo Bajo Sal Brik Pack de 2 2 x 1 L,"1,85 € / 1 L","3,69 €",G.BLANCA
Despensa,"Caldos, sopas y purés",Gazpacho Natural Tradicional 1 L,"3,00 € / 1 L","3,00 €",CONSUM
Despensa,"Caldos, sopas y purés",Gazpacho Natural Tradicional 330 ml,"3,64 € / 1 L","1,20 €",CONSUM
Despensa,"Caldos, sopas y purés",Salmorejo Natural 330 ml,"3,94 € / 1 L","1,30 €",CONSUM
Despensa,"Caldos, sopas y purés",Caldo Natural de Pollo Botella 1 L,"3,49 € / 1 L","3,49 €",EL PAVO
Despensa,"Caldos, sopas y purés",Fumet de Marisco Botella 951 ml,"4,20 € / 1 L","3,99 €",EL PAELLER
Despensa,"Caldos, sopas y purés",Caldo Natural de Pollo Brick 1 L,"1,99 € / 1 L","1,99 €",GALLO
Despensa,"Caldos, sopas y purés",Caldo Natural Cocido Brick 1 L,"1,99 € / 1 L","1,99 €",GALLO
Despensa,"Caldos, sopas y purés",Caldo de Pollo con 8 Verduras 1 L,"2,20 € / 1 L","2,20 €",G.BLANCA
Despensa,"Caldos, sopas y purés",Caldo de Pollo Pack de 4 4 x 1 L,"2,49 € / 1 L","9,95 €",ANETO
Despensa,"Caldos, sopas y purés",Fumet de Pescado Botella 950 ml,"3,16 € / 1 L","3,00 €",CONSUM
Despensa,"Conservas, aceites y condimentos",Mejillones en Escabeche Pack de 3 3 x 40 Gr,"28,25 € / 1 Kg","3,75 €
3,39 €",CALVO
Despensa,"Conservas, aceites y condimentos",Mayonesa Tarro cristal 450 ml,"6,55 € / 1 L","3,25 €
2,95 €",HELLMANN'S
Despensa,"Conservas, aceites y condimentos",Tomate Troceado Lata 390 Gr,"2,98 € / 1 Kg","1,45 €
1,16 €",BELTORO
Despensa,"Conservas, aceites y condimentos",Tomate Frito Lata Pack de 3 3 x 155 Gr,"6,22 € / 1 Kg","3,25 €
2,89 €",HIDA
Despensa,"Conservas, aceites y condimentos",Tomate Troceado Lata 390 Gr,"2,18 € / 1 Kg","0,90 €
0,85 €",CONSUM
Despensa,"Conservas, aceites y condimentos",Tomate Frito Frasco 550 Gr,"1,55 € / 1 Kg","0,95 €
0,85 €",CONSUM
Despensa,"Conservas, aceites y condimentos",Sazonador para Fajita 30 Gr,"3,96 € / 100 Gr","1,39 €
1,19 €",OLD EL PASO
Despensa,"Conservas, aceites y condimentos",Sofrito de Tomate Cebolla Frasco 350 Gr,"6,43 € / 1 Kg","2,25 €",G.BLANCA
Despensa,"Conservas, aceites y condimentos",Atún Claro Aceite Girasol Pack de 6 6 x 52 Gr,"13,46 € / 1 Kg","4,40 €
4,20 €",CONSUM
Despensa,"Conservas, aceites y condimentos",Tomate de untar Frasco Pack de 2 2 x 185 Gr,"5,16 € / 1 Kg","1,99 €
1,91 €",CONSUM
Despensa,"Conservas, aceites y condimentos",Salsa Fresca de Setas Boletus 180 Gr,"11,94 € / 1 Kg","2,40 €
2,15 €",RANA
Despensa,"Conservas, aceites y condimentos",Salsa Fresca de Queso Parmigiano Regiano 180 Gr,"11,94 € / 1 Kg","2,40 €
2,15 €",RANA
Despensa,"Conservas, aceites y condimentos",Mayonesa Tarro Cristal 225 ml,"8,67 € / 1 L","1,95 €",HELLMANN'S
Despensa,"Conservas, aceites y condimentos",Tomate Frito Brik 350 Gr,"2,43 € / 1 Kg","0,99 €
0,85 €",ORLANDO
Despensa,"Conservas, aceites y condimentos",Tomate Frito Brik Pack de 3 3 x 200 Gr,"1,67 € / 1 Kg","1,05 €
1,00 €",CONSUM
Despensa,"Conservas, aceites y condimentos",Salsa Pesto Genovese 190 Gr,"15,74 € / 1 Kg","2,99 €",BARILLA
Despensa,"Conservas, aceites y condimentos",Tomate Frito 0 % Azúcar Añadido Frasco 560 Gr,"1,96 € / 1 Kg","1,20 €
1,10 €",CONSUM
Despensa,"Conservas, aceites y condimentos",Habas Cocidas Picantes Lata 200 Gr,"7,45 € / 1 Kg","1,75 €
1,49 €",VEGA BAJA
Despensa,"Conservas, aceites y condimentos",Aceite Oliva Virgen Extra Botella 1 L,"11,95 € / 1 L","14,50 €
11,95 €",HOJIBLANCA
Despensa,"Conservas, aceites y condimentos",Laurel en Hojas Bolsa 8 Gr,"18,63 € / 100 Gr","1,49 €",DUCROS
Despensa,"Conservas, aceites y condimentos",Calamar Salsa Americana Pack de 3 3 x 48 Gr,"20,76 € / 1 Kg","2,99 €",CALVO
Despensa,"Conservas, aceites y condimentos",Atún Claro Aceite Girasol 104 Gr,"18,18 € / 1 Kg","2,19 €
1,89 €",CAMPOS
Despensa,"Conservas, aceites y condimentos",Atún Claro Natural 112 Gr,"16,87 € / 1 Kg","2,19 €
1,89 €",CAMPOS
Despensa,"Conservas, aceites y condimentos",Salsa Basilico Tarro 400 Gr,"8,23 € / 1 Kg","3,29 €",BARILLA
Despensa,"Conservas, aceites y condimentos",Curry Tarro 42 Gr,"6,17 € / 100 Gr","2,59 €",DUCROS
Despensa,"Conservas, aceites y condimentos",Salsa Fresca al Pesto Verde 140 Gr,"15,35 € / 1 Kg","2,40 €
2,15 €",RANA
Despensa,"Conservas, aceites y condimentos",Calamar en su Tinta Lata Pack de 3 3 x 48 Gr,"20,76 € / 1 Kg","2,99 €",CALVO
Despensa,"Conservas, aceites y condimentos",Perejil Tarro 5 Gr,"45,00 € / 100 Gr","2,25 €",DUCROS
Despensa,"Conservas, aceites y condimentos",Comino Entero Tarro 35 Gr,"6,83 € / 100 Gr","2,39 €",DUCROS
Despensa,"Conservas, aceites y condimentos",Sazonador para Paella Valencia Caja 9 Gr,"28,78 € / 100 Gr","2,59 €",DUCROS
Despensa,"Conservas, aceites y condimentos","Azafrán en Hebras Sobres 0,3 Gr","1.196,67 € / 100 Gr","3,59 €",DUCROS
Despensa,"Conservas, aceites y condimentos",Curcuma Frasco 37 Gr,"6,35 € / 100 Gr","2,35 €",DUCROS
Despensa,"Conservas, aceites y condimentos",Atún Claro Aceite Oliva Pack de 3 3x72 Gr,"30,05 € / 1 Kg","6,49 €",CALVO
Despensa,"Conservas, aceites y condimentos",Sazonador Pollo Tarro 75 Gr,"38,00 € / 1 Kg","2,85 €",DUCROS
Despensa,"Conservas, aceites y condimentos",Ventresca Atún Aceite de Oliva 75 Gr,"60,67 € / 1 Kg","4,55 €",CALVO
Despensa,"Conservas, aceites y condimentos",Canela Molida Frasco 39 Gr,"6,79 € / 100 Gr","2,65 €",DUCROS
Despensa,"Conservas, aceites y condimentos",Canela en Rama Frasco 10 Gr,"26,50 € / 100 Gr","2,65 €",DUCROS
Despensa,"Conservas, aceites y condimentos",Sofrito de Tomate y Verduras Frasco 350 Gr,"6,43 € / 1 Kg","2,25 €",G.BLANCA
Despensa,"Conservas, aceites y condimentos",Mayonesa Tarro 450 ml,"5,31 € / 1 L","2,39 €",YBARRA
Despensa,"Conservas, aceites y condimentos",Salsa Gourmet Gorgonzola y Nueces 180 Gr,"11,94 € / 1 Kg","2,40 €
2,15 €",RANA
Despensa,"Conservas, aceites y condimentos",Ketchup 50% Menos Azúcar y Sal 550 Gr,"6,16 € / 1 Kg","3,99 €
3,39 €",HEINZ
Despensa,"Conservas, aceites y condimentos",Bonito del Norte en Aceite de Oliva 80 Gr,"31,13 € / 1 Kg","3,19 €
2,49 €",CONSORCIO
Despensa,"Conservas, aceites y condimentos",Aceite de Girasol Botella 5 L,"1,35 € / 1 L","6,95 €
6,75 €",CONSUM
Despensa,"Conservas, aceites y condimentos",Aceite de Oliva Virgen 1 L,"10,99 € / 1 L","12,95 €
10,99 €",CARBONELL
Despensa,"Conservas, aceites y condimentos",Salsa Napolitana Frasco 400 Gr,"8,23 € / 1 Kg","3,29 €",BARILLA
Despensa,"Conservas, aceites y condimentos",Berberechos al Natural Bote 90 Gr,"49,88 € / 1 Kg","4,99 €
4,49 €",CABO PEÑAS
Despensa,"Conservas, aceites y condimentos",Salsa Alioli Frasco 225 ml,"7,33 € / 1 L","1,65 €",YBARRA
Despensa,"Conservas, aceites y condimentos",Especia Líquida Trufa Blanca Spray 40 ml,"6,23 € / 100 ml","2,75 €
2,49 €",TURCI
Despensa,"Conservas, aceites y condimentos",Aceto Balsámico Di Módena 250 ml,"7,80 € / 1 L","2,15 €
1,95 €",FERRARINI
Despensa,"Conservas, aceites y condimentos",Maíz Dulce Lata Pack de 3 3 x 140 Gr,"3,81 € / 1 Kg","1,70 €
1,60 €",CONSUM
Despensa,"Conservas, aceites y condimentos",Tomate y Pimiento Frito Lata 420 Gr,"3,73 € / 1 Kg","1,85 €
1,57 €",VEGA BAJA
Despensa,"Conservas, aceites y condimentos",Mayonesa Deliciosa Pet 400 ml,"6,38 € / 1 L","2,99 €
2,55 €",HEINZ
Despensa,"Conservas, aceites y condimentos",Tomate Frito Casero Lata Pack de 3 3 x 100 Gr,"5,67 € / 1 Kg","2,00 €
1,70 €",SOLIS
Despensa,"Conservas, aceites y condimentos",Crema Balsámica de Modena 0% Azúcares 400 Gr,"4,48 € / 1 Kg","1,99 €
1,79 €",VULPI
Despensa,"Conservas, aceites y condimentos",Salsa Carbonara Frasco 330 Gr,"9,00 € / 1 Kg","2,97 €",GALLO
Despensa,"Conservas, aceites y condimentos",Salsa Allioli Tarro 200 ml,"7,95 € / 1 L","1,99 €
1,59 €",CHOVI
Despensa,"Conservas, aceites y condimentos",Filete de Caballa del Sur en Aceite Oliva Bajo Sal 82 Gr,"29,88 € / 1 Kg","2,45 €",CALVO
Despensa,"Conservas, aceites y condimentos",Atún Claro Aceite Oliva Pack 3 3 x 48 Gr,"31,87 € / 1 Kg","5,39 €
4,59 €",ALBO
Despensa,"Conservas, aceites y condimentos",Salsa Arrabbiata Frasco 400 Gr,"8,23 € / 1 Kg","3,29 €",BARILLA
Despensa,"Conservas, aceites y condimentos",Aceite de Girasol Botella 1 L,"1,95 € / 1 L","2,59 €
1,95 €",KOIPESOL
Despensa,"Conservas, aceites y condimentos",Atún Aceite Girasol Lata 650 Gr,"9,92 € / 1 Kg","6,65 €
6,45 €",CONSUM
Despensa,"Conservas, aceites y condimentos",Salsa Súper Boloñesa Tarro 350 Gr,"9,11 € / 1 Kg","3,19 €",GALLO
Despensa,"Conservas, aceites y condimentos",Maíz Dulce Pack de 3 Lata 3 x 140 Gr,"8,31 € / 1 Kg","3,49 €",BONDUELLE
Despensa,"Conservas, aceites y condimentos",Salsa Bolognesa Frasco 300 Gr,"5,33 € / 1 Kg","1,69 €
1,60 €",CONSUM
Despensa,"Conservas, aceites y condimentos",Mariñas del Norte al Ajillo 42 Gr,"3,22 € / 100 Gr","1,59 €
1,35 €",CABO PEÑAS
Despensa,"Conservas, aceites y condimentos",Atún Claro Aceite Girasol Pack de 6 6 x 52 Gr,"18,27 € / 1 Kg","6,79 €
5,70 €",CALVO
Despensa,"Conservas, aceites y condimentos",Crema de Vinagre Manzana 250 ml,"9,40 € / 1 L","2,75 €
2,35 €",CONSUM
Despensa,"Conservas, aceites y condimentos",Sardinillas en Aceite de Oliva Virgen extra 82 Gr,"25,00 € / 1 Kg","2,45 €
2,05 €",ALBO
Despensa,"Conservas, aceites y condimentos",Pisto Casero de Verduras Frasco 350 Gr,"6,43 € / 1 Kg","2,25 €",G.BLANCA
Despensa,"Conservas, aceites y condimentos",Salero 0% Sodio 250 Gr,"12,20 € / 1 Kg","3,59 €
3,05 €",ARANCA
Despensa,"Conservas, aceites y condimentos",Ketchup original Bote 540 Gr,"4,72 € / 1 Kg","2,99 €
2,55 €",PRIMA
Despensa,"Conservas, aceites y condimentos",Mayonesa Original Bote 400 ml,"5,48 € / 1 L","2,55 €
2,19 €",PRIMA
Despensa,"Conservas, aceites y condimentos",Aceite de Oliva Virgen Extra 3 L,"9,80 € / 1 L","32,65 €
29,40 €",ACESUR
Despensa,"Conservas, aceites y condimentos",Atún en Aceite de Oliva 3 x 52 Gr,"21,73 € / 1 Kg","3,99 €
3,39 €",CALVO
Despensa,"Conservas, aceites y condimentos",Salsa Carbonara 180 Gr,"11,94 € / 1 Kg","2,40 €
2,15 €",RANA
Despensa,"Conservas, aceites y condimentos",Allioli extra suave 150 ml,"6,66 € / 1 L","1,25 €
1,00 €",CHOVI
Despensa,"Conservas, aceites y condimentos",Allioli Extra Suave Tarro 190 ml,"8,37 € / 1 L","1,99 €
1,59 €",CHOVI
Despensa,"Conservas, aceites y condimentos",Salsa Tomate con Queso Grana Padano 350 Gr,"7,40 € / 1 Kg","2,59 €",GALLO
Despensa,"Conservas, aceites y condimentos",Sardinillas en Tomate 105 Gr,"18,00 € / 1 Kg","2,25 €
1,89 €",ALBO
Despensa,"Conservas, aceites y condimentos",Laurel en Hojas Caja 15 Gr,"6,60 € / 100 Gr","0,99 €",SABATER
Despensa,"Conservas, aceites y condimentos",Salsa Pimienta Verde Sobre 50 Gr,"39,80 € / 1 Kg","1,99 €",G.BLANCA
Despensa,"Conservas, aceites y condimentos",Sardinas Picantonas Lata 85 Gr,"27,65 € / 1 Kg","2,35 €",ALBO
Despensa,"Conservas, aceites y condimentos","Aceite de Oliva 0,4º Botella 1 L","13,99 € / 1 L","13,99 €",CARBONELL
Despensa,"Conservas, aceites y condimentos",Mostaza Dijón Originale Frasco 215 Gr,"16,70 € / 1 Kg","3,59 €",MAILLE
Despensa,"Conservas, aceites y condimentos",Mejillones en Escabeche 8/12 Piezas 69 Gr,"57,83 € / 1 Kg","3,99 €",CALVO
Despensa,"Conservas, aceites y condimentos",Mejillones en Escabeche 13/18 Piezas 69 Gr,"34,06 € / 1 Kg","2,35 €",CALVO
Despensa,"Conservas, aceites y condimentos",Judías Finas Frasco 360 Gr,"8,86 € / 1 Kg","3,19 €",BONDUELLE
Despensa,"Conservas, aceites y condimentos",Tomate Frito Frasco 360 Gr,"4,14 € / 1 Kg","1,49 €",SOLIS
Despensa,"Conservas, aceites y condimentos",Tomate Frito Lata 400 Gr,"4,38 € / 1 Kg","1,75 €",HIDA
Despensa,"Conservas, aceites y condimentos",Pisto con Verduras Lata 400 Gr,"4,98 € / 1 Kg","1,99 €",HIDA
Despensa,"Conservas, aceites y condimentos",Allioli Mortero 180 ml,"7,50 € / 1 L","1,35 €",CHOVI
Despensa,"Conservas, aceites y condimentos",Piña en su Jugo 490 Gr,"3,67 € / 1 Kg","1,80 €",PELLI
Despensa,"Conservas, aceites y condimentos",Tomate Troceado Lata 780 Gr,"1,73 € / 1 Kg","1,35 €",CONSUM
Despensa,"Conservas, aceites y condimentos",Tomate Triturado Lata 400 Gr,"1,80 € / 1 Kg","0,72 €",CONSUM
Despensa,"Conservas, aceites y condimentos",Tomate Triturado Lata 800 Gr,"1,23 € / 1 Kg","0,98 €",CONSUM
Despensa,"Conservas, aceites y condimentos",Tomate Frito Estilo Casero 300 Gr,"5,63 € / 1 Kg","1,69 €",CONSUM
Despensa,"Conservas, aceites y condimentos",Espárragos Extra 8/12 Piezas Frasco 205 Gr,"9,76 € / 1 Kg","2,00 €",CONSUM
Despensa,"Conservas, aceites y condimentos",Champiñones Laminados Lata 185 Gr,"5,41 € / 1 Kg","1,00 €",CONSUM
Despensa,"Conservas, aceites y condimentos",Salsa Bechamel Pack de 2 2 x 250 ml,"7,98 € / 1 L","3,99 €",PRESIDENT
Despensa,"Conservas, aceites y condimentos",Carne de Alcachofas Lata 240 Gr,"9,79 € / 1 Kg","2,35 €",PELLI
Despensa,"Conservas, aceites y condimentos",Sardinas en Tomate Lata 78 Gr,"14,74 € / 1 Kg","1,15 €",CONSUM
Despensa,"Conservas, aceites y condimentos",Sardina en Aceite Girasol Lata 84 Gr,"13,69 € / 1 Kg","1,15 €",CONSUM
Despensa,"Conservas, aceites y condimentos",Sardinas en Aceite Oliva Lata 84 Gr,"17,26 € / 1 Kg","1,45 €",CONSUM
Despensa,"Conservas, aceites y condimentos","Atún Claro Aceite Oliva Lata 72,5 Gr","21,38 € / 1 Kg","1,55 €",CONSUM
Despensa,"Conservas, aceites y condimentos",Mejillones en Escabeche 8/12 Piezas 69 Gr,"34,78 € / 1 Kg","2,40 €",CONSUM
Despensa,"Conservas, aceites y condimentos",Mejillones en Escabeche 13/18 Piezas 69 Gr,"26,09 € / 1 Kg","1,80 €",CONSUM
Despensa,"Conservas, aceites y condimentos",Espinacas Frasco 425 Gr,"3,27 € / 1 Kg","1,39 €",CONSUM
Despensa,"Conservas, aceites y condimentos",Patatas Pequeñas Entera Frasco 400 Gr,"4,88 € / 1 Kg","1,95 €",CONSUM
Despensa,"Conservas, aceites y condimentos",Pimientos Piquillo Entero 8/12 Piezas Frasco 225 Gr,"5,73 € / 1 Kg","1,29 €",CONSUM
Despensa,"Conservas, aceites y condimentos",Salsa Picante Louisiana 110 Gr,"11,73 € / 1 Kg","1,29 €",CHOVI
Despensa,"Conservas, aceites y condimentos",Sardinilla al Limón 6/8 Piezas Lata 60 Gr,"14,83 € / 1 Kg","0,89 €",CONSUM
Despensa,"Conservas, aceites y condimentos",Sardinillas Picantes Lata 60 Gr,"14,17 € / 1 Kg","0,85 €",CONSUM
Despensa,"Conservas, aceites y condimentos",Trozos de Calamar en Salsa Americana Pack 3 x 59 Gr,"10,45 € / 1 Kg","1,85 €",CONSUM
Despensa,"Conservas, aceites y condimentos",Atún en Tomate Pack de 3 3 x 52 Gr,"12,82 € / 1 Kg","2,00 €",CONSUM
Despensa,"Conservas, aceites y condimentos",Atún Claro Natural Pack de 3 3 x 56 Gr,"14,23 € / 1 Kg","2,39 €",CONSUM
Despensa,"Conservas, aceites y condimentos",Atún Claro Aceite Girasol Pack de 3 3 x 52 Gr,"16,99 € / 1 Kg","2,65 €",CONSUM
Despensa,"Conservas, aceites y condimentos",Atún Claro Bajo en Sal en Aceite de Oliva Pack 3 3 x 52 Gr,"18,27 € / 1 Kg","2,85 €",CONSUM
Despensa,"Conservas, aceites y condimentos",Atún Claro Aceite Oliva Pack de 3 3 x 52 Gr,"18,91 € / 1 Kg","2,95 €",CONSUM
Despensa,"Conservas, aceites y condimentos",Judías Verdes Anchas Frasco 360 Gr,"3,61 € / 1 Kg","1,30 €",CONSUM
Despensa,"Conservas, aceites y condimentos",Bonito en Aceite de Oliva Lata 72 Gr,"24,86 € / 1 Kg","1,79 €",CONSUM
Despensa,"Conservas, aceites y condimentos",Vinagre de Vino Blanco 1 L,"0,75 € / 1 L","0,75 €",CONSUM
Despensa,"Conservas, aceites y condimentos",Vinagre de Manzana 1 L,"0,90 € / 1 L","0,90 €",CONSUM
Despensa,"Conservas, aceites y condimentos","Vinagre de Jerez Botella Cristal 0,25 L","8,00 € / 1 L","2,00 €",CONSUM
Despensa,"Conservas, aceites y condimentos","Vinagre Balsámico de Módena 0,25 L","5,40 € / 1 L","1,35 €",CONSUM
Despensa,"Conservas, aceites y condimentos",Macedonia de Verduras Frasco 325 Gr,"2,77 € / 1 Kg","0,90 €",CONSUM
Despensa,"Conservas, aceites y condimentos",Piña en su Jugo Pack de 3 3 x 136 Gr,"5,36 € / 1 Kg","2,25 €",PELLI
Despensa,"Conservas, aceites y condimentos",Piña en su Jugo 340 Gr,"4,85 € / 1 Kg","1,65 €",PELLI
Despensa,"Conservas, aceites y condimentos",Ajo Molido Tarro 58 Gr,"12,93 € / 1 Kg","0,75 €",CONSUM
Despensa,"Conservas, aceites y condimentos",Canela Molida Tarro 39 Gr,"2,05 € / 100 Gr","0,80 €",CONSUM
Despensa,"Conservas, aceites y condimentos",Colorante Alimenticio Tarro 60 Gr,"11,67 € / 1 Kg","0,70 €",CONSUM
Despensa,"Conservas, aceites y condimentos",Orégano Tarro 12 Gr,"6,67 € / 100 Gr","0,80 €",CONSUM
Despensa,"Conservas, aceites y condimentos",Perejil Tarro 8 Gr,"8,75 € / 100 Gr","0,70 €",CONSUM
Despensa,"Conservas, aceites y condimentos",Piñones Caja 40 Gr,"7,38 € / 100 Gr","2,95 €",CONSUM
Despensa,"Conservas, aceites y condimentos",Salsa Bechamel Brik 500 ml,"5,38 € / 1 L","2,69 €",RENY PICOT
Despensa,"Conservas, aceites y condimentos",Espárragos Extra 6/9 Piezas Frasco 325 Gr,"9,38 € / 1 Kg","3,05 €",CONSUM
Despensa,"Conservas, aceites y condimentos",Ajoaceite Artesano 115 Gr,"14,70 € / 1 Kg","1,69 €",CAMPILLO
Despensa,"Conservas, aceites y condimentos",Melocotón en Almíbar Lata 480 Gr,"4,27 € / 1 Kg","2,05 €",CONSUM
Despensa,"Conservas, aceites y condimentos",Melocotón en Almíbar Lata 240 Gr,"5,79 € / 1 Kg","1,39 €",CONSUM
Despensa,"Conservas, aceites y condimentos",Navajas al Natural Lata 60 Gr,"53,17 € / 1 Kg","3,19 €",CONSUM
Despensa,"Conservas, aceites y condimentos",Sal Yodada Bolsa 1 Kg,"0,35 € / 1 Kg","0,35 €",CONSUM
Despensa,"Conservas, aceites y condimentos",Sal Fina Bolsa 1 Kg,"0,35 € / 1 Kg","0,35 €",CONSUM
Despensa,"Conservas, aceites y condimentos",Sal Gruesa Bolsa 1 Kg,"0,35 € / 1 Kg","0,35 €",CONSUM
Despensa,"Conservas, aceites y condimentos",Sal para Horneados Bolsa 2 Kg,"0,48 € / 1 Kg","0,95 €",CONSUM
Despensa,"Conservas, aceites y condimentos",Atún Claro Aceite Oliva Pack de 6 6 x 52 Gr,"16,83 € / 1 Kg","5,25 €",CONSUM
Despensa,"Conservas, aceites y condimentos",Alcachofas 16/20 Piezas Frasco 165 Gr,"17,27 € / 1 Kg","2,85 €",PELLI
Despensa,"Conservas, aceites y condimentos",Atún Claro Natural 0% M.G Pack de 3 3 x 56 Gr,"24,70 € / 1 Kg","4,15 €",CALVO
Despensa,"Conservas, aceites y condimentos",Melocotón en Almíbar Pack de 3 3 x 115 Gr,"6,81 € / 1 Kg","2,35 €",CONSUM
Despensa,"Conservas, aceites y condimentos",Zamburiñas Salsa Vieira Lata 65 Gr,"30,00 € / 1 Kg","1,95 €",CONSUM
Despensa,"Conservas, aceites y condimentos",Filetes de Caballa en Aceite Girasol Lata 80 Gr,"13,63 € / 1 Kg","1,09 €",CONSUM
Despensa,"Conservas, aceites y condimentos",Filetes de Caballa Sur en Escabeche Lata 78 Gr,"12,69 € / 1 Kg","0,99 €",CONSUM
Despensa,"Conservas, aceites y condimentos",Zumo de Limón Exprimido 280 ml,"4,11 € / 1 L","1,15 €",SOLIMON
Despensa,"Conservas, aceites y condimentos",Tomate Tamizado Lata 400 Gr,"2,25 € / 1 Kg","0,90 €",CONSUM
Despensa,"Conservas, aceites y condimentos",Filete Atún Claro Aceite de Oliva Frasco 163 Gr,"33,68 € / 1 Kg","5,49 €",CALVO
Despensa,"Conservas, aceites y condimentos",Jugoso al Horno Hierbas Provenzales 34 Gr,"3,50 € / 100 Gr","1,19 €",MAGGI
Despensa,"Conservas, aceites y condimentos",Tomate Frito Brik Pack de 3 3 x 210 Gr,"3,10 € / 1 Kg","1,95 €",ORLANDO
Despensa,"Conservas, aceites y condimentos",Tomate Frito Aceite Oliva Brik Pack de 3 3 x 200 Gr,"2,33 € / 1 Kg","1,40 €",CONSUM
Despensa,"Conservas, aceites y condimentos",Pimentón de la Vera Dulce Lata 70 Gr,"48,43 € / 1 Kg","3,39 €",MC CORMICK
Despensa,"Conservas, aceites y condimentos",Tomate Triturado Natural Lata 400 Gr,"3,98 € / 1 Kg","1,59 €",ORLANDO
Despensa,"Conservas, aceites y condimentos",Salsa con Soja 150 ml,"19,93 € / 1 L","2,99 €",HEINZ
Despensa,"Conservas, aceites y condimentos",Escamas de Sal Marina Caja 125 Gr,"24,72 € / 1 Kg","3,09 €",MALDON
Despensa,"Conservas, aceites y condimentos",Cebolla Crujiente Bote 100 Gr,"15,90 € / 1 Kg","1,59 €",ARGENTE
Despensa,"Conservas, aceites y condimentos",Filete de Caballa Sur Aceite de Oliva 80 Gr,"32,38 € / 1 Kg","2,59 €",PESASUR
Despensa,"Conservas, aceites y condimentos",Tomate con Pimiento Verde Lata 400 Gr,"3,38 € / 1 Kg","1,35 €",HIDA
Despensa,"Conservas, aceites y condimentos",Filetes de Melva Aceite de Oliva 80 Gr,"49,88 € / 1 Kg","3,99 €",PESASUR
Despensa,"Conservas, aceites y condimentos",Tomate Frito Brik 350 Gr,"2,54 € / 1 Kg","0,89 €",SOLIS
Despensa,"Conservas, aceites y condimentos",Aceite de Oliva Intenso 1 L,"13,99 € / 1 L","13,99 €",CARBONELL
Despensa,"Conservas, aceites y condimentos",Mayonesa Ajonesa Bote 400 ml,"7,98 € / 1 L","3,19 €",CHOVI
Despensa,"Conservas, aceites y condimentos",Tomate Frito Artesanal Frasco 300 Gr,"6,17 € / 1 Kg","1,85 €",LAS CORONAS
Despensa,"Conservas, aceites y condimentos",Tomate Frito Receta Tradicional Frasco 300 Gr,"5,50 € / 1 Kg","1,65 €",CONSUM
Despensa,"Conservas, aceites y condimentos",Atún en Aceite Girasol Pack de 2 2 x 52 Gr,"18,17 € / 1 Kg","1,89 €",CABO PEÑAS
Despensa,"Conservas, aceites y condimentos",Salsa Romesco Tarro 290 Gr,"9,14 € / 1 Kg","2,65 €",D'ATENEA
Despensa,"Conservas, aceites y condimentos",Champiñones Enteros Lata 185 Gr,"7,84 € / 1 Kg","1,45 €",CONSUM
Despensa,"Conservas, aceites y condimentos",Aceite de Semillas Botella 1 L,"3,15 € / 1 L","3,15 €",LA PISTA
Despensa,"Conservas, aceites y condimentos",Yemas de Espárragos Extra Frasco 110 Gr,"16,27 € / 1 Kg","1,79 €",CONSUM
Despensa,"Conservas, aceites y condimentos",Acelgas Frasco 425 Gr,"4,12 € / 1 Kg","1,75 €",CONSUM
Despensa,"Conservas, aceites y condimentos",Cebolla Frita Pack de 2 latas 2 x 155 Gr,"8,03 € / 1 Kg","2,49 €",HIDA
Despensa,"Conservas, aceites y condimentos",Tomate para Untar con Aceite y Ajo Tarrina 4 x 22 Gr,"14,66 € / 1 Kg","1,29 €",IBERITOS
Despensa,"Conservas, aceites y condimentos",Sardinas en Escabeche Lata 84 Gr,"13,33 € / 1 Kg","1,12 €",CONSUM
Despensa,"Conservas, aceites y condimentos",Filetes de Caballa con Tomate Lata 78 Gr,"12,69 € / 1 Kg","0,99 €",CONSUM
Despensa,"Conservas, aceites y condimentos",Ajonesa Bote 250 ml,"9,16 € / 1 L","2,29 €",CHOVI
Despensa,"Conservas, aceites y condimentos",Pimentón Dulce Lata 75 Gr,"28,67 € / 1 Kg","2,15 €",SABATER
Despensa,"Conservas, aceites y condimentos",Pimentón Dulce Lata 75 Gr,"37,20 € / 1 Kg","2,79 €",DUCROS
Despensa,"Conservas, aceites y condimentos",Sazonador Ajo Perejil Tarro 43 Gr,"5,23 € / 100 Gr","2,25 €",DUCROS
Despensa,"Conservas, aceites y condimentos",Bacalao a la Vizcaína Lata 70 Gr,"39,29 € / 1 Kg","2,75 €",CABO PEÑAS
Despensa,"Conservas, aceites y condimentos",Salsa Ligera Bocabajo 430 ml,"6,16 € / 1 L","2,65 €",LIGERESA
Despensa,"Conservas, aceites y condimentos",Menestra Verduras Frasco 400 Gr,"6,50 € / 1 Kg","2,60 €",CONSUM
Despensa,"Conservas, aceites y condimentos",Sardinillas en Escabeche Lata 60 Gr,"13,33 € / 1 Kg","0,80 €",CONSUM
Despensa,"Conservas, aceites y condimentos",Mejillones en Escabeche Pack de 3 3 x 43 Gr,"22,40 € / 1 Kg","2,89 €",CONSUM
Despensa,"Conservas, aceites y condimentos","Aderezo de Limón 0,5 L","1,58 € / 1 L","0,79 €",CONSUM
Despensa,"Conservas, aceites y condimentos",Hierbas Provenzales Tarro 20 Gr,"4,00 € / 100 Gr","0,80 €",CONSUM
Despensa,"Conservas, aceites y condimentos",Pimienta Negra Molida Tarro 44 Gr,"2,84 € / 100 Gr","1,25 €",CONSUM
Despensa,"Conservas, aceites y condimentos",Tomillo Tarro 18 Gr,"3,89 € / 100 Gr","0,70 €",CONSUM
Despensa,"Conservas, aceites y condimentos",Chipirones Rellenos en Aceite Girasol Lata 70 Gr,"32,71 € / 1 Kg","2,29 €",CONSUM
Despensa,"Conservas, aceites y condimentos",Tomate Doble Concentrado Lata 170 Gr,"8,53 € / 1 Kg","1,45 €",HIDA
Despensa,"Conservas, aceites y condimentos",Sardinas en Aceite Oliva Lata 84 Gr,"19,64 € / 1 Kg","1,65 €",CALVO
Despensa,"Conservas, aceites y condimentos",Salsa Burger Bote 260 Gr,"8,81 € / 1 Kg","2,29 €",HELLMANN'S
Despensa,"Conservas, aceites y condimentos",Salsa Bolognese 400 Gr,"10,73 € / 1 Kg","4,29 €",BARILLA
Despensa,"Conservas, aceites y condimentos",Bonito del Norte en Aceite Oliva 82 Gr,"43,78 € / 1 Kg","3,59 €",ALBO
Despensa,"Conservas, aceites y condimentos",Tomate Frito con Aceite Oliva Virgen Extra Frasco 560 Gr,"4,73 € / 1 Kg","2,65 €",HELIOS
Despensa,"Conservas, aceites y condimentos","Vinagre de Vino Tinto 0,5 L","1,10 € / 1 L","0,55 €",CONSUM
Despensa,"Conservas, aceites y condimentos",Judías Verdes Extra Finas Frasco 280 Gr,"16,75 € / 1 Kg","4,69 €",BONDUELLE
Despensa,"Conservas, aceites y condimentos",Colorante Alimentario Tarro 60 Gr,"35,83 € / 1 Kg","2,15 €",DUCROS
Despensa,"Conservas, aceites y condimentos",Orégano Tarro 10 Gr,"22,50 € / 100 Gr","2,25 €",DUCROS
Despensa,"Conservas, aceites y condimentos",Pimentón Dulce Tarro 45 Gr,"1,89 € / 100 Gr","0,85 €",CONSUM
Despensa,"Conservas, aceites y condimentos",Ensalada California de Atún 150 Gr,"9,67 € / 1 Kg","1,45 €",CALVO
Despensa,"Conservas, aceites y condimentos",Melocotón Almibar Ligero Lata 480 Gr,"4,90 € / 1 Kg","2,35 €",SOL ARCHENA
Despensa,"Conservas, aceites y condimentos",Salsa Casera Tarro 430 ml,"6,16 € / 1 L","2,65 €",CALVÉ
Despensa,"Conservas, aceites y condimentos",Aceite de Oliva Virgen Extra 1 L,"15,95 € / 1 L","15,95 €",CARBONELL
Despensa,"Conservas, aceites y condimentos",Comino Molido Tarro 45 Gr,"1,78 € / 100 Gr","0,80 €",CONSUM
Despensa,"Conservas, aceites y condimentos",Salsa Allioli Pet 250 ml,"9,16 € / 1 L","2,29 €",CHOVI
Despensa,"Conservas, aceites y condimentos",Bonito en Aceite de Oliva Tarro 160 Gr,"30,94 € / 1 Kg","4,95 €",CONSUM
Despensa,"Conservas, aceites y condimentos",Salsa Miel y Mostaza 400 ml,"9,38 € / 1 L","3,75 €",HEINZ
Despensa,"Conservas, aceites y condimentos",Mayonesa Bocabajo 500 ml,"4,50 € / 1 L","2,25 €",YBARRA
Despensa,"Conservas, aceites y condimentos",Mejillones en Escabeche 4/6 Piezas 72 Gr,"48,47 € / 1 Kg","3,49 €",NAVAL
Despensa,"Conservas, aceites y condimentos",Mayonesa Bocabajo 430 ml,"7,56 € / 1 L","3,25 €",HELLMANN'S
Despensa,"Conservas, aceites y condimentos",Bonito del Norte en Aceite de Oliva 260 Gr,"36,12 € / 1 Kg","9,39 €",CONSORCIO
Despensa,"Conservas, aceites y condimentos",Piñones Pelados Tarro 45 Gr,"11,09 € / 100 Gr","4,99 €",SABATER
Despensa,"Conservas, aceites y condimentos",Salsa Cocktail Tarro Cristal 225 ml,"7,51 € / 1 L","1,69 €",YBARRA
Despensa,"Conservas, aceites y condimentos",Canela en Rama Tarro 10 Gr,"7,50 € / 100 Gr","0,75 €",CONSUM
Despensa,"Conservas, aceites y condimentos",Romero Tarro 24 Gr,"3,54 € / 100 Gr","0,85 €",CONSUM
Despensa,"Conservas, aceites y condimentos",Jugoso al Horno Ajillo al Toque de Perejil 34 Gr,"3,31 € / 100 Gr","1,19 €",MAGGI
Despensa,"Conservas, aceites y condimentos",Jugoso al Horno a la Barbacoa 30 Gr,"3,97 € / 100 Gr","1,19 €",MAGGI
Despensa,"Conservas, aceites y condimentos",Salsa Soja con Menos Sal 250 ml,"19,56 € / 1 L","4,89 €",KIKKOMAN
Despensa,"Conservas, aceites y condimentos","Aceite de Oliva Virgen Extra Gran Selección 0,75 L","13,27 € / 1 L","9,95 €",CARBONELL
Despensa,"Conservas, aceites y condimentos",Molinillo Sal Rosa del Himalaya 105 Gr,"21,43 € / 1 Kg","2,25 €",TOQUE
Despensa,"Conservas, aceites y condimentos",Atún Claro en Escabeche Pack de 3 3 x 52 Gr,"15,96 € / 1 Kg","2,49 €",CONSUM
Despensa,"Conservas, aceites y condimentos",Sazonador Guacamole 20 Gr,"6,95 € / 100 Gr","1,39 €",OLD EL PASO
Despensa,"Conservas, aceites y condimentos",Aceite de Oliva Intenso Summun 1 L,"10,49 € / 1 L","10,49 €",LA MASIA
Despensa,"Conservas, aceites y condimentos",Sardinas Bajas en Sal en Aceite de Oliva 84 Gr,"23,69 € / 1 Kg","1,99 €",CABO PEÑAS
Despensa,"Conservas, aceites y condimentos",Sazonador Burritos Sobre 40 Gr,"3,48 € / 100 Gr","1,39 €",OLD EL PASO
Despensa,"Conservas, aceites y condimentos",Colorante Alimentario en Sobres 45 Gr,"3,67 € / 100 Gr","1,65 €",SABATER
Despensa,"Conservas, aceites y condimentos",Ajo Tarro 58 Gr,"43,97 € / 1 Kg","2,55 €",DUCROS
Despensa,"Conservas, aceites y condimentos",Pimienta Cayena Molida Tarro 38 Gr,"6,18 € / 100 Gr","2,35 €",DUCROS
Despensa,"Conservas, aceites y condimentos",Nuez Moscada Entera Tarro 25 Gr,"13,80 € / 100 Gr","3,45 €",DUCROS
Despensa,"Conservas, aceites y condimentos",Nuez Moscada Molida Tarro 32 Gr,"9,03 € / 100 Gr","2,89 €",DUCROS
Despensa,"Conservas, aceites y condimentos",Pimienta Negra Molida Tarro 40 Gr,"6,98 € / 100 Gr","2,79 €",DUCROS
Despensa,"Conservas, aceites y condimentos",Salsa Worcestershire Botella 150 ml,"21,67 € / 1 L","3,25 €",LEA&PERRINS
Despensa,"Conservas, aceites y condimentos",Salsa Picante 60 ml,"64,17 € / 1 L","3,85 €",TABASCO
Despensa,"Conservas, aceites y condimentos",Mostaza a L'Ancienne Frasco 210 Gr,"17,10 € / 1 Kg","3,59 €",MAILLE
Despensa,"Conservas, aceites y condimentos",Clavos Enteros Tarro 23 Gr,"14,13 € / 100 Gr","3,25 €",DUCROS
Despensa,"Conservas, aceites y condimentos",Hierbabuena Tarro 13 Gr,"18,08 € / 100 Gr","2,35 €",DUCROS
Despensa,"Conservas, aceites y condimentos",Pebrella Tarro 15 Gr,"17,93 € / 100 Gr","2,69 €",SABATER
Despensa,"Conservas, aceites y condimentos",Preparado Gazpacho Caja 6 Gr,"24,83 € / 100 Gr","1,49 €",SABATER
Despensa,"Conservas, aceites y condimentos",Cardo Frasco 400 Gr,"4,38 € / 1 Kg","1,75 €",CONSUM
Despensa,"Conservas, aceites y condimentos",Trozos de Calamar en Tinta Pack de 3 3 x 59 Gr,"11,30 € / 1 Kg","2,00 €",CONSUM
Despensa,"Conservas, aceites y condimentos",Trufa Natural Tarro 10 Gr,"34,50 € / 100 Gr","3,45 €",LEYENDA
Despensa,"Conservas, aceites y condimentos",Mejillones Salsa Vieira 13/18 Piezas 69 Gr,"27,54 € / 1 Kg","1,90 €",CONSUM
Despensa,"Conservas, aceites y condimentos","Azafrán Molido Sobres 0,3 Gr","1.183,33 € / 100 Gr","3,55 €",DUCROS
Despensa,"Conservas, aceites y condimentos",Ñoras Caja 20 Gr,"14,95 € / 100 Gr","2,99 €",DUCROS
Despensa,"Conservas, aceites y condimentos",Albahaca Tarro 15 Gr,"5,00 € / 100 Gr","0,75 €",CONSUM
Despensa,"Conservas, aceites y condimentos",Guindilla Entera Tarro 11 Gr,"8,18 € / 100 Gr","0,90 €",CONSUM
Despensa,"Conservas, aceites y condimentos",Eneldo Tarro 15 Gr,"6,60 € / 100 Gr","0,99 €",CONSUM
Despensa,"Conservas, aceites y condimentos",Pimentón Picante Tarro 38 Gr,"2,37 € / 100 Gr","0,90 €",CONSUM
Despensa,"Conservas, aceites y condimentos",Pimienta Blanca Molida Tarro 43 Gr,"2,91 € / 100 Gr","1,25 €",CONSUM
Despensa,"Conservas, aceites y condimentos",Pimienta Negra en Grano Tarro 48 Gr,"2,29 € / 100 Gr","1,10 €",CONSUM
Despensa,"Conservas, aceites y condimentos",Ensalada Pasta con Atún Bol 240 Gr,"9,96 € / 1 Kg","2,39 €",CARRETILLA
Despensa,"Conservas, aceites y condimentos",Jengibre Tarro 26 Gr,"9,58 € / 100 Gr","2,49 €",DUCROS
Despensa,"Conservas, aceites y condimentos",Salsa Curry con Mango 225 Gr,"10,89 € / 1 Kg","2,45 €",HEINZ
Despensa,"Conservas, aceites y condimentos","Azafrán en Hebras Caja 0,36 Gr","791,67 € / 100 Gr","2,85 €",SABATER
Despensa,"Conservas, aceites y condimentos","Azafrán Molido Caja 0,5 Gr","570,00 € / 100 Gr","2,85 €",SABATER
Despensa,"Conservas, aceites y condimentos",Habitas Fritas Baby. Frasco 140 Gr,"23,21 € / 1 Kg","3,25 €",CONSUM
Despensa,"Conservas, aceites y condimentos",Allioli Artesano con Aceite de Oliva 150 Gr,"12,33 € / 1 Kg","1,85 €",CHOVI
Despensa,"Conservas, aceites y condimentos",Ajonjolí Semillas de Sésamo 50 Gr,"5,76 € / 100 Gr","2,59 €",DUCROS
Despensa,"Conservas, aceites y condimentos",Salsa Cesar para Ensaladas 250 ml,"10,76 € / 1 L","2,69 €",CHOVI
Despensa,"Conservas, aceites y condimentos",Salsa Yogurt para Ensaladas 250 ml,"10,76 € / 1 L","2,69 €",CHOVI
Despensa,"Conservas, aceites y condimentos",Ensaladilla Rusa Bol 240 Gr,"9,96 € / 1 Kg","2,39 €",CARRETILLA
Despensa,"Conservas, aceites y condimentos",Sazonador Oriental Tarro 32 Gr,"8,91 € / 100 Gr","2,85 €",DUCROS
Despensa,"Conservas, aceites y condimentos",Ensalada Rusa con Atún 150 Gr,"9,67 € / 1 Kg","1,45 €",CALVO
Despensa,"Conservas, aceites y condimentos",Sazonador Carnes Tarro 17 Gr,"16,76 € / 100 Gr","2,85 €",DUCROS
Despensa,"Conservas, aceites y condimentos",Sazonador Espaguetis Tarro 32 Gr,"8,91 € / 100 Gr","2,85 €",DUCROS
Despensa,"Conservas, aceites y condimentos",Cilantro Hojas Tarro 7 Gr,"34,14 € / 100 Gr","2,39 €",DUCROS
Despensa,"Conservas, aceites y condimentos",Sazonador Italia Tarro 30 Gr,"9,50 € / 100 Gr","2,85 €",DUCROS
Despensa,"Conservas, aceites y condimentos",Sazonador México Tarro 40 Gr,"7,13 € / 100 Gr","2,85 €",DUCROS
Despensa,"Conservas, aceites y condimentos",Sazonador Marruecos Tarro 32 Gr,"8,91 € / 100 Gr","2,85 €",DUCROS
Despensa,"Conservas, aceites y condimentos",Salsa de Miel y Mostaza 255 Gr,"10,55 € / 1 Kg","2,69 €",CHOVI
Despensa,"Conservas, aceites y condimentos",Filete de Caballa del Sur Aceite de Girasol 342 Gr,"20,44 € / 1 Kg","6,99 €",PESASUR
Despensa,"Conservas, aceites y condimentos",Espárrago 6/8 D.O. Navarra. Frasco 205 Gr,"27,76 € / 1 Kg","5,69 €",DANTZA
Despensa,"Conservas, aceites y condimentos",Molinillo Pimienta Negra Tarro 35 Gr,"3,71 € / 100 Gr","1,30 €",CONSUM
Despensa,"Conservas, aceites y condimentos",Molinillo Pimienta 4 Bayas Tarro 34 Gr,"3,38 € / 100 Gr","1,15 €",CONSUM
Despensa,"Conservas, aceites y condimentos",Salsa Kebab White Bote 250 ml,"9,16 € / 1 L","2,29 €",CHOVI
Despensa,"Conservas, aceites y condimentos",Eneldo Frasco 10 Gr,"23,50 € / 100 Gr","2,35 €",DUCROS
Despensa,"Conservas, aceites y condimentos",Hierbas Provenzales Frasco 18 Gr,"13,06 € / 100 Gr","2,35 €",DUCROS
Despensa,"Conservas, aceites y condimentos",Comino Molido Frasco 28 Gr,"8,39 € / 100 Gr","2,35 €",DUCROS
Despensa,"Conservas, aceites y condimentos","Cebollino Frasco 2,5 Gr","94,00 € / 100 Gr","2,35 €",DUCROS
Despensa,"Conservas, aceites y condimentos",Cebolla Frasco 30 Gr,"7,83 € / 100 Gr","2,35 €",DUCROS
Despensa,"Conservas, aceites y condimentos",Canela 5 Ramas Paquete 22 Gr,"25,23 € / 100 Gr","5,55 €",DUCROS
Despensa,"Conservas, aceites y condimentos",Albahaca Frasco 12 Gr,"19,58 € / 100 Gr","2,35 €",DUCROS
Despensa,"Conservas, aceites y condimentos",Romero Frasco 23 Gr,"10,22 € / 100 Gr","2,35 €",DUCROS
Despensa,"Conservas, aceites y condimentos",Pimienta Negra Entera Frasco 48 Gr,"6,44 € / 100 Gr","3,09 €",DUCROS
Despensa,"Conservas, aceites y condimentos",Pimienta Cayena Entera Frasco 11 Gr,"21,36 € / 100 Gr","2,35 €",DUCROS
Despensa,"Conservas, aceites y condimentos",Pimienta Blanca Molida Frasco 40 Gr,"7,73 € / 100 Gr","3,09 €",DUCROS
Despensa,"Conservas, aceites y condimentos",Pimentón Picante Frasco 37 Gr,"6,35 € / 100 Gr","2,35 €",DUCROS
Despensa,"Conservas, aceites y condimentos",Paella Marinera Sobre 9 Gr,"27,67 € / 100 Gr","2,49 €",DUCROS
Despensa,"Conservas, aceites y condimentos",Pimentón Dulce Frasco 40 Gr,"5,88 € / 100 Gr","2,35 €",DUCROS
Despensa,"Conservas, aceites y condimentos",Calamares en Salsa Americana 72 Gr,"36,81 € / 1 Kg","2,65 €",ALBO
Despensa,"Conservas, aceites y condimentos",Gran Salsa Mostaza Bote 257 Gr,"8,91 € / 1 Kg","2,29 €",HELLMANN'S
Despensa,"Conservas, aceites y condimentos",Guisantes Extra Finos Frasco 465 Gr,"8,37 € / 1 Kg","3,89 €",BONDUELLE
Despensa,"Conservas, aceites y condimentos",Ensalada Mediterránea Frasco 300 Gr,"12,30 € / 1 Kg","3,69 €",BONDUELLE
Despensa,"Conservas, aceites y condimentos",Salsa Barbacoa Classic Pet 400 ml,"7,27 € / 1 Kg","3,49 €",HEINZ
Despensa,"Conservas, aceites y condimentos",Mostaza a la Miel Frasco 230 Gr,"15,61 € / 1 Kg","3,59 €",MAILLE
Despensa,"Conservas, aceites y condimentos",Canela Molida Saigón Frasco 40 Gr,"9,48 € / 100 Gr","3,79 €",DUCROS
Despensa,"Conservas, aceites y condimentos",Curry Tradición Frasco 53 Gr,"71,51 € / 1 Kg","3,79 €",DUCROS
Despensa,"Conservas, aceites y condimentos",Preparado para Paella Frasco 53 Gr,"52,64 € / 1 Kg","2,79 €",SABATER
Despensa,"Conservas, aceites y condimentos",Ensalada Mediterránea 150 Gr,"9,67 € / 1 Kg","1,45 €",CALVO
Despensa,"Conservas, aceites y condimentos",Salsa Mayonesa Deliciosa 480 ml,"6,02 € / 1 L","2,89 €",HEINZ
Despensa,"Conservas, aceites y condimentos",Aceite de Oliva Virgen Botella 3 L,"9,50 € / 1 L","28,50 €",CONSUM
Despensa,"Conservas, aceites y condimentos","Aceite de Oliva Virgen Botella 0,5 L","10,50 € / 1 L","5,25 €",CONSUM
Despensa,"Conservas, aceites y condimentos","Aceite de Oliva Virgen Extra Cristal 0,75 L","10,80 € / 1 L","8,10 €",CONSUM
Despensa,"Conservas, aceites y condimentos",Salsa Barbacoa Pet 250 ml,"8,04 € / 1 Kg","2,29 €",HELLMANN'S
Despensa,"Conservas, aceites y condimentos",Salsa Pesto Tarro 190 Gr,"13,32 € / 1 Kg","2,53 €",GALLO
Despensa,"Conservas, aceites y condimentos",Sopa Juliana 100 Gr,"26,90 € / 1 Kg","2,69 €",TREVIJANO
Despensa,"Conservas, aceites y condimentos",Champiñón Mini Frasco 170 Gr,"14,65 € / 1 Kg","2,49 €",BONDUELLE
Despensa,"Conservas, aceites y condimentos",Zanahoria Rallada Frasco 280 Gr,"9,82 € / 1 Kg","2,75 €",BONDUELLE
Despensa,"Conservas, aceites y condimentos",Rovellón Entero Extra Frasco 180 Gr,"21,06 € / 1 Kg","3,79 €",EMPERATRIZ
Despensa,"Conservas, aceites y condimentos",Rovellón Trozos Frasco 180 Gr,"16,61 € / 1 Kg","2,99 €",EMPERATRIZ
Despensa,"Conservas, aceites y condimentos",Sopa de Quinoa Deshidratada Bandeja 200 Gr,"15,95 € / 1 Kg","3,19 €",TREVIJANO
Despensa,"Conservas, aceites y condimentos",Aceite Oliva Virgen Extra Botella 1 L,"9,90 € / 1 L","9,90 €",CONSUM
Despensa,"Conservas, aceites y condimentos",Cerezas Rojas Almíbar Frasco 90 Gr,"21,67 € / 1 Kg","1,95 €",HELIOS
Despensa,"Conservas, aceites y condimentos",Cabello de Angel Lata 520 Gr,"4,23 € / 1 Kg","2,20 €",HIDA
Despensa,"Conservas, aceites y condimentos",Cocktail de Frutas Lata 480 Gr,"5,52 € / 1 Kg","2,65 €",SOL ARCHENA
Despensa,"Conservas, aceites y condimentos",Dulce Boniato Lata 850 Gr,"4,47 € / 1 Kg","3,80 €",PELLI
Despensa,"Conservas, aceites y condimentos",Pera Almíbar 480 Gr,"5,85 € / 1 Kg","2,69 €",SOL ARCHENA
Despensa,"Conservas, aceites y condimentos",Ensalada de Quinoa Bol 230 Gr,"10,39 € / 1 Kg","2,39 €",CARRETILLA
Despensa,"Conservas, aceites y condimentos",Anís Verde Matalauva Tarro 37 Gr,"7,00 € / 100 Gr","2,59 €",DUCROS
Despensa,"Conservas, aceites y condimentos",Aceite de Oliva Virgen Botella 1 L,"9,55 € / 1 L","9,55 €",CONSUM
Despensa,"Conservas, aceites y condimentos",Cebolla Crujiente Paquete 70 Gr,"21,29 € / 1 Kg","1,49 €",FLORETTE
Despensa,"Conservas, aceites y condimentos",Frutos Rojos y Mango Paquete 55 Gr,"34,36 € / 1 Kg","1,89 €",FLORETTE
Despensa,"Conservas, aceites y condimentos",Frutos Secos Especial Ensaladas 70 Gr,"27,00 € / 1 Kg","1,89 €",FLORETTE
Despensa,"Conservas, aceites y condimentos",Picatostes Ajo Finas Hierbas Paquet 70 Gr,"21,29 € / 1 Kg","1,49 €",FLORETTE
Despensa,"Conservas, aceites y condimentos",Picatostes César Paquete 70 Gr,"21,29 € / 1 Kg","1,49 €",FLORETTE
Despensa,"Conservas, aceites y condimentos",Picatostes Natural Paquete 65 Gr,"22,92 € / 1 Kg","1,49 €",FLORETTE
Despensa,"Conservas, aceites y condimentos",Ketchup Ecológico Bote 580 Gr,"7,22 € / 1 Kg","4,19 €",HEINZ
Despensa,"Conservas, aceites y condimentos",Aceite Oliva Virgen Extra Primera Cosecha 500 ml,"13,90 € / 1 L","6,95 €",CONSUM
Despensa,"Conservas, aceites y condimentos",Aderezo para cocktail Drink & Spices 36 Gr,"10,42 € / 100 Gr","3,75 €",COCKTELEA
Despensa,"Conservas, aceites y condimentos",Aderezo para cocktail Drink & Fruit 12 Gr,"31,25 € / 100 Gr","3,75 €",COCKTELEA
Despensa,"Conservas, aceites y condimentos",Aceite de Oliva Virgen Extra 3 L,"9,85 € / 1 L","29,55 €",CONSUM
Despensa,"Conservas, aceites y condimentos",Guisantes Lata Pack de 3 3 x 65 Gr,"13,28 € / 1 Kg","2,59 €",BONDUELLE
Despensa,"Conservas, aceites y condimentos",Maíz Dulce Lata Pack de 3 3 x 70 Gr,"12,33 € / 1 Kg","2,59 €",BONDUELLE
Despensa,"Conservas, aceites y condimentos",Salsa Vinagreta Gourmet 250 Gr,"8,76 € / 1 Kg","2,19 €",FLORETTE
Despensa,"Conservas, aceites y condimentos",Salsa Módena y Miel 250 Gr,"8,76 € / 1 Kg","2,19 €",FLORETTE
Despensa,"Conservas, aceites y condimentos",Molinillo Sal con Hierbas Tarro 78 Gr,"28,85 € / 1 Kg","2,25 €",TOQUE
Despensa,"Conservas, aceites y condimentos",Aceite de Oliva Virgen Extra 500 ml,"17,00 € / 1 L","8,50 €",FINC.BADENES
Despensa,"Conservas, aceites y condimentos",Filete de Caballa del Sur Frasco 180 Gr,"27,72 € / 1 Kg","4,99 €",PESASUR
Despensa,"Conservas, aceites y condimentos",Aceite de Girasol Botella 1 L,"1,45 € / 1 L","1,45 €",CONSUM
Despensa,"Conservas, aceites y condimentos",Allioli Bolsa Monodosis 8 x 18 Gr,"13,13 € / 1 Kg","1,89 €",CHOVI
Despensa,"Conservas, aceites y condimentos",Tomate Frito Brik Pack de 3 3 x 390 Gr,"1,20 € / 1 Kg","1,40 €",CONSUM
Despensa,"Conservas, aceites y condimentos",Aceite de Oliva Suave 1 L,"9,25 € / 1 L","9,25 €",CONSUM
Despensa,"Conservas, aceites y condimentos",Aceite de Oliva Intenso 1 L,"9,25 € / 1 L","9,25 €",CONSUM
Despensa,"Conservas, aceites y condimentos",Melocotón sin Azúcar Lata 480 Gr,"5,52 € / 1 Kg","2,65 €",CONSUM
Despensa,"Conservas, aceites y condimentos",Aceite de Semillas Botella 5 L,"1,59 € / 1 L","7,95 €",CONSUM
Despensa,"Conservas, aceites y condimentos",Mostaza Amarilla Bote 240 Gr,"10,21 € / 1 Kg","2,45 €",HEINZ
Despensa,"Conservas, aceites y condimentos",Curry Madrás Intenso Frasco 45 Gr,"6,42 € / 100 Gr","2,89 €",DUCROS
Despensa,"Conservas, aceites y condimentos",Pimienta Brasil Suave Frasco 32 Gr,"9,66 € / 100 Gr","3,09 €",DUCROS
Despensa,"Conservas, aceites y condimentos",Salsa Pesto 185 Gr,"10,76 € / 1 Kg","1,99 €",CONSUM
Despensa,"Conservas, aceites y condimentos",Aceite de Semillas Botella 1 L,"1,69 € / 1 L","1,69 €",CONSUM
Despensa,"Conservas, aceites y condimentos",Salsa César Bote 400 ml,"9,38 € / 1 L","3,75 €",HEINZ
Despensa,"Conservas, aceites y condimentos",Salsa Boloñesa Chorizo Frasco 350 Gr,"7,40 € / 1 Kg","2,59 €",HIDA
Despensa,"Conservas, aceites y condimentos",Molinillo Pimienta Creación 34 Gr,"11,74 € / 100 Gr","3,99 €",DUCROS
Despensa,"Conservas, aceites y condimentos",Salsa Soja Clásica 250 ml,"18,36 € / 1 L","4,59 €",KIKKOMAN
Despensa,"Conservas, aceites y condimentos",Tomate Frito Oliva Brik Pack de 3 3 x 212 Gr,"4,48 € / 1 Kg","2,85 €",ORLANDO
Despensa,"Conservas, aceites y condimentos",Passata de Tomate Pasta de Tomate. Frasco 400 Gr,"7,23 € / 1 Kg","2,89 €",MUTTI
Despensa,"Conservas, aceites y condimentos",Polpa di Pomodoro Tomate TrIturado. Lata 400 Gr,"6,63 € / 1 Kg","2,65 €",MUTTI
Despensa,"Conservas, aceites y condimentos",Sardinas en Aceite Oliva Lata 85 Gr,"30,47 € / 1 Kg","2,59 €",CUCA
Despensa,"Conservas, aceites y condimentos",Salsa Brava Tarro 300 Gr,"6,30 € / 1 Kg","1,89 €",D'ATENEA
Despensa,"Conservas, aceites y condimentos",Aceite de Orujo Botella 1 L,"5,99 € / 1 L","5,99 €",GENIOLIVA
Despensa,"Conservas, aceites y condimentos",Aceite de Girasol Alto Oleico 1 L,"1,89 € / 1 L","1,89 €",CONSUM
Despensa,"Conservas, aceites y condimentos",Sazonador Barbacoa Frasco 44 Gr,"6,57 € / 100 Gr","2,89 €",DUCROS
Despensa,"Conservas, aceites y condimentos",Aceite de Maiz Botella 1 L,"2,99 € / 1 L","2,99 €",ASUA
Despensa,"Conservas, aceites y condimentos",Berberechos al Natural Pack 2 2 x 63 Gr,"45,16 € / 1 Kg","5,69 €",CABO PEÑAS
Despensa,"Conservas, aceites y condimentos",Tomate Entero Lata 480 Gr,"2,92 € / 1 Kg","1,40 €",CONSUM
Despensa,"Conservas, aceites y condimentos",Tomate Entero Lata 240 Gr,"3,33 € / 1 Kg","0,80 €",CONSUM
Despensa,"Conservas, aceites y condimentos",Mayo Vegana Bio Sin Huevo y Sin Lactosa 180 Gr,"13,83 € / 1 Kg","2,49 €",D'ATENEA
Despensa,"Conservas, aceites y condimentos",Superalimentos 5 semillas 100 Gr,"18,90 € / 1 Kg","1,89 €",FLORETTE
Despensa,"Conservas, aceites y condimentos",Ñora Molida Tarro 30 Gr,"7,50 € / 100 Gr","2,25 €",SABATER
Despensa,"Conservas, aceites y condimentos",Ñoras Secas Caja 20 Gr,"7,45 € / 100 Gr","1,49 €",SABATER
Despensa,"Conservas, aceites y condimentos",Tomate Frito Casero Frasco 550 Gr,"5,07 € / 1 Kg","2,79 €",SOLIS
Despensa,"Conservas, aceites y condimentos",Atún Claro en Aceite de Oliva 650 Gr,"16,91 € / 1 Kg","10,99 €",CAMPOS
Despensa,"Conservas, aceites y condimentos",Crema Aceto Balsámico Di Modena 250 ml,"13,00 € / 1 L","3,25 €",FERRARINI
Despensa,"Conservas, aceites y condimentos",Carne Pimiento Choricero Frasco 180 Gr,"11,06 € / 1 Kg","1,99 €",LEYENDA
Despensa,"Conservas, aceites y condimentos",Guisantes Medianos Lata Pack de 3 3 x 130 Gr,"5,00 € / 1 Kg","1,95 €",CONSUM
Despensa,"Conservas, aceites y condimentos",Edamame Lata Pack de 2 2 x 65 Gr,"19,92 € / 1 Kg","2,59 €",BONDUELLE
Despensa,"Conservas, aceites y condimentos",Pimiento Piquillo Tiras con Ajos Frasco 225 Gr,"5,11 € / 1 Kg","1,15 €",CONSUM
Despensa,"Conservas, aceites y condimentos",Salsa Boloñesa Frasco 355 Gr,"7,30 € / 1 Kg","2,59 €",HIDA
Despensa,"Conservas, aceites y condimentos",Pimiento Piquillo de Lodosa Frasco 180 Gr,"27,72 € / 1 Kg","4,99 €",DANTZA
Despensa,"Conservas, aceites y condimentos",Aceite de Oliva Virgen Extra Ecológico 500 ml,"14,80 € / 1 L","7,40 €",CONSUM ECO
Despensa,"Conservas, aceites y condimentos",Salsa Ligera Tarro 450 ml,"2,67 € / 1 L","1,20 €",CONSUM
Despensa,"Conservas, aceites y condimentos",Ketchup 560 Gr,"2,32 € / 1 Kg","1,30 €",CONSUM
Despensa,"Conservas, aceites y condimentos",Salsa Cèsar 300 ml,"4,33 € / 1 L","1,30 €",CONSUM
Despensa,"Conservas, aceites y condimentos",Mayonesa Pet 500 ml,"2,98 € / 1 L","1,49 €",CONSUM
Despensa,"Conservas, aceites y condimentos",Mostaza 300 Gr,"4,33 € / 1 Kg","1,30 €",CONSUM
Despensa,"Conservas, aceites y condimentos",Mayonesa Tarro 450 ml,"2,78 € / 1 L","1,25 €",CONSUM
Despensa,"Conservas, aceites y condimentos",Salsa Barbacoa 325 Gr,"3,54 € / 1 Kg","1,15 €",CONSUM
Despensa,"Conservas, aceites y condimentos",Salsa Cocktail 300 ml,"3,30 € / 1 L","0,99 €",CONSUM
Despensa,"Conservas, aceites y condimentos",Bicarbonato 1 Kg 1 Kg,"1,50 € / 1 Kg","1,50 €",EL VESUBIO
Despensa,"Conservas, aceites y condimentos",Relleno Empanadas Frasco 290 Gr,"8,28 € / 1 Kg","2,40 €",HIDA
Despensa,"Conservas, aceites y condimentos",Pesto Rosso Frasco 190 Gr,"13,32 € / 1 Kg","2,53 €",GALLO
Despensa,"Conservas, aceites y condimentos",Fritada Consum Frasco 350 Gr,"4,00 € / 1 Kg","1,40 €",CONSUM
Despensa,"Conservas, aceites y condimentos",Tomate Frito Tradicional Frasco 550 Gr,"4,36 € / 1 Kg","2,40 €",CONSUM
Despensa,"Conservas, aceites y condimentos",Salsa Cheddar Bacon Bote 245 Gr,"8,12 € / 1 Kg","1,99 €",ORLANDO
Despensa,"Conservas, aceites y condimentos",Kétchup Botella 460 Gr,"7,28 € / 1 Kg","3,35 €",HEINZ
Despensa,"Conservas, aceites y condimentos",Kétchup Botella 700 Gr,"5,56 € / 1 Kg","3,89 €",HEINZ
Despensa,"Conservas, aceites y condimentos",Judía Redonda Frasco 360 Gr,"3,61 € / 1 Kg","1,30 €",CONSUM
Despensa,"Conservas, aceites y condimentos",Yemas muy Gruesas Frasco 110 Gr,"41,73 € / 1 Kg","4,59 €",CARRETILLA
Despensa,"Conservas, aceites y condimentos",Espárragos Muy Gruesos Frasco 205 Gr,"18,00 € / 1 Kg","3,69 €",CARRETILLA
Despensa,"Conservas, aceites y condimentos",Espárragos Medianos Calidad Extra. Frasco 100 Gr,"14,09 € / 1 Kg","1,55 €",CONSUM
Despensa,"Conservas, aceites y condimentos",Tallos Espárragos Lata 250 Gr,"6,36 € / 1 Kg","1,59 €",CONSUM
Despensa,"Conservas, aceites y condimentos",Espárragos Trigueros Frasco 100 Gr,"15,50 € / 1 Kg","1,55 €",CONSUM
Despensa,"Conservas, aceites y condimentos",Apio Rallado Frasco 190 Gr,"5,79 € / 1 Kg","1,10 €",CONSUM
Despensa,"Conservas, aceites y condimentos",Brotes Germinados Frasco 190 Gr,"7,63 € / 1 Kg","1,45 €",CONSUM
Despensa,"Conservas, aceites y condimentos",Ensalada China Frasco 190 Gr,"6,26 € / 1 Kg","1,19 €",CONSUM
Despensa,"Conservas, aceites y condimentos",Remolacha Rallada Frasco 190 Gr,"4,16 € / 1 Kg","0,79 €",CONSUM
Despensa,"Conservas, aceites y condimentos",Remolacha Rodajas Frasco 190 Gr,"5,21 € / 1 Kg","0,99 €",CONSUM
Despensa,"Conservas, aceites y condimentos",Zanahoria Rallada Frasco 190 Gr,"3,95 € / 1 Kg","0,75 €",CONSUM
Despensa,"Conservas, aceites y condimentos",Espárragos muy Gruesos Frasco 110 Gr,"27,18 € / 1 Kg","2,99 €",CARRETILLA
Despensa,"Conservas, aceites y condimentos",Pimiento Morrón Entero Lata Pack de 3 3 x 60 Gr,"10,50 € / 1 Kg","1,89 €",CONSUM
Despensa,"Conservas, aceites y condimentos",Pimiento Tiras con Ajo Frasco 190 Gr,"7,84 € / 1 Kg","1,49 €",CONSUM
Despensa,"Conservas, aceites y condimentos",Pimiento Asado Tiras Lata Pack de 3 3 x 60 Gr,"7,50 € / 1 Kg","1,35 €",CONSUM
Despensa,"Conservas, aceites y condimentos",Salsa Tradicional Tarro Cristal 500 ml,"5,08 € / 1 L","2,49 €",KRAFT
Despensa,"Conservas, aceites y condimentos",Tomillo Entero Frasco 11 Gr,"21,73 € / 100 Gr","2,39 €",DUCROS
Despensa,"Conservas, aceites y condimentos",Berberechos al Natural 45/55 Piezas 63 Gr,"78,57 € / 1 Kg","4,95 €",CONSUM
Despensa,"Conservas, aceites y condimentos",Mayonesa Tarro Cristal 825 ml,"7,26 € / 1 L","5,99 €",HELLMANN'S
Despensa,"Conservas, aceites y condimentos",Tomate Frito Estilo Casero 350 Gr,"5,29 € / 1 Kg","1,85 €",HIDA
Despensa,"Conservas, aceites y condimentos",Salsa Gaucha 300 ml,"7,50 € / 1 L","2,25 €",YBARRA
Despensa,"Conservas, aceites y condimentos",Brócoli Natural Frasco 370 Gr,"4,30 € / 1 Kg","1,59 €",CONSUM
Despensa,"Conservas, aceites y condimentos",Champiñones Laminados Pack de 3 3 x 105 Gr,"6,95 € / 1 Kg","2,19 €",CONSUM
Despensa,"Conservas, aceites y condimentos",Sardinilla en Aceite de Girasol Pack de 2 2 x 65 Gr,"11,54 € / 1 Kg","1,50 €",CONSUM
Despensa,"Conservas, aceites y condimentos",Sardinilla en Tomate Pack 2 2 x 59 Gr,"11,86 € / 1 Kg","1,40 €",CONSUM
Despensa,"Conservas, aceites y condimentos",Sardinillas en Aceite de Oliva Pack 2 2 x 65 Gr,"14,23 € / 1 Kg","1,85 €",CONSUM
Despensa,"Conservas, aceites y condimentos",Sardinillas Bajo en Sal en Aceite Oliva Pack 2 2 x 65 Gr,"14,23 € / 1 Kg","1,85 €",CONSUM
Despensa,"Conservas, aceites y condimentos",Sal de Frutas 250 Gr,"8,00 € / 1 Kg","2,00 €",EL VESUBIO
Despensa,"Conservas, aceites y condimentos",Tomate Seco en Aceite 110 Gr,"24,09 € / 1 Kg","2,65 €",CONSUM
Despensa,"Conservas, aceites y condimentos",Orégano Bío Frasco 8 Gr,"33,63 € / 100 Gr","2,69 €",DUCROS
Despensa,"Conservas, aceites y condimentos",Ajo Bío Frasco 52 Gr,"54,81 € / 1 Kg","2,85 €",DUCROS
Despensa,"Conservas, aceites y condimentos",Canela Molida Bío Frasco 27 Gr,"10,93 € / 100 Gr","2,95 €",DUCROS
Despensa,"Conservas, aceites y condimentos",Cúrcuma Bío Frasco 42 Gr,"7,36 € / 100 Gr","3,09 €",DUCROS
Despensa,"Conservas, aceites y condimentos",Ajo Perejil Bío Frasco 22 Gr,"12,95 € / 100 Gr","2,85 €",DUCROS
Despensa,"Conservas, aceites y condimentos",Comino Molido Bío Frasco 30 Gr,"9,83 € / 100 Gr","2,95 €",DUCROS
Despensa,"Conservas, aceites y condimentos",Pimienta Negra Bío Frasco 43 Gr,"7,79 € / 100 Gr","3,35 €",DUCROS
Despensa,"Conservas, aceites y condimentos",Atún Claro Virgen Extra en Aceite de Oliva 3 x 52 Gr,"23,65 € / 1 Kg","3,69 €",CONSUM
Despensa,"Conservas, aceites y condimentos",Jengibre Molido Bío Frasco 32 Gr,"10,59 € / 100 Gr","3,39 €",DUCROS
Despensa,"Conservas, aceites y condimentos",Berberechos al Natural 80/100 63 Gr,"69,68 € / 1 Kg","4,39 €",CABO PEÑAS
Despensa,"Conservas, aceites y condimentos",Vinagre de Manzana Ecológico 500 ml,"4,10 € / 1 L","2,05 €",CONSUM ECO
Despensa,"Conservas, aceites y condimentos",Mazorquitas 190 Gr,"12,63 € / 1 Kg","2,40 €",CONSUM
Despensa,"Conservas, aceites y condimentos",Salsa Tradicional Frasco 275 ml,"6,51 € / 1 L","1,79 €",KRAFT
Despensa,"Conservas, aceites y condimentos",Tomate Triturado con Cebolla 390 Gr,"2,28 € / 1 Kg","0,89 €",CONSUM
Despensa,"Conservas, aceites y condimentos",Molinillo Sal Negra Frasco 100 Gr,"22,50 € / 1 Kg","2,25 €",TOQUE
Despensa,"Conservas, aceites y condimentos",Salsa Ligera Nature Tarro Cristal 430 ml,"6,49 € / 1 L","2,79 €",LIGERESA
Despensa,"Conservas, aceites y condimentos",Salsa Hot Mexican Bocabajo 266 Gr,"8,61 € / 1 Kg","2,29 €",HELLMANN'S
Despensa,"Conservas, aceites y condimentos",Atún Claro Natural Pack de 6 6 x 56 Gr,"12,95 € / 1 Kg","4,35 €",CONSUM
Despensa,"Conservas, aceites y condimentos",Kétchup Light 540 Gr,"2,20 € / 1 Kg","1,19 €",CONSUM
Despensa,"Conservas, aceites y condimentos",Tacos de Potón al Ajillo Lata 75 Gr,"20,00 € / 1 Kg","1,50 €",CONSUM
Despensa,"Conservas, aceites y condimentos",Tacos de Potón a la Marinera 72 Gr,"20,83 € / 1 Kg","1,50 €",CONSUM
Despensa,"Conservas, aceites y condimentos",Salmón Salvaje Alaska al natural 3 x 55 Gr,"25,39 € / 1 Kg","4,19 €",PESASUR
Despensa,"Conservas, aceites y condimentos",Filete de Sardina en Aceite de Oliva 75 Gr,"32,67 € / 1 Kg","2,45 €",CALVO
Despensa,"Conservas, aceites y condimentos",Tacos Potón en Aceite de Girasol 72 Gr,"20,83 € / 1 Kg","1,50 €",CONSUM
Despensa,"Conservas, aceites y condimentos",Mayonesa al Toque de Mostaza Dijon Tarro 320 Gr,"13,59 € / 1 Kg","4,35 €",MAILLE
Despensa,"Conservas, aceites y condimentos",Pesto Rústico con Tomate Seco 200 Gr,"14,95 € / 1 Kg","2,99 €",BARILLA
Despensa,"Conservas, aceites y condimentos",Salsa Ranchera 250 ml,"9,00 € / 1 L","2,25 €",YBARRA
Despensa,"Conservas, aceites y condimentos",Remolacha en Rodajas Frasco 305 Gr,"9,02 € / 1 Kg","2,75 €",BONDUELLE
Despensa,"Conservas, aceites y condimentos",Salsa Tártara Tarro 225 ml,"10,00 € / 1 L","2,25 €",CALVÉ
Despensa,"Conservas, aceites y condimentos",Salsa Vegana Tarro 280 ml,"15,18 € / 1 L","4,25 €",HELLMANN'S
Despensa,"Conservas, aceites y condimentos",Atún Claro Aceite Oliva Virgen Extra 3 x 52 Gr,"27,88 € / 1 Kg","4,35 €",CALVO
Despensa,"Conservas, aceites y condimentos",Atún Claro Aceite Oliva Pack de 3 3 x 52 Gr,"27,88 € / 1 Kg","4,35 €",CALVO
Despensa,"Conservas, aceites y condimentos",Atún Claro Aceite Oliva Pack de 6 6 x 52 Gr,"24,65 € / 1 Kg","7,69 €",CALVO
Despensa,"Conservas, aceites y condimentos",Atún Claro Aceite Oliva Bajo en Sal 3 x 52 Gr,"27,88 € / 1 Kg","4,35 €",CALVO
Despensa,"Conservas, aceites y condimentos",Mitades de Melocotón sin Azúcar Añadido 3 x 250 Gr,"7,68 € / 1 Kg","2,65 €",SOL ARCHENA
Despensa,"Conservas, aceites y condimentos",Salsa Tikka Masala Frasco 450 Gr,"6,64 € / 1 Kg","2,99 €",PATAK´S
Despensa,"Conservas, aceites y condimentos",Maíz Bío Pack de 2 2 x 140 Gr,"11,61 € / 1 Kg","3,25 €",BONDUELLE
Despensa,"Conservas, aceites y condimentos",Brotes de Judía Mungo Pack de 3 Lata 3 x 90 Gr,"12,56 € / 1 Kg","3,39 €",BONDUELLE
Despensa,"Conservas, aceites y condimentos",Crema de Vinagre Pedro Ximénez 250 ml,"9,00 € / 1 L","2,25 €",CONSUM
Despensa,"Conservas, aceites y condimentos",Crema de Vinagre Módena 250 ml,"7,00 € / 1 L","1,75 €",CONSUM
Despensa,"Conservas, aceites y condimentos",Guisantes Tiernos y Finos sin Azúcares Añadidos 3 x 140 Gr,"8,55 € / 1 Kg","3,59 €",BONDUELLE
Despensa,"Conservas, aceites y condimentos",Colorante Natural sin Tartracina 20 Gr,"7,25 € / 100 Gr","1,45 €",POTE
Despensa,"Conservas, aceites y condimentos",Atún Claro en Aceite de Oliva Virgen Extra P3 3 x 67 Gr,"39,55 € / 1 Kg","7,95 €",ALBO
Despensa,"Conservas, aceites y condimentos",Pimentón Picante D.O.P. de la Vera Lata 70 Gr,"48,43 € / 1 Kg","3,39 €",MC CORMICK
Despensa,"Conservas, aceites y condimentos",Pimiento Chipotle Picante Medio Tarro 46 Gr,"7,59 € / 100 Gr","3,49 €",DUCROS
Despensa,"Conservas, aceites y condimentos",Garam Masala Tarro 30 Gr,"7,83 € / 100 Gr","2,35 €",DUCROS
Despensa,"Conservas, aceites y condimentos",Piña en su Jugo Quality 825 Gr,"8,33 € / 1 Kg","4,25 €",DEL MONTE
Despensa,"Conservas, aceites y condimentos",Pimienta Verde Tarro 35 Gr,"9,40 € / 100 Gr","3,29 €",DUCROS
Despensa,"Conservas, aceites y condimentos",Salsa Napolitana Frasco 300 Gr,"5,17 € / 1 Kg","1,55 €",CONSUM
Despensa,"Conservas, aceites y condimentos",Molinillo Pimienta Negra Frasco 35 Gr,"11,40 € / 100 Gr","3,99 €",DUCROS
Despensa,"Conservas, aceites y condimentos",Molinillo 5 Bayas Tarro 24 Gr,"16,63 € / 100 Gr","3,99 €",DUCROS
Despensa,"Conservas, aceites y condimentos",Piña en su Jugo Quality Pack de 3 3 x 230 Gr,"11,07 € / 1 Kg","4,65 €",DEL MONTE
Despensa,"Conservas, aceites y condimentos",Salsa Tomate Albahaca y Orégano 300 Gr,"4,83 € / 1 Kg","1,45 €",CONSUM
Despensa,"Conservas, aceites y condimentos",Molinillo Pimienta Negra Bio Frasco 30 Gr,"14,63 € / 100 Gr","4,39 €",DUCROS
Despensa,"Conservas, aceites y condimentos",Salsa Carbonara Frasco 300 Gr,"5,63 € / 1 Kg","1,69 €",CONSUM
Despensa,"Conservas, aceites y condimentos",Guisantes Bío 2 x 130 Gr,"13,04 € / 1 Kg","3,39 €",BONDUELLE
Despensa,"Conservas, aceites y condimentos",Molinillo Ajustable Mezcla Picante Frasco 29 Gr,"13,76 € / 100 Gr","3,99 €",DUCROS
Despensa,"Conservas, aceites y condimentos",Atún Claro Aceite Girasol Pack de 3 3 x 52 Gr,"22,37 € / 1 Kg","3,49 €",CALVO
Despensa,"Conservas, aceites y condimentos",Guisante y Zanahoria Pack de 3 3 x 130 Gr,"10,23 € / 1 Kg","3,99 €",BONDUELLE
Despensa,"Conservas, aceites y condimentos",Filetes de Caballa en Aceite de Oliva 84 Gr,"16,55 € / 1 Kg","1,39 €",CONSUM
Despensa,"Conservas, aceites y condimentos",Salsa Guacamole Frasco 320 Gr,"10,59 € / 1 Kg","3,39 €",OLD EL PASO
Despensa,"Conservas, aceites y condimentos",Salsa de Queso Frasco 320 Gr,"11,22 € / 1 Kg","3,59 €",OLD EL PASO
Despensa,"Conservas, aceites y condimentos",Salsa Mejicana Frasco 312 Gr,"10,87 € / 1 Kg","3,39 €",OLD EL PASO
Despensa,"Conservas, aceites y condimentos",Aceite de Oliva Virgen Extra IGP Jaén 500 ml,"15,18 € / 1 L","7,59 €",AIRES
Despensa,"Conservas, aceites y condimentos",Tomate Frito Cebolla Caramelizada 495 Gr,"5,03 € / 1 Kg","2,49 €",ORLANDO
Despensa,"Conservas, aceites y condimentos",Aceite de Oliva Intenso 3 L,"11,65 € / 1 L","34,95 €",CARBONELL
Despensa,"Conservas, aceites y condimentos",Bicarbonato 300 ml,"0,37 € / 100 ml","1,10 €",EL VESUBIO
Despensa,"Conservas, aceites y condimentos",Ketchup 300 Gr,"4,97 € / 1 Kg","1,49 €",ORLANDO
Despensa,"Conservas, aceites y condimentos",Salsa Barbacoa Bull's-Eye 335 Gr,"10,90 € / 1 Kg","3,65 €",HEINZ
Despensa,"Conservas, aceites y condimentos",Atún Claro Lomos en Aceite de Oliva 135 Gr,"27,33 € / 1 Kg","3,69 €",CONSUM
Despensa,"Conservas, aceites y condimentos","Ventresca de Atún Claro en Aceite de Oliva 72,5 Gr","48,97 € / 1 Kg","3,55 €",CONSUM
Despensa,"Conservas, aceites y condimentos",Aceite de Oliva Virgen Extra Arbequina 500 ml,"14,18 € / 1 L","7,09 €",CONSUM
Despensa,"Conservas, aceites y condimentos",Ras El Hanout 38 Gr,"6,18 € / 100 Gr","2,35 €",DUCROS
Despensa,"Conservas, aceites y condimentos",Pesto Rosso con Aceto Balsámico di Modena 200 Gr,"14,95 € / 1 Kg","2,99 €",BARILLA
Despensa,"Conservas, aceites y condimentos",Jugoso al Horno Receta Mediterránea 31 Gr,"3,84 € / 100 Gr","1,19 €",MAGGI
Despensa,"Conservas, aceites y condimentos",Aceite de Oliva Virgen Extra Hojiblanca 1 L,"13,99 € / 1 L","13,99 €",COOSUR
Despensa,"Conservas, aceites y condimentos",Aceite de Coco Virgen Extra Ecológico 375 ml,"12,77 € / 1 L","4,79 €",LA ESPAÑOLA
Despensa,"Conservas, aceites y condimentos",Tomate Triturado Ecológico 400 Gr,"2,88 € / 1 Kg","1,15 €",CONSUM
Despensa,"Conservas, aceites y condimentos",Palmito Entero Frasco 250 Gr,"14,76 € / 1 Kg","3,69 €",PELLI
Despensa,"Conservas, aceites y condimentos",Surtido de Setas Ánfora 155 Gr,"10,26 € / 1 Kg","1,59 €",CELORRIO
Despensa,"Conservas, aceites y condimentos",Tomate Frito con Aceite de Oliva 360 Gr,"4,69 € / 1 Kg","1,69 €",SOLIS
Despensa,"Conservas, aceites y condimentos",Cocktail Almibar Ligero Pack de 3 3 x 115 Gr,"7,97 € / 1 Kg","2,75 €",SOL ARCHENA
Despensa,"Conservas, aceites y condimentos",Mayonesa Tarro 225 ml,"4,22 € / 1 L","0,95 €",CONSUM
Despensa,"Conservas, aceites y condimentos",Salsa Ligera Tarro 225 ml,"4,40 € / 1 L","0,99 €",CONSUM
Despensa,"Conservas, aceites y condimentos",Ensalada de Pimiento Frasco 355 Gr,"7,18 € / 1 Kg","2,55 €",ALSUR
Despensa,"Conservas, aceites y condimentos",Pimiento Asado Tiras Bandeja 250 Gr,"9,60 € / 1 Kg","2,40 €",SUQUIPA
Despensa,"Conservas, aceites y condimentos",Ketchup Original Bote 290 Gr,"6,17 € / 1 Kg","1,79 €",PRIMA
Despensa,"Conservas, aceites y condimentos",ketchup Cero Bote 265 Gr,"9,25 € / 1 Kg","2,45 €",PRIMA
Despensa,"Conservas, aceites y condimentos",Mayonesa Cero Bote 255 ml,"9,76 € / 1 L","2,49 €",PRIMA
Despensa,"Conservas, aceites y condimentos",Mostaza Original Bote 265 Gr,"6,75 € / 1 Kg","1,79 €",PRIMA
Despensa,"Conservas, aceites y condimentos",Barbacoa Cero Bote 265 Gr,"9,40 € / 1 Kg","2,49 €",PRIMA
Despensa,"Conservas, aceites y condimentos",Coliflor Cocida Frasco 360 Gr,"5,14 € / 1 Kg","1,85 €",ALSUR
Despensa,"Conservas, aceites y condimentos",Atún Claro al Natural Proteina Natural 120 Gr,"26,58 € / 1 Kg","3,19 €",FRINSA
Despensa,"Conservas, aceites y condimentos",Merluza del Cabo Natural Proteina Natural 120 Gr,"26,58 € / 1 Kg","3,19 €",FRINSA
Despensa,"Conservas, aceites y condimentos",Ketchup Original Bolsitas 12 x 10 Gr,"16,58 € / 1 Kg","1,99 €",PRIMA
Despensa,"Conservas, aceites y condimentos",Salsa Mexicana Queso Tarro 300 Gr,"5,63 € / 1 Kg","1,69 €",CONSUM
Despensa,"Conservas, aceites y condimentos",Salsa Mexicana Tarro 300 Gr,"5,63 € / 1 Kg","1,69 €",CONSUM
Despensa,"Conservas, aceites y condimentos",Salsa Guacamole Tarro 300 Gr,"5,63 € / 1 Kg","1,69 €",CONSUM
Despensa,"Conservas, aceites y condimentos",Mayonesa Original Bolsitas 12 x 10 ml,"17,08 € / 1 L","2,05 €",PRIMA
Despensa,"Conservas, aceites y condimentos",Tomate Frito Brik 780 Gr,"2,37 € / 1 Kg","1,85 €",ORLANDO
Despensa,"Conservas, aceites y condimentos",Sazonador para Burritos 30 Gr,"3,30 € / 100 Gr","0,99 €",CONSUM
Despensa,"Conservas, aceites y condimentos",Sazonador para Fajitas 30 Gr,"3,30 € / 100 Gr","0,99 €",CONSUM
Despensa,"Conservas, aceites y condimentos",Cebolla Molida 50 Gr,"45,00 € / 1 Kg","2,25 €",DUCROS
Despensa,"Conservas, aceites y condimentos",Anís Estrellado 10 Gr,"25,90 € / 100 Gr","2,59 €",DUCROS
Despensa,"Conservas, aceites y condimentos",Pimiento Jalapeño Fuerte 26 Gr,"9,96 € / 100 Gr","2,59 €",DUCROS
Despensa,"Conservas, aceites y condimentos",Ajo Picado 52 Gr,"49,04 € / 1 Kg","2,55 €",DUCROS
Despensa,"Conservas, aceites y condimentos",Rodajas Deshidratadas de Naranja 60 Gr,"124,83 € / 1 Kg","7,49 €",COCKTELEA
Despensa,"Conservas, aceites y condimentos",Salsa Sabor Casero Bocabajo 430 Gr,"6,40 € / 1 Kg","2,75 €",CALVÉ
Despensa,"Conservas, aceites y condimentos",Mejillones 20/30 Piezas 69 Gr,"28,26 € / 1 Kg","1,95 €",CABO PEÑAS
Despensa,"Conservas, aceites y condimentos",Salsa para Pizza Lata 400 Gr,"6,88 € / 1 Kg","2,75 €",MUTTI
Despensa,"Conservas, aceites y condimentos",Bonito en Aceite de Oliva 195 Gr,"37,38 € / 1 Kg","7,29 €",CONSORCIO
Despensa,"Conservas, aceites y condimentos",Mejillones de Chile en Escabeche 2 x 95 Gr,"14,68 € / 1 Kg","2,79 €",CABO PEÑAS
Despensa,"Conservas, aceites y condimentos",Mejillones en Escabeche Pack de 3 3 x 43 Gr,"29,38 € / 1 Kg","3,79 €",ISABEL
Despensa,"Conservas, aceites y condimentos",Spray Especial Freidora de Aire 200 ml,"12,45 € / 1 L","2,49 €",LA ESPAÑOLA
Despensa,"Conservas, aceites y condimentos",Aceite 5 Semillas 750 ml,"3,45 € / 1 L","2,59 €",KOIPE
Despensa,"Conservas, aceites y condimentos",Allioli Multipack 4 x 55 ml,"8,41 € / 1 L","1,85 €",CHOVI
Despensa,"Conservas, aceites y condimentos",Salsa Sriracha 256 ml,"22,62 € / 1 L","5,79 €",TABASCO
Despensa,"Conservas, aceites y condimentos",Salsa Agripicante con Chili Dulce 300 ml,"9,67 € / 1 L","2,90 €",TIGER KHAN
Despensa,"Conservas, aceites y condimentos",Sriracha Mayo Botella 200 ml,"16,45 € / 1 L","3,29 €",FLYING DRAGO
Despensa,"Conservas, aceites y condimentos",Aceite de Oliva Virgen Extra Cristal 250 ml,"14,20 € / 1 L","3,55 €",CONSUM
Despensa,"Conservas, aceites y condimentos",Salsa Ligeresa 210 ml,"7,38 € / 1 L","1,55 €",LIGERESA
Despensa,"Conservas, aceites y condimentos",Sardinillas en Tomate 6/10 Piezas 56 Gr,"22,32 € / 1 Kg","1,25 €",CABO PEÑAS
Despensa,"Conservas, aceites y condimentos",Aceite de Oliva Virgen Extra 500 ml,"12,30 € / 1 L","6,15 €",CONSUM
Despensa,"Conservas, aceites y condimentos",Aderezo Drink Mix 1 U,"3,75 € / 1 U","3,75 €",COCKTELEA
Despensa,"Conservas, aceites y condimentos",Salsa de Ostras Botella 300 ml,"9,50 € / 1 L","2,85 €",TIGER KHAN
Despensa,"Conservas, aceites y condimentos",Salsa Hoisin Botella 300 ml,"11,97 € / 1 L","3,59 €",TIGER KHAN
Despensa,"Conservas, aceites y condimentos",Salsa Ligeresa 425 ml,"6,24 € / 1 L","2,65 €",LIGERESA
Despensa,"Conservas, aceites y condimentos",Aceite de Oliva Virgen Extra Cristal 500 ml,"16,90 € / 1 L","8,45 €",FINCA BADENE
Despensa,"Conservas, aceites y condimentos",Aceite de Oliva Virgen Extra 1 L,"10,85 € / 1 L","10,85 €",AIRES
Despensa,"Conservas, aceites y condimentos",Salsa Soja Baja en Sal y Sin Gluten 150 ml,"13,27 € / 1 L","1,99 €",TIGER KHAN
Despensa,"Conservas, aceites y condimentos",Aceite de Oliva Intenso 3 L,"9,20 € / 1 L","27,60 €",CONSUM
Despensa,"Conservas, aceites y condimentos",Aceite de Oliva Suave 3 L,"9,20 € / 1 L","27,60 €",CONSUM
Despensa,"Conservas, aceites y condimentos",Mayonesa 540 ml,"4,17 € / 1 L","2,25 €",MUSA
Despensa,"Conservas, aceites y condimentos",Salsa Teriyaki Botella 300 ml,"9,17 € / 1 L","2,75 €",TIGER KHAN
Despensa,"Conservas, aceites y condimentos",Aceite de Oliva Virgen Extra 2 L,"12,83 € / 1 L","25,65 €",AIRES
Despensa,"Conservas, aceites y condimentos",Filete de Atún al Natural 126 Gr,"31,67 € / 1 Kg","3,99 €",CALVO
Despensa,"Conservas, aceites y condimentos",Atún en Aceite de Girasol Vuelca Fácil 4 x 52 Gr,"16,78 € / 1 Kg","3,49 €",CALVO
Despensa,"Conservas, aceites y condimentos",Pesto Genovese 175 Gr,"18,00 € / 1 Kg","3,15 €",GAROFALO
Despensa,"Conservas, aceites y condimentos",Salero Sal Fina 250 Gr,"3,00 € / 1 Kg","0,75 €",CONSUM
Despensa,"Conservas, aceites y condimentos",Salsa Agridulce Frasco 300 ml,"9,83 € / 1 L","2,95 €",TIGER KHAN
Despensa,"Conservas, aceites y condimentos",Puerros Enteros Frasco 400 Gr,"8,50 € / 1 Kg","3,40 €",LEYENDA
Despensa,"Conservas, aceites y condimentos",Sal en Escamas 125 Gr,"19,92 € / 1 Kg","2,49 €",HALOS
Despensa,"Conservas, aceites y condimentos",Sal Rosa del Himalya 250 Gr,"9,96 € / 1 Kg","2,49 €",HALOS
Despensa,"Conservas, aceites y condimentos",Berberechos al Natural 55/75 Piezas 63 Gr,"62,70 € / 1 Kg","3,95 €",CONSUM
Despensa,"Conservas, aceites y condimentos",Berberechos al Natural 30/45 Piezas 63 Gr,"95,08 € / 1 Kg","5,99 €",CONSUM
Despensa,"Conservas, aceites y condimentos",Bechamel Sin Gluten Minibrik Pack de 3 3 x 200 ml,"4,65 € / 1 L","2,79 €",ASTURIANA
Despensa,"Conservas, aceites y condimentos",Bonito del Norte en Escabeche 2 x 47 Gr,"40,32 € / 1 Kg","3,79 €",ORTIZ
Despensa,"Conservas, aceites y condimentos",Maíz Dulce Lata 4 x 70 Gr,"6,04 € / 1 Kg","1,69 €",CONSUM
Despensa,"Conservas, aceites y condimentos",Bonito del Norte en Aceite de Oliva 2 x 47 Gr,"42,02 € / 1 Kg","3,95 €",ORTIZ
Despensa,"Conservas, aceites y condimentos",Sal en Escamas Ahumadas 125 Gr,"26,32 € / 1 Kg","3,29 €",HALOS
Despensa,"Conservas, aceites y condimentos",Escalivada con Cebolla Bandeja 250 Gr,"11,16 € / 1 Kg","2,79 €",SUQUIPA
Despensa,"Conservas, aceites y condimentos",Judia Verde en Tiras Frasco 350 Gr,"9,00 € / 1 Kg","3,15 €",GUTARRA
Despensa,"Conservas, aceites y condimentos",Setas Cultivo Troceadas Tarro 155 Gr,"9,61 € / 1 Kg","1,49 €",CELORRIO
Despensa,"Conservas, aceites y condimentos",Judías Verdes Extra Finas 345 Gr,"6,64 € / 1 Kg","2,29 €",CELORRIO
Despensa,"Conservas, aceites y condimentos",Berberechos al Natural XS 63 Gr,"47,46 € / 1 Kg","2,99 €",CONSUM
Despensa,"Conservas, aceites y condimentos",Caracoles de Mar al Natural 63 Gr,"47,46 € / 1 Kg","2,99 €",CONSUM
Despensa,"Conservas, aceites y condimentos",Filetes de Caballa de Andalucía Ac.Girasol 80 Gr,"24,88 € / 1 Kg","1,99 €",PESASUR
Despensa,"Conservas, aceites y condimentos","Ventresca de Bonito en Aceite de Oliva 72,5 Gr","89,52 € / 1 Kg","6,49 €",CABO PEÑAS
Despensa,"Conservas, aceites y condimentos",Atún Claro en Aceite de Girasol 82 Gr,"31,10 € / 1 Kg","2,55 €",ALBO
Despensa,"Conservas, aceites y condimentos",Mejillones en Salsa Brava 13/18 63 Gr,"34,13 € / 1 Kg","2,15 €",CONSUM
Despensa,"Conservas, aceites y condimentos",Mejillones a la Vinagreta 13/18 Piezas 63 Gr,"34,13 € / 1 Kg","2,15 €",CONSUM
Despensa,"Conservas, aceites y condimentos",Filetes de Melva en Aceite de Oliva 78 Gr,"26,79 € / 1 Kg","2,09 €",CONSUM
Despensa,"Conservas, aceites y condimentos",Almejas Blancas al Natural 63 Gr,"47,46 € / 1 Kg","2,99 €",CONSUM
Despensa,"Conservas, aceites y condimentos",Almejones al Natural 63 Gr,"23,65 € / 1 Kg","1,49 €",CONSUM
Despensa,"Conservas, aceites y condimentos",Salsa Ligera 400 ml,"5,13 € / 1 L","2,05 €",YBARRA
Despensa,"Conservas, aceites y condimentos",Vinagre de Manzana Sin Filtrar 500 ml,"3,40 € / 1 L","1,70 €",V.RIOJANAS
Despensa,"Conservas, aceites y condimentos",Aceite de Oliva Sin Filtrar 250 ml,"13,96 € / 1 L","3,49 €",AIRES
Despensa,"Conservas, aceites y condimentos",Lunch Bowl de Zanahoria Garbanzos-Maíz-Quinoa 250 Gr,"11,96 € / 1 Kg","2,99 €",BONDUELLE
Despensa,"Conservas, aceites y condimentos",Spray Aceite de Oliva Virgen Extra 200 ml,"19,95 € / 1 L","3,99 €",LA ESPAÑOLA
Despensa,"Conservas, aceites y condimentos",Spray Aceite de Oliva Virgen Extra a la Trufa 200 ml,"19,95 € / 1 L","3,99 €",LA ESPAÑOLA
Despensa,"Conservas, aceites y condimentos",Mejillón en Escabeche 8/12 Piezas 69 Gr,"43,33 € / 1 Kg","2,99 €",FRISCOS
Despensa,"Conservas, aceites y condimentos",Salero Sal Baja en Sodio 250 Gr,"9,00 € / 1 Kg","2,25 €",CHALUPA
Despensa,"Conservas, aceites y condimentos",Mejillones al Natural 13/18 Piezas 69 Gr,"28,84 € / 1 Kg","1,99 €",GALICA
Despensa,"Conservas, aceites y condimentos",Alcachofas 6/8 Lata 240 Gr,"11,04 € / 1 Kg","2,65 €",CYNARA
Despensa,"Conservas, aceites y condimentos",Cuartos de Alcachofa Lata 240 Gr,"9,79 € / 1 Kg","2,35 €",CYNARA
Despensa,"Conservas, aceites y condimentos",Alcachofas 8/12 Frasco 175 Gr,"13,43 € / 1 Kg","2,35 €",CYNARA
Despensa,"Conservas, aceites y condimentos",Alcachofas 10/12 Frasco 175 Gr,"18,00 € / 1 Kg","3,15 €",CYNARA
Despensa,"Conservas, aceites y condimentos",Set Monodosis Aceite Vinagre Sal 15 U,"0,13 € / 1 U","1,99 €",CAPRICHO
Despensa,"Conservas, aceites y condimentos",Salsa Allipebre Tarro 290 Gr,"12,03 € / 1 Kg","3,49 €",SAMARE
Despensa,"Desayuno, dulces y café",Harina de Trigo Paquete 1 Kg,"1,15 € / 1 Kg","1,39 €
1,15 €",GALLO
Despensa,"Desayuno, dulces y café",Chocolate a la Taza Brik 1 L,"2,30 € / 1 L","2,60 €
2,30 €",RAM
Despensa,"Desayuno, dulces y café",Galletas Creme Tropical 800 Gr,"3,69 € / 1 Kg","3,45 €
2,95 €",GULLON
Despensa,"Desayuno, dulces y café",Salvado All Bran 375 Gr,"9,84 € / 1 Kg","3,69 €",KELLOGG'S
Despensa,"Desayuno, dulces y café",Chocolate Puro con Almendras 250 Gr,"13,80 € / 1 Kg","3,90 €
3,45 €",VALOR
Despensa,"Desayuno, dulces y café",Cacao Instantáneo 390 Gr,"8,44 € / 1 Kg","3,29 €",NESQUIK
Despensa,"Desayuno, dulces y café",Cafe Soluble Natural Tarro 100 Gr,"39,90 € / 1 Kg","4,30 €
3,99 €",NESCAFE
Despensa,"Desayuno, dulces y café",Café Descafeinado Soluble 100 Gr,"39,90 € / 1 Kg","4,30 €
3,99 €",NESCAFE
Despensa,"Desayuno, dulces y café",Café Molido Natural 250 Gr,"13,80 € / 1 Kg","3,45 €",MARCILLA
Despensa,"Desayuno, dulces y café",Café Molido Mezcla 50/50 250 Gr,"13,80 € / 1 Kg","3,45 €",MARCILLA
Despensa,"Desayuno, dulces y café",Valencianas 12 Unidades 350 Gr,"5,11 € / 1 Kg","2,29 €
1,79 €",DULCESOL
Despensa,"Desayuno, dulces y café",Cacao en Polvo a la Taza 500 Gr,"5,50 € / 1 Kg","3,25 €
2,75 €",VALOR
Despensa,"Desayuno, dulces y café",Chocolate con Leche y Almendras 250 Gr,"13,80 € / 1 Kg","3,90 €
3,45 €",VALOR
Despensa,"Desayuno, dulces y café",Turrón Viena Pack de 6 6 x 30 Gr,"7,50 € / 1 Kg","1,50 €
1,35 €",MEIVEL
Despensa,"Desayuno, dulces y café",Galleta Chips Chocolate sin Azúcares 125 Gr,"12,40 € / 1 Kg","2,05 €
1,55 €",GULLON ZERO
Despensa,"Desayuno, dulces y café",Galletas Fibra sin Azúcares 170 Gr,"9,12 € / 1 Kg","2,05 €
1,55 €",GULLON ZERO
Despensa,"Desayuno, dulces y café",Café 100% Colombia Molido 250 Gr,"13,56 € / 1 Kg","4,05 €
3,39 €",VALIENTE
Despensa,"Desayuno, dulces y café",Galletas María Pack de 4 4 x 200 Gr,"1,94 € / 1 Kg","1,60 €
1,55 €",CONSUM
Despensa,"Desayuno, dulces y café",Galletas Doradas Pack de 4 4 x 200 Gr,"1,94 € / 1 Kg","1,60 €
1,55 €",CONSUM
Despensa,"Desayuno, dulces y café",Galleta Maria Integral 800 Gr,"2,00 € / 1 Kg","1,65 €
1,60 €",CONSUM
Despensa,"Desayuno, dulces y café",Galleta María sin Azúcares 400 Gr,"5,38 € / 1 Kg","2,65 €
2,15 €",GULLON ZERO
Despensa,"Desayuno, dulces y café",Magdalenas Redondas 615 Gr,"3,41 € / 1 Kg","2,19 €
2,10 €",CONSUM
Despensa,"Desayuno, dulces y café",Ensaimadas 6 Unidades 220 Gr,"4,32 € / 1 Kg","1,15 €
0,95 €",CONSUM
Despensa,"Desayuno, dulces y café",Galletas Digestive 800 Gr,"2,19 € / 1 Kg","1,80 €
1,75 €",CONSUM
Despensa,"Desayuno, dulces y café",Bizcochitos All Bran Cereales 6U 240 Gr,"16,63 € / 1 Kg","3,99 €",KELLOGG'S
Despensa,"Desayuno, dulces y café",Galletas Digestive Avena con Chocolate 425 Gr,"4,12 € / 1 Kg","2,19 €
1,75 €",GULLON
Despensa,"Desayuno, dulces y café",Galletas de Cacao Rellenas de Crema 154 Gr,"7,73 € / 1 Kg","1,45 €
1,19 €",OREO
Despensa,"Desayuno, dulces y café",Chocolate Relleno Caramelo 100 Gr,"12,90 € / 1 Kg","1,55 €
1,29 €",MILKA
Despensa,"Desayuno, dulces y café",Cacao Puro en Polvo sin Azúcar 250 Gr,"17,16 € / 1 Kg","4,29 €",VALOR
Despensa,"Desayuno, dulces y café",Chocolate con Oreo 100 Gr,"12,90 € / 1 Kg","1,55 €
1,29 €",MILKA
Despensa,"Desayuno, dulces y café",Mermelada Fresa de Temporada 350 Gr,"8,54 € / 1 Kg","2,99 €",HERO
Despensa,"Desayuno, dulces y café",Galleta Dinosaurus 329 Gr,"7,56 € / 1 Kg","2,89 €
2,49 €",ARTIACH
Despensa,"Desayuno, dulces y café",Mermelada de Higos De Temporada 350 Gr,"8,54 € / 1 Kg","2,99 €",HERO
Despensa,"Desayuno, dulces y café",Kinder Bueno 2 Unidades Pack 3 135 Gr,"22,15 € / 1 Kg","2,99 €",KINDER
Despensa,"Desayuno, dulces y café",Jengibre Con Limón 20 Bolsitas 20 U,"0,11 € / 1 U","2,50 €
2,09 €",POMPADOUR
Despensa,"Desayuno, dulces y café",Donuts Glace 4 Unidades 208 Gr,"13,70 € / 1 Kg","2,85 €",DONUTS
Despensa,"Desayuno, dulces y café",Cereales Lion Caramelo y Chocolate 400 Gr,"8,48 € / 1 Kg","3,99 €
3,39 €",NESTLE
Despensa,"Desayuno, dulces y café",Harina de Repostería Paquete 1 Kg,"1,35 € / 1 Kg","1,63 €
1,35 €",GALLO
Despensa,"Desayuno, dulces y café",Kinder Bueno White 2 Unidades Pack 3 117 Gr,"25,56 € / 1 Kg","2,99 €",KINDER
Despensa,"Desayuno, dulces y café","Kit Kat Pack de 9 Barritas 9 x 20,7 Gr","12,29 € / 1 Kg","2,99 €
2,29 €",NESTLE
Despensa,"Desayuno, dulces y café",Cereales Chocapic 500 Gr,"5,98 € / 1 Kg","3,59 €
2,99 €",NESTLE
Despensa,"Desayuno, dulces y café",Chocolate Líquido a la Taza Brik 1 L,"2,20 € / 1 L","2,30 €
2,20 €",CONSUM
Despensa,"Desayuno, dulces y café",Té Verde con Jengibre Sabor Naranja 20 U,"0,11 € / 1 U","2,50 €
2,09 €",POMPADOUR
Despensa,"Desayuno, dulces y café",Café Soluble Natural Vitalissimo 200 Gr,"29,45 € / 1 Kg","6,95 €
5,89 €",NESCAFE
Despensa,"Desayuno, dulces y café",Chocolate con Leche Extrafino Pack 3 x 125 Gr,"7,97 € / 1 Kg","3,89 €
2,99 €",NESTLE
Despensa,"Desayuno, dulces y café",Chocolate Extrafino Avellanas 123 Gr,"10,16 € / 1 Kg","1,69 €
1,25 €",NESTLE
Despensa,"Desayuno, dulces y café",Chocolate Extrafino con Almendras 123 Gr,"10,16 € / 1 Kg","1,69 €
1,25 €",NESTLE
Despensa,"Desayuno, dulces y café",Galleta Rellena de Crema Golden 154 Gr,"8,76 € / 1 Kg","1,55 €
1,35 €",OREO
Despensa,"Desayuno, dulces y café",Galleta Dorada al Horno sin Azúcares 330 Gr,"8,33 € / 1 Kg","3,25 €
2,75 €",GULLON ZERO
Despensa,"Desayuno, dulces y café",Galletas de Cacao Rellenas de Crema 220 Gr,"8,59 € / 1 Kg","2,25 €
1,89 €",OREO
Despensa,"Desayuno, dulces y café",Donuts Bombón 4 Unidades 220 Gr,"13,41 € / 1 Kg","2,95 €",DONUTS
Despensa,"Desayuno, dulces y café",Galletas Digestive sin Azúcares 400 Gr,"4,98 € / 1 Kg","2,65 €
1,99 €",GULLON ZERO
Despensa,"Desayuno, dulces y café",Galletas Campurrianas Caja 466 Gr,"6,42 € / 1 Kg","2,99 €",CUETARA
Despensa,"Desayuno, dulces y café",Galleta de Cacao Rellena con Doble Crema 185 Gr,"8,92 € / 1 Kg","1,95 €
1,65 €",OREO
Despensa,"Desayuno, dulces y café",Galleta Sandwich Chocolate sin Azúcares 250 Gr,"6,20 € / 1 Kg","2,05 €
1,55 €",GULLON ZERO
Despensa,"Desayuno, dulces y café",Galleta Animals Tostada 600 Gr,"2,66 € / 1 Kg","1,70 €
1,60 €",CONSUM KIDS
Despensa,"Desayuno, dulces y café",Medallones Queso Cabra 200 Gr,"14,90 € / 1 Kg","3,32 €
2,98 €",PRESIDENT
Despensa,"Desayuno, dulces y café","Cacao Instantáneo Caja 2,7 Kg","4,44 € / 1 Kg","13,45 €
11,99 €",NESQUIK
Despensa,"Desayuno, dulces y café",Harina de Fuerza Paquete 1 Kg,"1,49 € / 1 Kg","1,78 €
1,49 €",GALLO
Despensa,"Desayuno, dulces y café",Galletas Mini de Cacao Rellenas de Crema 160 Gr,"10,31 € / 1 Kg","1,99 €
1,65 €",OREO
Despensa,"Desayuno, dulces y café",Cereales Krave Chocolate-Avellana 375 Gr,"8,76 € / 1 Kg","4,25 €
3,59 €",KELLOGG'S
Despensa,"Desayuno, dulces y café",Cereales Fitness Con Chocolate Negro 375 Gr,"7,60 € / 1 Kg","3,49 €
2,85 €",NESTLE
Despensa,"Desayuno, dulces y café",Flakes de Avena 550 Gr,"5,91 € / 1 Kg","3,25 €",OATIBIX
Despensa,"Desayuno, dulces y café",Mini Galletas Sin Gluten Hookies Sharkies 250 Gr,"9,40 € / 1 Kg","2,89 €
2,35 €",GULLON
Despensa,"Desayuno, dulces y café",Galleta Digestive Avena Naranja 425 Gr,"4,12 € / 1 Kg","2,19 €
1,75 €",GULLON
Despensa,"Desayuno, dulces y café",Crema de Cacao 0% Azúcar 180 Gr,"13,27 € / 1 Kg","2,85 €
2,39 €",NOCILLA
Despensa,"Desayuno, dulces y café",Cereales Frosties 400 Gr,"8,48 € / 1 Kg","3,99 €
3,39 €",KELLOGG'S
Despensa,"Desayuno, dulces y café",Smacks Trigo Inflado 400 Gr,"8,48 € / 1 Kg","3,99 €
3,39 €",KELLOGG'S
Despensa,"Desayuno, dulces y café",Jengibre con Mango 20 Bolsitas 20 U,"0,11 € / 1 U","2,50 €
2,09 €",POMPADOUR
Despensa,"Desayuno, dulces y café",Preparado para hornear 5 Sobres 80 Gr,"24,88 € / 1 Kg","2,25 €
1,99 €",ROYAL
Despensa,"Desayuno, dulces y café",Cereales Estrellitas 270 Gr,"7,37 € / 1 Kg","2,69 €
1,99 €",NESTLE
Despensa,"Desayuno, dulces y café",Café Blonde Espresso 10 Cápsulas 10 U,"0,43 € / 1 U","4,25 €",STARBUCKS
Despensa,"Desayuno, dulces y café",Café Pike Place Lungo 10 Cápsulas 10 U,"0,43 € / 1 U","4,25 €",STARBUCKS
Despensa,"Desayuno, dulces y café",Café Espresso Roast Descafeinado 10 U,"0,43 € / 1 U","4,25 €",STARBUCKS
Despensa,"Desayuno, dulces y café",Café Espresso Roast Dark 10 U,"0,43 € / 1 U","4,25 €",STARBUCKS
Despensa,"Desayuno, dulces y café","Cacao Soluble Caja Más Regalo 2,5 Kg","6,00 € / 1 Kg","15,99 €
14,99 €",COLA CAO
Despensa,"Desayuno, dulces y café",Donuts Fondant 4 Unidades 228 Gr,"12,94 € / 1 Kg","2,95 €",
Despensa,"Desayuno, dulces y café",Mermelada Melocotón de Temporada 350 Gr,"8,54 € / 1 Kg","2,99 €",HERO
Despensa,"Desayuno, dulces y café",Café Espreso Colombia 10 U,"0,43 € / 1 U","4,25 €",STARBUCKS
Despensa,"Desayuno, dulces y café",Cafe Espreso House Blend 10 U,"0,43 € / 1 U","4,25 €",STARBUCKS
Despensa,"Desayuno, dulces y café",Café Espreso Verona 10 U,"0,43 € / 1 U","4,25 €",STARBUCKS
Despensa,"Desayuno, dulces y café",Bizcochos Naranja sin az. añadidos y Sin Leche 500 Gr,"6,64 € / 1 Kg","2,99 €",LALY
Despensa,"Desayuno, dulces y café",Barquillo Sabor Vainilla sin Azúcares 180 Gr,"8,61 € / 1 Kg","2,05 €
1,55 €",GULLON ZERO
Despensa,"Desayuno, dulces y café",Barquillo Chocolate sin Azúcares 180 Gr,"8,61 € / 1 Kg","2,05 €
1,55 €",GULLON ZERO
Despensa,"Desayuno, dulces y café",Chocolate Blanco con Galleta Oreo 100 Gr,"12,90 € / 1 Kg","1,55 €
1,29 €",MILKA
Despensa,"Desayuno, dulces y café",Crema Cacao Chocoleche 0% Azúcar 180 Gr,"13,27 € / 1 Kg","2,85 €
2,39 €",NOCILLA
Despensa,"Desayuno, dulces y café",Manzanilla 20 Bolsitas 20 U,"0,03 € / 1 U","0,60 €
0,55 €",CONSUM
Despensa,"Desayuno, dulces y café",Tortitas Panquecas 280 Gr,"8,90 € / 1 Kg","2,95 €
2,49 €",PASQUIER
Despensa,"Desayuno, dulces y café",Infusión Digest 20 Bolsitas 20 U,"0,06 € / 1 U","1,10 €
1,05 €",CONSUM
Despensa,"Desayuno, dulces y café",Cookies Nocilla Crema Leche 120 Gr,"16,25 € / 1 Kg","2,29 €
1,95 €",NOCILLA
Despensa,"Desayuno, dulces y café",Cookies Nocilla Original 120 Gr,"16,25 € / 1 Kg","2,29 €
1,95 €",NOCILLA
Despensa,"Desayuno, dulces y café",Copos Avena Integral Ecológicos 500 Gr,"4,50 € / 1 Kg","2,49 €
2,25 €",CONSUM ECO
Despensa,"Desayuno, dulces y café",Jengibre con Cúrcuma 20 Bolsitas 20 U,"0,11 € / 1 U","2,50 €
2,09 €",POMPADOUR
Despensa,"Desayuno, dulces y café","Levadura Panadería 5 Unidades 27,5 Gr","7,82 € / 100 Gr","2,15 €",ROYAL
Despensa,"Desayuno, dulces y café",Galletas Animals Kids 330 Gr,"4,97 € / 1 Kg","1,69 €
1,64 €",CONSUM
Despensa,"Desayuno, dulces y café",Donettes Clásicos 8 Unidades 152 Gr,"17,43 € / 1 Kg","2,65 €",DONUTS
Despensa,"Desayuno, dulces y café",Brownies de Chocolate 90 Calorías 150 Gr,"18,33 € / 1 Kg","3,15 €
2,75 €",FIBRE ONE
Despensa,"Desayuno, dulces y café",Barrita Cereales Crunchy Avena y Miel Pack 5 210 Gr,"9,47 € / 1 Kg","2,59 €
1,99 €",NAT.VALLEY
Despensa,"Desayuno, dulces y café",Barrita Cereales Crunchy Avena y Choco Negro P.5 210 Gr,"9,47 € / 1 Kg","2,59 €
1,99 €",NAT.VALLEY
Despensa,"Desayuno, dulces y café",Barrita Cereales Protein Cacahuete y Chocolate 160 Gr,"20,31 € / 1 Kg","3,69 €
3,25 €",NAT.VALLEY
Despensa,"Desayuno, dulces y café",Galletas Cookies con pepitas de chocolate 225gr,"5,11 € / 1 Kg","1,20 €
1,15 €",CONSUM
Despensa,"Desayuno, dulces y café",Mini Magdalenas con Pepitas Chocolate 190 Gr,"15,74 € / 1 Kg","2,99 €",BAKERY
Despensa,"Desayuno, dulces y café",Cereales Choco Krispies Chocos 420 Gr,"8,07 € / 1 Kg","3,99 €
3,39 €",KELLOGG'S
Despensa,"Desayuno, dulces y café",Trigo Integral Miel 375 Gr,"4,77 € / 1 Kg","2,25 €
1,79 €",ESGIR
Despensa,"Desayuno, dulces y café",Crema Cacao Noir Vaso Cristal 180 Gr,"13,27 € / 1 Kg","2,85 €
2,39 €",NOCILLA
Despensa,"Desayuno, dulces y café",Confitura Naranja Amarga de Temporada 365 Gr,"8,19 € / 1 Kg","2,99 €",HERO
Despensa,"Desayuno, dulces y café",Mermelada de Cereza de Temporada 350 Gr,"8,54 € / 1 Kg","2,99 €",HERO
Despensa,"Desayuno, dulces y café",Galleta Mini Cookies 110 Gr,"18,09 € / 1 Kg","1,99 €",MILKA
Despensa,"Desayuno, dulces y café",Galleta Mini Crunchy Bites 110 Gr,"18,09 € / 1 Kg","1,99 €",OREO
Despensa,"Desayuno, dulces y café",Cafe Molido Crema e Gusto 250 Gr,"10,36 € / 1 Kg","3,49 €
2,59 €",LAVAZZA
Despensa,"Desayuno, dulces y café",Café Grano Colombia 500 Gr,"15,98 € / 1 Kg","9,50 €
7,99 €",BONKA
Despensa,"Desayuno, dulces y café",Café Guatemala 10 Cápsulas 10 U,"0,43 € / 1 U","4,25 €",STARBUCKS
Despensa,"Desayuno, dulces y café",Jengibre Puro 20 Bolsitas 20 U,"0,11 € / 1 U","2,50 €
2,09 €",POMPADOUR
Despensa,"Desayuno, dulces y café",Galleta Cookies & Cream 120 Gr,"16,25 € / 1 Kg","2,29 €
1,95 €",NOCILLA
Despensa,"Desayuno, dulces y café",Galleta de Cacao Rellena Frambuesa y Vainilla 157 Gr,"8,22 € / 1 Kg","1,49 €
1,29 €",OREO REMIX
Despensa,"Desayuno, dulces y café",Crema Untar Cookies & Cream 180 Gr,"13,27 € / 1 Kg","2,85 €
2,39 €",NOCILLA
Despensa,"Desayuno, dulces y café",Sandwich Chocolate sin Gluten 225 Gr,"12,84 € / 1 Kg","2,89 €",GULLON
Despensa,"Desayuno, dulces y café","Muffin Chocolate Sin GLuten, 5 Unidades 225 Gr","12,85 € / 1 Kg","3,39 €
2,89 €",SCHÄR
Despensa,"Desayuno, dulces y café",Crema de Cacao Original 620 Gr,"7,40 € / 1 Kg","5,45 €
4,59 €",NOCILLA
Despensa,"Desayuno, dulces y café",Galleta Tosta Rica Oceanix 400 Gr,"7,50 € / 1 Kg","3,99 €
3,00 €",CUETARA
Despensa,"Desayuno, dulces y café",Infusión Curcuma Canela y Vainilla 20Bolsita 20 U,"0,11 € / 1 U","2,50 €
2,09 €",POMPADOUR
Despensa,"Desayuno, dulces y café",Cereales Choco Chips Sin Gluten 500 Gr,"3,18 € / 1 Kg","1,85 €
1,59 €",CERIDÉS
Despensa,"Desayuno, dulces y café",Cafe Intenso 20 Cápsulas 20 U,"0,18 € / 1 U","3,60 €
3,50 €",CONSUM
Despensa,"Desayuno, dulces y café",Café Extra Intenso 20 Cápsulas 20 U,"0,18 € / 1 U","3,60 €
3,50 €",CONSUM
Despensa,"Desayuno, dulces y café",Café Ristretto 20 cápsulas 20 U,"0,18 € / 1 U","3,60 €
3,50 €",CONSUM
Despensa,"Desayuno, dulces y café",Café Colombia 20 Cápsulas 20 U,"0,18 € / 1 U","3,65 €
3,55 €",CONSUM
Despensa,"Desayuno, dulces y café",Galleta Dinosaurus Chocolate Blanco 264 Gr,"11,33 € / 1 Kg","2,99 €",ARTIACH
Despensa,"Desayuno, dulces y café",Galleta Dinosaurus Chocolate con Leche 255 Gr,"11,73 € / 1 Kg","2,99 €",ARTIACH
Despensa,"Desayuno, dulces y café",Café Descafeinado 20 cápsulas 20 U,"0,18 € / 1 U","3,60 €
3,50 €",CONSUM
Despensa,"Desayuno, dulces y café",Galleta Mini Wafers 110 Gr,"17,73 € / 1 Kg","1,95 €",MILKA
Despensa,"Desayuno, dulces y café",Barrita de Cereales Chocolate con Leche 138 Gr,"9,35 € / 1 Kg","1,55 €
1,29 €",JOE'S FARM
Despensa,"Desayuno, dulces y café",Café Puro Arábica Espresso 10 Cápsulas 10 U,"0,32 € / 1 U","3,19 €",MARCILLA
Despensa,"Desayuno, dulces y café",Café Puro Arábica Colombia 10 Cápsulas 10 U,"0,32 € / 1 U","3,19 €",MARCILLA
Despensa,"Desayuno, dulces y café",Filipino Chocolate Blanco 128 Gr,"10,94 € / 1 Kg","1,40 €",ARTIACH
Despensa,"Desayuno, dulces y café",Filipino Chocolate Negro 128 Gr,"10,94 € / 1 Kg","1,40 €",ARTIACH
Despensa,"Desayuno, dulces y café",Cacao Instantáneo Bolsa 1 Kg,"5,99 € / 1 Kg","5,99 €",NESQUIK
Despensa,"Desayuno, dulces y café",Café Express Molido Mezcla 250 Gr,"15,96 € / 1 Kg","3,99 €",MARCILLA
Despensa,"Desayuno, dulces y café",Café Creme Express Molido Descafeinado 250 Gr,"15,96 € / 1 Kg","3,99 €",MARCILLA
Despensa,"Desayuno, dulces y café",Chocolate en Polvo 250 Gr,"4,60 € / 1 Kg","1,15 €",MEIVEL
Despensa,"Desayuno, dulces y café",Café Molido Descafeinado 250 Gr,"15,16 € / 1 Kg","3,79 €",BONKA
Despensa,"Desayuno, dulces y café",Café Molido Natural 250 Gr,"11,96 € / 1 Kg","2,99 €",BONKA
Despensa,"Desayuno, dulces y café",Poleo Menta 25 Bolsitas 25 U,"0,09 € / 1 U","2,15 €",POMPADOUR
Despensa,"Desayuno, dulces y café",Manzanilla con Anis 25 Bolsitas 25 U,"0,09 € / 1 U","2,15 €",POMPADOUR
Despensa,"Desayuno, dulces y café",Tila 25 Bolsitas 25 U,"0,09 € / 1 U","2,15 €",POMPADOUR
Despensa,"Desayuno, dulces y café",Café Molido Mezcla 70/30 250 Gr,"11,96 € / 1 Kg","2,99 €",BONKA
Despensa,"Desayuno, dulces y café",Chocolate Puro 300 Gr,"12,67 € / 1 Kg","3,80 €",VALOR
Despensa,"Desayuno, dulces y café",Bombones Caja Roja 400 Gr,"28,73 € / 1 Kg","11,49 €",NESTLE
Despensa,"Desayuno, dulces y café",Cafe Soluble Natural Tarro 200 Gr,"33,25 € / 1 Kg","6,65 €",NESCAFE
Despensa,"Desayuno, dulces y café",Café Descafeinado Soluble 200 Gr,"33,25 € / 1 Kg","6,65 €",NESCAFE
Despensa,"Desayuno, dulces y café",Huevo Kinder Sorpresa Unidad 20 Gr,"6,50 € / 100 Gr","1,30 €",KINDER
Despensa,"Desayuno, dulces y café",Preparado de Cuajada 4 Sobres 48 Gr,"3,02 € / 100 Gr","1,45 €",ROYAL
Despensa,"Desayuno, dulces y café",Flan de Vainilla 8 Unidades 186 Gr,"9,68 € / 1 Kg","1,80 €",ROYAL
Despensa,"Desayuno, dulces y café",Café Descafeinado Soluble 20 Gr,"6,50 € / 100 Gr","1,30 €",NESCAFE
Despensa,"Desayuno, dulces y café",Galletas la Buena Maria 800 Gr,"4,13 € / 1 Kg","3,30 €",FONTANEDA
Despensa,"Desayuno, dulces y café",Chocolate Crujiente 100 Gr,"16,90 € / 1 Kg","1,69 €",CRUNCH
Despensa,"Desayuno, dulces y café",Manzanilla 25 Bolsitas 25 U,"0,09 € / 1 U","2,15 €",POMPADOUR
Despensa,"Desayuno, dulces y café",Huesitos Multipack 10 Unidades 10 x 20 Gr,"12,25 € / 1 Kg","2,45 €",HUESITOS
Despensa,"Desayuno, dulces y café","Kit Kat Pack de 3 3 x 41,5 Gr","17,27 € / 1 Kg","2,15 €",NESTLE
Despensa,"Desayuno, dulces y café",Bombones Caja Roja 200 Gr,"31,45 € / 1 Kg","6,29 €",NESTLE
Despensa,"Desayuno, dulces y café",Kinder Bueno 43 Gr,"2,67 € / 100 Gr","1,15 €",KINDER
Despensa,"Desayuno, dulces y café",Chocolate 70% Cacao Excellence 100 Gr,"32,50 € / 1 Kg","3,25 €",LINDT
Despensa,"Desayuno, dulces y café",Confitura Diet Arándano y Frambuesa 280 Gr,"10,68 € / 1 Kg","2,99 €",HERO
Despensa,"Desayuno, dulces y café",Gelatina Neutra 20 Gr,"11,25 € / 100 Gr","2,25 €",ROYAL
Despensa,"Desayuno, dulces y café",Caramelos con Palo Bolsa 10 Unidades 120 Gr,"13,75 € / 1 Kg","1,65 €",CHUPA-CHUPS
Despensa,"Desayuno, dulces y café",Caramelos Toffe 135 Gr,"14,44 € / 1 Kg","1,95 €",WERTHERS
Despensa,"Desayuno, dulces y café",Chocoswing Galleta 300 Gr,"11,67 € / 1 Kg","3,50 €",MILKA
Despensa,"Desayuno, dulces y café",Cacao Soluble 6 Raciones Individuales 108 Gr,"23,06 € / 1 Kg","2,49 €",COLA CAO
Despensa,"Desayuno, dulces y café",Hojas de Boldo 20 Bolsitas 20 U,"0,13 € / 1 U","2,50 €",POMPADOUR
Despensa,"Desayuno, dulces y café",Infusion de Hinojo 20 Bolsitas 20 U,"0,13 € / 1 U","2,50 €",POMPADOUR
Despensa,"Desayuno, dulces y café",Fartons Tradicionales Paquete 6 Unidades.120 Gr,"10,83 € / 1 Kg","1,30 €",POLO
Despensa,"Desayuno, dulces y café",Confitura Diet Melocotón 280 Gr,"9,61 € / 1 Kg","2,69 €",HERO
Despensa,"Desayuno, dulces y café",Malta Molida 500 Gr,"3,50 € / 1 Kg","1,75 €",MIGUELETE
Despensa,"Desayuno, dulces y café","Gasificante Especial Para Bollería 39,5 Gr","1,39 € / 100 Gr","0,55 €",LA BANDERA
Despensa,"Desayuno, dulces y café",Galletas Artinata 210 Gr,"12,14 € / 1 Kg","2,55 €",ARTIACH
Despensa,"Desayuno, dulces y café",Té Verde 25 Bolsitas 25 U,"0,10 € / 1 U","2,50 €",POMPADOUR
Despensa,"Desayuno, dulces y café",Chocolate 85% Cacao Excellence 100 Gr,"32,50 € / 1 Kg","3,25 €",LINDT
Despensa,"Desayuno, dulces y café","Chicles Stick Sabor Hierbabuena 13,5 Gr","7,04 € / 100 Gr","0,95 €",TRIDENT
Despensa,"Desayuno, dulces y café",Minibollycao Bolsa 6 Unidades 90 Gr,"18,33 € / 1 Kg","1,65 €",BOLLYCAO
Despensa,"Desayuno, dulces y café",Galletas Mini con Gotas de Chocolate 160 Gr,"12,44 € / 1 Kg","1,99 €",CHIPS AHOY
Despensa,"Desayuno, dulces y café",Azúcar Blanco Paquete 1 Kg,"1,45 € / 1 Kg","1,45 €",AZUCARERA
Despensa,"Desayuno, dulces y café",Café Creme Express Molido 250 Gr,"15,96 € / 1 Kg","3,99 €",MARCILLA
Despensa,"Desayuno, dulces y café",Muesli sin Azúcar 560 Gr,"8,73 € / 1 Kg","4,89 €",ALPEN
Despensa,"Desayuno, dulces y café",Café Natural Molido Solidario 250 Gr,"13,40 € / 1 Kg","3,35 €",OXFAM
Despensa,"Desayuno, dulces y café",Galletas Fibra 185 Gr,"10,54 € / 1 Kg","1,95 €",FLORA
Despensa,"Desayuno, dulces y café",Chocolate Extrafino Lacasitos 100 Gr,"16,90 € / 1 Kg","1,69 €",LACASA
Despensa,"Desayuno, dulces y café",Galletas Integrales Marie Lu 520 Gr,"6,44 € / 1 Kg","3,35 €",FONTANEDA
Despensa,"Desayuno, dulces y café",Special K con Frutas Rojas 300 Gr,"13,97 € / 1 Kg","4,19 €",KELLOGG'S
Despensa,"Desayuno, dulces y café",Rooibos con Vainilla 20 Bolsitas 20 U,"0,14 € / 1 U","2,75 €",POMPADOUR
Despensa,"Desayuno, dulces y café",Café Molido Express 250 Gr,"16,60 € / 1 Kg","4,15 €",VALIENTE
Despensa,"Desayuno, dulces y café",Café Molido Hogar 250 Gr,"14,20 € / 1 Kg","3,55 €",VALIENTE
Despensa,"Desayuno, dulces y café",Cereales Fitness Chocolate con Leche 375 Gr,"9,31 € / 1 Kg","3,49 €",NESTLE
Despensa,"Desayuno, dulces y café",Confitura Tomate 345 Gr,"7,22 € / 1 Kg","2,49 €",HERO
Despensa,"Desayuno, dulces y café",Cafe Soluble Natural 10 Sobres 20 Gr,"6,50 € / 100 Gr","1,30 €",NESCAFE
Despensa,"Desayuno, dulces y café",Infusión Digestive Plus 20 Bolsitas 20 U,"0,14 € / 1 U","2,75 €",POMPADOUR
Despensa,"Desayuno, dulces y café","Chicle Grageado Sabor Hierbabuena 14,5 Gr","6,79 € / 100 Gr","0,95 €",TRIDENT
Despensa,"Desayuno, dulces y café",Miel Milflores Frasco 1 Kg,"4,70 € / 1 Kg","4,70 €",CONSUM
Despensa,"Desayuno, dulces y café",Miel Milflores Dosificador 500 Gr,"6,60 € / 1 Kg","3,30 €",CONSUM
Despensa,"Desayuno, dulces y café",Galletas Tostadas Pack de 4 4 x 200 Gr,"1,94 € / 1 Kg","1,55 €",CONSUM
Despensa,"Desayuno, dulces y café",Mega Sandwich Rellena Chocolate 500 Gr,"2,40 € / 1 Kg","1,20 €",CONSUM
Despensa,"Desayuno, dulces y café",Té 25 Bolsitas 25 U,"0,09 € / 1 U","2,15 €",POMPADOUR
Despensa,"Desayuno, dulces y café",Membrillo 2 x 200 Gr,"3,13 € / 1 Kg","1,25 €",CONSUM
Despensa,"Desayuno, dulces y café",Copos de Maiz 500 Gr,"3,00 € / 1 Kg","1,50 €",CONSUM
Despensa,"Desayuno, dulces y café",Copos Arroz y Trigo 500 Gr,"3,90 € / 1 Kg","1,95 €",CONSUM
Despensa,"Desayuno, dulces y café",Muesli Fruta y Fibra 500 Gr,"4,33 € / 1 Kg","1,95 €",CONSUM
Despensa,"Desayuno, dulces y café",Muesli Crujiente Chocolate 500 Gr,"4,20 € / 1 Kg","2,10 €",CONSUM
Despensa,"Desayuno, dulces y café",Cereales Rellenos Cacao 375 Gr,"4,67 € / 1 Kg","1,75 €",CONSUM KIDS
Despensa,"Desayuno, dulces y café",Café Molido Natural 250 Gr,"7,00 € / 1 Kg","1,75 €",CONSUM
Despensa,"Desayuno, dulces y café",Café Molido Mezcla 250 Gr,"6,60 € / 1 Kg","1,65 €",CONSUM
Despensa,"Desayuno, dulces y café",Café Descafeinado Molido Natural 250 Gr,"6,80 € / 1 Kg","1,70 €",CONSUM
Despensa,"Desayuno, dulces y café",Chocolate Naranja Excellent 100 Gr,"32,50 € / 1 Kg","3,25 €",LINDT
Despensa,"Desayuno, dulces y café",Mermelada Fresa Frasco 410 Gr,"3,78 € / 1 Kg","1,55 €",CONSUM
Despensa,"Desayuno, dulces y café",Mermelada Melocotón Frasco 410 Gr,"3,41 € / 1 Kg","1,40 €",CONSUM
Despensa,"Desayuno, dulces y café",Chocolate con Leche 150 Gr,"7,00 € / 1 Kg","1,05 €",CONSUM
Despensa,"Desayuno, dulces y café",Chocolate Blanco Extrafino 75 Gr,"8,67 € / 1 Kg","0,65 €",CONSUM
Despensa,"Desayuno, dulces y café",Chocolate con Leche con Almendras 150 Gr,"7,67 € / 1 Kg","1,15 €",CONSUM
Despensa,"Desayuno, dulces y café",Chocolate con Avellanas 150 Gr,"7,67 € / 1 Kg","1,15 €",CONSUM
Despensa,"Desayuno, dulces y café",Infusion Duerme Bien 20 Bolsitas 20 U,"0,14 € / 1 U","2,75 €",POMPADOUR
Despensa,"Desayuno, dulces y café",Edulcorante 650 Comprimidos 39 Gr,"2,18 € / 100 Gr","0,85 €",CONSUM
Despensa,"Desayuno, dulces y café",Magdalena Cuadrada 350 Gr,"3,69 € / 1 Kg","1,29 €",CONSUM
Despensa,"Desayuno, dulces y café",Valencianas 12 Unidades 350 Gr,"3,86 € / 1 Kg","1,35 €",CONSUM
Despensa,"Desayuno, dulces y café",Valencianas 24 Unidades 700 Gr,"3,57 € / 1 Kg","2,50 €",CONSUM
Despensa,"Desayuno, dulces y café",Caramelos Cítricos Vita C sin Azúcar 4 x 32 Gr,"20,31 € / 1 Kg","2,60 €",HALLS
Despensa,"Desayuno, dulces y café",Café Expresso Mezcla Molido 250 Gr,"8,80 € / 1 Kg","2,20 €",CONSUM
Despensa,"Desayuno, dulces y café",Croissants Bolsa 350 Gr,"4,29 € / 1 Kg","1,50 €",CONSUM
Despensa,"Desayuno, dulces y café",Pan de Leche 8 Unidades 320 Gr,"4,03 € / 1 Kg","1,29 €",CONSUM
Despensa,"Desayuno, dulces y café",Croissants Rellenos de Chocolate 360 Gr,"4,97 € / 1 Kg","1,79 €",CONSUM
Despensa,"Desayuno, dulces y café",Palmeritas Hojaldre 16 Unidades 180 Gr,"5,28 € / 1 Kg","0,95 €",CONSUM
Despensa,"Desayuno, dulces y café",Cappuccino Cápsulas 8+8 Unidades 8 Do,"0,61 € / 1 Do","4,89 €",DOLCE GUSTO
Despensa,"Desayuno, dulces y café",Café Expresso Cápsulas 16 U,"0,27 € / 1 U","4,25 €",DOLCE GUSTO
Despensa,"Desayuno, dulces y café",Tortas de Anís 400 Gr,"5,25 € / 1 Kg","2,10 €",CONSUM
Despensa,"Desayuno, dulces y café",Cacao Soluble 500 Gr,"4,80 € / 1 Kg","2,40 €",CONSUM
Despensa,"Desayuno, dulces y café",Cacao Soluble 900 Gr,"3,77 € / 1 Kg","3,39 €",CONSUM
Despensa,"Desayuno, dulces y café",Copos de Arroz y Trigo con Chocolate 300 Gr,"5,30 € / 1 Kg","1,59 €",CONSUM
Despensa,"Desayuno, dulces y café",Café Descafeinado Molido 250 Gr,"11,96 € / 1 Kg","2,99 €",VALIENTE
Despensa,"Desayuno, dulces y café",Café Molido Mezcla 250 Gr,"10,20 € / 1 Kg","2,55 €",VALIENTE
Despensa,"Desayuno, dulces y café",Café Molido Natural 250 Gr,"10,20 € / 1 Kg","2,55 €",VALIENTE
Despensa,"Desayuno, dulces y café",Lacasitos Tubo Pack de 4 4 x 20 Gr,"34,88 € / 1 Kg","2,79 €",LACASITOS
Despensa,"Desayuno, dulces y café",Vela de Aniversario Número 1 1 U,"0,75 € / 1 U","0,75 €",ROURA
Despensa,"Desayuno, dulces y café",Café Descafeinado Molido Mezcla 250 Gr,"6,80 € / 1 Kg","1,70 €",CONSUM
Despensa,"Desayuno, dulces y café",Barquillos Rellenos de Chocolate 150 Gr,"4,60 € / 1 Kg","0,69 €",CONSUM
Despensa,"Desayuno, dulces y café",Barquillos Rellenos de Crema Sabor Nata 150 Gr,"4,60 € / 1 Kg","0,69 €",CONSUM
Despensa,"Desayuno, dulces y café",Búlgaros de Chocolate 5 Unidades 175 Gr,"9,09 € / 1 Kg","1,59 €",CONSUM
Despensa,"Desayuno, dulces y café",Chocolate Negro 70% sin Azúcar 125 Gr,"15,92 € / 1 Kg","1,99 €",VALOR
Despensa,"Desayuno, dulces y café",Chocolate Puro y Almendras sin Azúcar 150 Gr,"21,67 € / 1 Kg","3,25 €",VALOR
Despensa,"Desayuno, dulces y café",Compota de Manzana sin Frío Pack de 2 2 x 100 Gr,"7,00 € / 1 Kg","1,40 €",ANELA
Despensa,"Desayuno, dulces y café",Chocolate Negro Postres 200 Gr,"7,25 € / 1 Kg","1,45 €",CONSUM
Despensa,"Desayuno, dulces y café",Chocolate Negro 55% con Almendra 150 Gr,"8,60 € / 1 Kg","1,29 €",CONSUM
Despensa,"Desayuno, dulces y café",Chocolate Relleno Caramelo y Avellana 300 Gr,"13,17 € / 1 Kg","3,95 €",MILKA
Despensa,"Desayuno, dulces y café",Bocaditos 18 Unidades 370 Gr,"4,03 € / 1 Kg","1,49 €",CONSUM
Despensa,"Desayuno, dulces y café",Bocaditos Chocolate 12 Unidades 330 Gr,"4,39 € / 1 Kg","1,45 €",CONSUM
Despensa,"Desayuno, dulces y café",Miel Milflores Panal Dosificador 425 Gr,"15,93 € / 1 Kg","6,77 €",GRANJA S.FCO
Despensa,"Desayuno, dulces y café",Caramelo con Muñeco Más 3 Recambios 26 Gr,"7,88 € / 100 Gr","2,05 €",PEZ
Despensa,"Desayuno, dulces y café",Chocolate con leche y Almendras sin Azúcar 150 Gr,"21,67 € / 1 Kg","3,25 €",VALOR
Despensa,"Desayuno, dulces y café",Chocolate Negro 55% 150 Gr,"7,00 € / 1 Kg","1,05 €",CONSUM
Despensa,"Desayuno, dulces y café",Infusión Delgaxan Plus 20 Bolsitas 20 U,"0,14 € / 1 U","2,75 €",POMPADOUR
Despensa,"Desayuno, dulces y café",Café Cortado Cápsulas 16 U,"0,27 € / 1 U","4,25 €",DOLCE GUSTO
Despensa,"Desayuno, dulces y café",Crema de Cacao 1 Sabor. Bote 500 Gr,"3,90 € / 1 Kg","1,95 €",CONSUM
Despensa,"Desayuno, dulces y café",Chocolate con Leche Extrafino 270 Gr,"10,70 € / 1 Kg","2,89 €",NESTLE
Despensa,"Desayuno, dulces y café",Mermelada Diet Melocotón 280 Gr,"7,11 € / 1 Kg","1,99 €",HELIOS
Despensa,"Desayuno, dulces y café",Crema de Cacao 2 Sabores Bote 500 Gr,"3,90 € / 1 Kg","1,95 €",CONSUM
Despensa,"Desayuno, dulces y café",Café Con Leche Cápsulas 16 U,"0,27 € / 1 U","4,25 €",DOLCE GUSTO
Despensa,"Desayuno, dulces y café",Infusion Cola de Caballo Plus 3 Bolsitas 20 Unid. 20 Do,"0,14 € / 1 Do","2,75 €",POMPADOUR
Despensa,"Desayuno, dulces y café","Chicles Sin Azúcar de Eucalipto en grageas, 10 uds","8,50 € / 100 Gr","1,19 €",ORBIT
Despensa,"Desayuno, dulces y café","Chicles Sin Azúcar de Menta en grageas, 10 uds","8,50 € / 100 Gr","1,19 €",ORBIT
Despensa,"Desayuno, dulces y café","Chicles Sin Azúcar de Hierbabuena en grageas, 10 uds 14gr","8,50 € / 100 Gr","1,19 €",ORBIT
Despensa,"Desayuno, dulces y café","Boomer MaxiRoll Chicle de Fresa en Rollo, 180cm 56 Gr","49,82 € / 1 Kg","2,79 €",BOOMER
Despensa,"Desayuno, dulces y café",Huevo Chocolate con Sorpresa Pack 3 x 20 Gr,"58,17 € / 1 Kg","3,49 €",KINDER
Despensa,"Desayuno, dulces y café",Chicle Fresa en Bolsa 44 Gr,"3,07 € / 100 Gr","1,35 €",TRIDENT
Despensa,"Desayuno, dulces y café",Chicle Menta en Bolsa 44 Gr,"3,07 € / 100 Gr","1,35 €",TRIDENT
Despensa,"Desayuno, dulces y café",Café Expresso Bonka Cápsulas 16 U,"0,31 € / 1 U","4,89 €",DOLCE GUSTO
Despensa,"Desayuno, dulces y café",Infusión Tomillo 20 bolsitas 20 U,"0,13 € / 1 U","2,50 €",POMPADOUR
Despensa,"Desayuno, dulces y café",Caramelo Menta sin Azúcar 3 x 8 Gr,"13,75 € / 100 Gr","3,30 €",SMINT
Despensa,"Desayuno, dulces y café",Cereales Rellenos Crema con Leche 375 Gr,"5,31 € / 1 Kg","1,99 €",CONSUM KIDS
Despensa,"Desayuno, dulces y café",Impulsor repostería 6 sobres de 15gr. 90 Gr,"7,78 € / 1 Kg","0,70 €",CONSUM
Despensa,"Desayuno, dulces y café",Café Soluble Descafeinado Sticks 10 U,"0,11 € / 1 U","1,05 €",CONSUM
Despensa,"Desayuno, dulces y café","Chicles Sin Azúcar de Eucalipto fuerte en grageas, 10 uds 4x14gr","65,89 € / 1 Kg","3,69 €",ORBIT
Despensa,"Desayuno, dulces y café",Cereales Corn Flakes Caja 500 Gr,"6,00 € / 1 Kg","3,00 €",KELLOGG'S
Despensa,"Desayuno, dulces y café",Cortado Descafeinado Cápsulas 16 U,"0,31 € / 1 U","4,89 €",DOLCE GUSTO
Despensa,"Desayuno, dulces y café",Almendra Molida Bolsa 125 Gr,"16,56 € / 1 Kg","2,07 €",CONSUM
Despensa,"Desayuno, dulces y café",Cacao a La Taza Paquete 400 Gr,"4,75 € / 1 Kg","1,90 €",CONSUM
Despensa,"Desayuno, dulces y café",Harina de Trigo Común Paquete 1 Kg,"0,70 € / 1 Kg","0,70 €",RIO
Despensa,"Desayuno, dulces y café",Harina Repostera Paquete 1 Kg,"1,05 € / 1 Kg","1,05 €",RIO
Despensa,"Desayuno, dulces y café",Bizcocho Duro Huevo 300 Gr,"6,30 € / 1 Kg","1,89 €",CORAL
Despensa,"Desayuno, dulces y café",Mermelada Arandano Tarro 340 Gr,"6,47 € / 1 Kg","2,20 €",HELIOS
Despensa,"Desayuno, dulces y café",Chocolate Blanco para Postres 180 Gr,"12,50 € / 1 Kg","2,25 €",NESTLE
Despensa,"Desayuno, dulces y café",Harina de Fuerza Paquete 1 Kg,"0,91 € / 1 Kg","0,91 €",RIO
Despensa,"Desayuno, dulces y café",Magdalena Concha 300 Gr,"5,63 € / 1 Kg","1,69 €",ARENAS
Despensa,"Desayuno, dulces y café",Galleta Mikado con Chocoleche 75 Gr,"26,00 € / 1 Kg","1,95 €",LU
Despensa,"Desayuno, dulces y café",Galleta Choco Flakes 520 Gr,"6,90 € / 1 Kg","3,59 €",CUETARA
Despensa,"Desayuno, dulces y café",Café Descafeinado Mezcla 200 Gr,"18,45 € / 1 Kg","3,69 €",MARCILLA
Despensa,"Desayuno, dulces y café",Café Descafeinado Natural 200 Gr,"18,45 € / 1 Kg","3,69 €",MARCILLA
Despensa,"Desayuno, dulces y café","Bote Chicles Sin Azúcar de Hierbabuena en grageas, 60 uds 84gr","47,50 € / 1 Kg","3,99 €",ORBIT
Despensa,"Desayuno, dulces y café","Bote Chicles Sin Azúcar de Menta en grageas, 60ud 84gr","47,50 € / 1 Kg","3,99 €",ORBIT
Despensa,"Desayuno, dulces y café",Magdalenas Estilo Casero 300 Gr,"8,97 € / 1 Kg","2,69 €",DULCESOL
Despensa,"Desayuno, dulces y café",Galleta Rellena Chocolate Príncipe 300 Gr,"7,00 € / 1 Kg","2,10 €",LU
Despensa,"Desayuno, dulces y café",Té Chai 20 Bolsitas 20 U,"0,14 € / 1 U","2,79 €",HORNIMANS
Despensa,"Desayuno, dulces y café",Chocolate con Chips Ahoy 100 Gr,"15,50 € / 1 Kg","1,55 €",MILKA
Despensa,"Desayuno, dulces y café",Cerezas Grageas 80 Gr,"14,38 € / 1 Kg","1,15 €",FINI
Despensa,"Desayuno, dulces y café",Deli Jelly 80 Gr,"12,38 € / 1 Kg","0,99 €",FINI
Despensa,"Desayuno, dulces y café",Galleta Tosta Rica Caja 570 Gr,"5,26 € / 1 Kg","3,00 €",CUETARA
Despensa,"Desayuno, dulces y café",Kinder Bueno Mini 108 Gr,"23,06 € / 1 Kg","2,49 €",KINDER
Despensa,"Desayuno, dulces y café",Mermelada Tomate Frasco 410 Gr,"3,90 € / 1 Kg","1,60 €",CONSUM
Despensa,"Desayuno, dulces y café",Café Ristretto Ardenza Cápsulas 16 U,"0,31 € / 1 U","4,89 €",DOLCE GUSTO
Despensa,"Desayuno, dulces y café",Lacasitos 150 Gr,"18,60 € / 1 Kg","2,79 €",LACASA
Despensa,"Desayuno, dulces y café",Azucaritos Blancos Caja 300 Gr,"4,67 € / 1 Kg","1,40 €",AZUCARERA
Despensa,"Desayuno, dulces y café","Chicle Hierbabuena Bolsa 43,5 Gr","3,10 € / 100 Gr","1,35 €",TRIDENT
Despensa,"Desayuno, dulces y café",Azucaritos Moreno Caja 300 Gr,"5,17 € / 1 Kg","1,55 €",AZUCARERA
Despensa,"Desayuno, dulces y café",Harina de Maíz Caja 400 Gr,"7,48 € / 1 Kg","2,99 €",MAIZENA
Despensa,"Desayuno, dulces y café",Barrita Nesquik 6U 150 Gr,"19,93 € / 1 Kg","2,99 €",NESTLE
Despensa,"Desayuno, dulces y café",Caramelo Balsámico Eucalipto 200 Gr,"8,25 € / 1 Kg","1,65 €",PICTOLIN
Despensa,"Desayuno, dulces y café",Caramelo Balsámico Eucalipto sin Azúcar 150 Gr,"12,33 € / 1 Kg","1,85 €",PICTOLIN
Despensa,"Desayuno, dulces y café",Mermelada Diet Frambuesa 280 Gr,"10,68 € / 1 Kg","2,99 €",VIEJA FABRIC
Despensa,"Desayuno, dulces y café",Mermelada Diet Naranja Amarga 290 Gr,"9,62 € / 1 Kg","2,79 €",VIEJA FABRIC
Despensa,"Desayuno, dulces y café",Cereales All-Bran Chocolate Caja 375 Gr,"9,33 € / 1 Kg","3,50 €",KELLOGG'S
Despensa,"Desayuno, dulces y café",Muesli Chocolate Extra Crujiente 375 Gr,"11,33 € / 1 Kg","4,25 €",KELLOGG'S
Despensa,"Desayuno, dulces y café",Café Descafeinado Intenso Cápsulas 16 U,"0,27 € / 1 U","4,25 €",DOLCE GUSTO
Despensa,"Desayuno, dulces y café",Chocolate Negro 70% Cacao 200 Gr,"16,00 € / 1 Kg","3,20 €",VALOR
Despensa,"Desayuno, dulces y café",Galleta Digestive Manzana y Avena 225 Gr,"4,44 € / 1 Kg","1,00 €",FONTANEDA
Despensa,"Desayuno, dulces y café",Chocolate con Leche Extrafino 125 Gr,"11,12 € / 1 Kg","1,39 €",NESTLE
Despensa,"Desayuno, dulces y café",Café Expresso Natural Molido 250 Gr,"8,80 € / 1 Kg","2,20 €",CONSUM
Despensa,"Desayuno, dulces y café",Galletas Desayuno con Chocolate y Cereales 400 Gr,"4,38 € / 1 Kg","1,75 €",CONSUM
Despensa,"Desayuno, dulces y café",Crema de Untar 350 Gr,"10,54 € / 1 Kg","3,69 €",NUTELLA
Despensa,"Desayuno, dulces y café",Azúcar Glace Bote 500 Gr,"5,20 € / 1 Kg","2,60 €",AZUCARERA
Despensa,"Desayuno, dulces y café",Cereales Nesquik Chocolate 375 Gr,"9,57 € / 1 Kg","3,59 €",NESTLE
Despensa,"Desayuno, dulces y café","Chicles Sin Azúcar de Menta en grageas, 10 uds 4x14gr","65,89 € / 1 Kg","3,69 €",ORBIT
Despensa,"Desayuno, dulces y café",Pastelitos de Chocolate Pack de 4 4 x 40 Gr,"18,69 € / 1 Kg","2,99 €",PHOSKITO
Despensa,"Desayuno, dulces y café","Chicle Grageado Sabor Fresa 14,5 Gr","6,79 € / 100 Gr","0,95 €",TRIDENT
Despensa,"Desayuno, dulces y café",Caramelos Cítricos Vita C sin Azúcar 32 Gr,"3,09 € / 100 Gr","0,99 €",HALLS
Despensa,"Desayuno, dulces y café",Kinder Bueno White 39 Gr,"2,95 € / 100 Gr","1,15 €",KINDER
Despensa,"Desayuno, dulces y café",Barritas de Muesli con Chocolate 6U 150 Gr,"10,13 € / 1 Kg","1,52 €",CONSUM
Despensa,"Desayuno, dulces y café",Vela de Aniversario Número 2 1 U,"0,75 € / 1 U","0,75 €",ROURA
Despensa,"Desayuno, dulces y café",Chocolate Crujiente 100 Gr,"9,90 € / 1 Kg","0,99 €",CONSUM
Despensa,"Desayuno, dulces y café",Barritas Special K Chocolate con Leche 6U 120 Gr,"29,58 € / 1 Kg","3,55 €",KELLOGG'S
Despensa,"Desayuno, dulces y café",Café Soluble 3 en 1 10 sobres 160 Gr,"17,50 € / 1 Kg","2,80 €",NESCAFE
Despensa,"Desayuno, dulces y café",Duplo Café Soluble Natural 2 x 200 Gr,"27,50 € / 1 Kg","11,00 €",NESCAFE
Despensa,"Desayuno, dulces y café",Pastelito Tigretón Pack de 3 3 x 50 Gr,"15,27 € / 1 Kg","2,29 €",TIGRETON
Despensa,"Desayuno, dulces y café",Barrita Muesli con Arándanos 6U 150 Gr,"12,33 € / 1 Kg","1,85 €",CONSUM
Despensa,"Desayuno, dulces y café",Caramelo Toffe sin Azúcar 90 Gr,"25,44 € / 1 Kg","2,29 €",WERTHERS
Despensa,"Desayuno, dulces y café",Stevia Edulcorante 50 U,"0,04 € / 1 U","1,85 €",CONSUM
Despensa,"Desayuno, dulces y café",Chocolate Negro 70% con Almendras 250 Gr,"19,40 € / 1 Kg","4,85 €",VALOR
Despensa,"Desayuno, dulces y café",Confitura Diet Fresa 280 Gr,"9,61 € / 1 Kg","2,69 €",HERO
Despensa,"Desayuno, dulces y café",Duplo Café Soluble Descafeinado 2 x 200 Gr,"27,50 € / 1 Kg","11,00 €",NESCAFE
Despensa,"Desayuno, dulces y café",Galletas Mini Cookies 85 Gr,"8,12 € / 1 Kg","0,69 €",CONSUM
Despensa,"Desayuno, dulces y café",Café Lungo Cápsulas 16 U,"0,27 € / 1 U","4,25 €",DOLCE GUSTO
Despensa,"Desayuno, dulces y café",Torcidas Regaliz Fresa 170 Gr,"7,67 € / 1 Kg","1,15 €",FINI
Despensa,"Desayuno, dulces y café",Briochoco 6 unidades 240 Gr,"6,21 € / 1 Kg","1,49 €",CONSUM
Despensa,"Desayuno, dulces y café",Galletas sin Sal y sin Azúcar 600 Gr,"4,15 € / 1 Kg","2,49 €",CONSUM
Despensa,"Desayuno, dulces y café",Vela de Aniversario Número 0 1 U,"0,75 € / 1 U","0,75 €",ROURA
Despensa,"Desayuno, dulces y café",Vela de Aniversario Número 3 1 U,"0,75 € / 1 U","0,75 €",ROURA
Despensa,"Desayuno, dulces y café",Vela de Aniversario Número 4 1 U,"0,75 € / 1 U","0,75 €",ROURA
Despensa,"Desayuno, dulces y café",Vela de Aniversario Número 5 1 U,"0,75 € / 1 U","0,75 €",ROURA
Despensa,"Desayuno, dulces y café",Vela de Aniversario Número 6 1 U,"0,75 € / 1 U","0,75 €",ROURA
Despensa,"Desayuno, dulces y café",Vela de Aniversario Número 7 1 U,"0,75 € / 1 U","0,75 €",ROURA
Despensa,"Desayuno, dulces y café",Vela de Aniversario Número 8 1 U,"0,75 € / 1 U","0,75 €",ROURA
Despensa,"Desayuno, dulces y café",Vela de Aniversario Número 9 1 U,"0,75 € / 1 U","0,75 €",ROURA
Despensa,"Desayuno, dulces y café",Vela de Aniversario Número ? 1 U,"0,75 € / 1 U","0,75 €",ROURA
Despensa,"Desayuno, dulces y café",Pastelito Pantera Rosa Pack de 3 3 x 55 Gr,"13,88 € / 1 Kg","2,29 €",PANTERA ROSA
Despensa,"Desayuno, dulces y café",Huevo Kinder Joy Unidades 20 Gr,"7,00 € / 100 Gr","1,40 €",KINDER
Despensa,"Desayuno, dulces y café",Copos Avena Suave 500 Gr,"3,98 € / 1 Kg","1,99 €",OATIBIX
Despensa,"Desayuno, dulces y café",Chocolate Negro 82% Cacao 170 Gr,"18,82 € / 1 Kg","3,20 €",VALOR
Despensa,"Desayuno, dulces y café",Cereales Trigo 430 Gr,"7,88 € / 1 Kg","3,39 €",WEETABIX
Despensa,"Desayuno, dulces y café",Galletas con Gotas de Chocolate 300 Gr,"13,00 € / 1 Kg","3,90 €",CHIPS AHOY
Despensa,"Desayuno, dulces y café",Mermelada Albaricoque Frasco 410 Gr,"3,90 € / 1 Kg","1,60 €",CONSUM
Despensa,"Desayuno, dulces y café",Mermelada Ciruela Frasco 410 Gr,"4,15 € / 1 Kg","1,70 €",CONSUM
Despensa,"Desayuno, dulces y café",Coco Rallado Bolsa 125 Gr,"8,08 € / 1 Kg","1,01 €",CONSUM
Despensa,"Desayuno, dulces y café",Napolitanas Chocolate 8 Unidades 320 Gr,"4,84 € / 1 Kg","1,55 €",CONSUM
Despensa,"Desayuno, dulces y café",Petit Croissants al Cacao 150 Gr,"6,33 € / 1 Kg","0,95 €",CONSUM
Despensa,"Desayuno, dulces y café",Napolitanas de Crema 320 Gr,"4,84 € / 1 Kg","1,55 €",CONSUM
Despensa,"Desayuno, dulces y café",Bizcocho Ositos Lulu Relleno de Chocolate 5U 150 Gr,"13,27 € / 1 Kg","1,99 €",FONTANEDA
Despensa,"Desayuno, dulces y café",Mermelada Diet Fresa 280 Gr,"7,11 € / 1 Kg","1,99 €",HELIOS
Despensa,"Desayuno, dulces y café",Mermelada Diet Ciruela 280 Gr,"7,11 € / 1 Kg","1,99 €",HELIOS
Despensa,"Desayuno, dulces y café",Sandwich Relleno Choco Pack 3 3 x 250 Gr,"3,00 € / 1 Kg","2,25 €",CONSUM
Despensa,"Desayuno, dulces y café",Galleta María sin Gluten 380 Gr,"9,47 € / 1 Kg","3,60 €",GULLON
Despensa,"Desayuno, dulces y café",Galleta Principe Estrella 225 Gr,"11,11 € / 1 Kg","2,50 €",LU
Despensa,"Desayuno, dulces y café",Galletas Choco Wafer 180 Gr,"16,11 € / 1 Kg","2,90 €",MILKA
Despensa,"Desayuno, dulces y café",Yerba Mate . 500 Gr,"7,10 € / 1 Kg","3,55 €",LA TRANQUERA
Despensa,"Desayuno, dulces y café",Bizcochadas Bolsa 365 Gr,"7,10 € / 1 Kg","2,59 €",LA CUEVA
Despensa,"Desayuno, dulces y café",Galletas Choco Cream Bañadas Choco Blanco 252 Gr,"5,36 € / 1 Kg","1,35 €",CONSUM
Despensa,"Desayuno, dulces y café",Galleta Choco Cream Mini 100 Gr,"8,50 € / 1 Kg","0,85 €",CONSUM
Despensa,"Desayuno, dulces y café",Huevo Kinder Joy Pack 3 x 20 Gr,"59,83 € / 1 Kg","3,59 €",KINDER
Despensa,"Desayuno, dulces y café",Preparado Pastel Fresco Sabor Limón 103 Gr,"15,44 € / 1 Kg","1,59 €",ROYAL
Despensa,"Desayuno, dulces y café",Mermelada Naranja Amarga Frasco 410 Gr,"3,05 € / 1 Kg","1,25 €",CONSUM
Despensa,"Desayuno, dulces y café",Mermelada Fresa 0% Azúcares Añadidos 280 Gr,"4,64 € / 1 Kg","1,30 €",CONSUM
Despensa,"Desayuno, dulces y café",Mermelada Melocotón 0% Azúcares Añadidos 280 Gr,"4,64 € / 1 Kg","1,30 €",CONSUM
Despensa,"Desayuno, dulces y café",Caramelo con Palo Melody Pops 15 Gr,"6,67 € / 100 Gr","1,00 €",CHUPA-CHUPS
Despensa,"Desayuno, dulces y café","Chicles Stick Sabor Fresa 13,5 Gr","7,04 € / 100 Gr","0,95 €",TRIDENT
Despensa,"Desayuno, dulces y café",Brazo de Fresa 300 Gr,"6,63 € / 1 Kg","1,99 €",CONSUM
Despensa,"Desayuno, dulces y café","Chicle Grageado Sabor Menta 14,5 Gr","6,79 € / 100 Gr","0,95 €",TRIDENT
Despensa,"Desayuno, dulces y café",Cacao Soluble 0% Bote 325 Gr,"13,20 € / 1 Kg","4,29 €",COLA CAO
Despensa,"Desayuno, dulces y café",TéSlim Caja 20 U,"0,14 € / 1 U","2,79 €",HORNIMANS
Despensa,"Desayuno, dulces y café",Galleta Digestive 700 Gr,"5,43 € / 1 Kg","3,80 €",FONTANEDA
Despensa,"Desayuno, dulces y café",Cacao Instantáneo Turbo 375 Gr,"10,11 € / 1 Kg","3,79 €",COLA CAO
Despensa,"Desayuno, dulces y café",Magdalenas Redondas 350 Gr,"3,86 € / 1 Kg","1,39 €",CONSUM
Despensa,"Desayuno, dulces y café",Chococream Bañada Chocolate leche 252 Gr,"5,52 € / 1 Kg","1,39 €",CONSUM
Despensa,"Desayuno, dulces y café",Chococream 176 Gr,"3,69 € / 1 Kg","0,65 €",CONSUM
Despensa,"Desayuno, dulces y café",Galletas Principe Estrella con Chocolate Blanco 225 Gr,"11,11 € / 1 Kg","2,50 €",LU
Despensa,"Desayuno, dulces y café",Torta de Aceite 180 Gr,"12,22 € / 1 Kg","2,20 €",INES ROSALES
Despensa,"Desayuno, dulces y café",Bizcocho Cake&choc Relleno de Chocolate 5 U 175 Gr,"16,00 € / 1 Kg","2,80 €",MILKA
Despensa,"Desayuno, dulces y café",Galleta Chocobiscuit 150 Gr,"19,33 € / 1 Kg","2,90 €",MILKA
Despensa,"Desayuno, dulces y café",Galletas Príncipe Maxi Choc 250 Gr,"9,00 € / 1 Kg","2,25 €",LU
Despensa,"Desayuno, dulces y café",Galleta Caramelizada 12 Packs de 2 Unidades 187 Gr,"8,02 € / 1 Kg","1,50 €",LOTUS
Despensa,"Desayuno, dulces y café",Galleta Artichoco Paquete 210 Gr,"12,14 € / 1 Kg","2,55 €",ARTIACH
Despensa,"Desayuno, dulces y café",Galletas Dinosaurus Huevos Caja 4 Packs 140 Gr,"17,79 € / 1 Kg","2,49 €",ARTIACH
Despensa,"Desayuno, dulces y café",Galletas Desayuno con Leche y 5 Cereales 400 Gr,"4,23 € / 1 Kg","1,69 €",CONSUM
Despensa,"Desayuno, dulces y café",Neulas Caja 25 Unidades 96 Gr,"14,06 € / 1 Kg","1,35 €",DICAR
Despensa,"Desayuno, dulces y café",Mini Croissants 270 Gr,"5,00 € / 1 Kg","1,35 €",CONSUM
Despensa,"Desayuno, dulces y café","Tartaleta Chocolate con Leche 235,80 Gr","6,15 € / 1 Kg","1,45 €",CONSUM KIDS
Despensa,"Desayuno, dulces y café",Galleta Rellena Chocolate Pack de 3 3 x 300 Gr,"6,10 € / 1 Kg","5,49 €",LU
Despensa,"Desayuno, dulces y café",Galleta Sandwich Choco Pause 260 Gr,"11,15 € / 1 Kg","2,90 €",MILKA
Despensa,"Desayuno, dulces y café",Galleta Desayuno sin Azúcares 216 Gr,"12,27 € / 1 Kg","2,65 €",GULLON ZERO
Despensa,"Desayuno, dulces y café",Queso Cabra Medallón 75 Gr,"16,93 € / 1 Kg","1,27 €",GRANJA RINYA
Despensa,"Desayuno, dulces y café",Plum Cake Mármol 400 Gr,"5,38 € / 1 Kg","2,15 €",DULCESOL
Despensa,"Desayuno, dulces y café",Azúcar Moreno Bolsa 500 Gr,"5,78 € / 1 Kg","2,89 €",NATURTIERRA
Despensa,"Desayuno, dulces y café",Corn Flakes Classic sin Azúcar y sin Gluten 300 Gr,"6,63 € / 1 Kg","1,99 €",ESGIR
Despensa,"Desayuno, dulces y café",Edulcorante 400 Comprimidos 400 U,"0,01 € / 1 U","3,95 €",NATREEN
Despensa,"Desayuno, dulces y café",Bracitos Trufa Chocolate 235 Gr,"7,14 € / 1 Kg","1,00 €",DULCESOL
Despensa,"Desayuno, dulces y café",Galleta Mikado Leche Pocket 39 Gr,"3,46 € / 100 Gr","1,35 €",LU
Despensa,"Desayuno, dulces y café",Confitura Albaricoque 330 Gr,"7,55 € / 1 Kg","2,49 €",HERO
Despensa,"Desayuno, dulces y café",Confitura Ciruela 330 Gr,"7,55 € / 1 Kg","2,49 €",HERO
Despensa,"Desayuno, dulces y café",Crema de Membrillo 400 Gr,"6,38 € / 1 Kg","2,55 €",EL QUIJOTE
Despensa,"Desayuno, dulces y café",Dulce de Frutas 400 Gr,"5,98 € / 1 Kg","2,39 €",EL QUIJOTE
Despensa,"Desayuno, dulces y café",Compota Pera y Manzana sin Frío Pack de 2 2 x 100 Gr,"7,00 € / 1 Kg","1,40 €",ANELA
Despensa,"Desayuno, dulces y café",Compota de Manzana y Plátano Pack de 2 2 x 100 Gr,"7,00 € / 1 Kg","1,40 €",ANELA
Despensa,"Desayuno, dulces y café",Mermelada Frambuesa Tarro 340 Gr,"7,21 € / 1 Kg","2,45 €",HELIOS
Despensa,"Desayuno, dulces y café",Mermelada Albaricoque 0% Azúcares Añadidos 280 Gr,"5,00 € / 1 Kg","1,40 €",CONSUM
Despensa,"Desayuno, dulces y café",Mermelada Ciruela 0% Azúcares Añadidos 280 Gr,"4,82 € / 1 Kg","1,35 €",CONSUM
Despensa,"Desayuno, dulces y café","Café Soluble Gold Natural, Bote 100 Gr","62,50 € / 1 Kg","6,25 €",NESCAFE
Despensa,"Desayuno, dulces y café",Terrón de Azúcar Blanco 500 Gr,"2,58 € / 1 Kg","1,29 €",AZUCARERA
Despensa,"Desayuno, dulces y café",Mermelada Arándano Arándano 285 Gr,"9,79 € / 1 Kg","2,79 €",VIEJA FABRIC
Despensa,"Desayuno, dulces y café",Mi Primera Galleta sin Gluten 180 Gr,"13,83 € / 1 Kg","2,49 €",HERO
Despensa,"Desayuno, dulces y café",Natillas Caseras 100 Gr,"14,50 € / 1 Kg","1,45 €",ROYAL
Despensa,"Desayuno, dulces y café",Colorantes Alimentarios Pasteleria 3 x 6 ml,"16,61 € / 100 ml","2,99 €",VAHINE
Despensa,"Desayuno, dulces y café",Azúcar Avainillada Tarro 90 Gr,"25,44 € / 1 Kg","2,29 €",VAHINE
Despensa,"Desayuno, dulces y café",Gelatina Sin Sabor 17 Gr,"13,24 € / 100 Gr","2,25 €",VAHINE
Despensa,"Desayuno, dulces y café",Almendras Laminadas 125 Gr,"29,52 € / 1 Kg","3,69 €",VAHINE
Despensa,"Desayuno, dulces y café",Almendras Molidas 125 Gr,"29,52 € / 1 Kg","3,69 €",VAHINE
Despensa,"Desayuno, dulces y café",Crocanti de Almendra 125 Gr,"29,52 € / 1 Kg","3,69 €",VAHINÉ
Despensa,"Desayuno, dulces y café",Coco Rallado 115 Gr,"21,30 € / 1 Kg","2,45 €",VAHINE
Despensa,"Desayuno, dulces y café","Levadura de Panadería 4 Sobres 4,6 Gr","10,27 € / 100 Gr","1,89 €",VAHINÉ
Despensa,"Desayuno, dulces y café",Caramelo Líquido Botella 400 Gr,"7,23 € / 1 Kg","2,89 €",ROYAL
Despensa,"Desayuno, dulces y café",Flan de Vainilla 6 Sobres 192 Gr,"7,81 € / 1 Kg","1,50 €",POTAX
Despensa,"Desayuno, dulces y café",Pastel de Queso Caja 325 Gr,"13,08 € / 1 Kg","4,25 €",ROYAL
Despensa,"Desayuno, dulces y café",Plaquita Felicidades 1 U,"1,75 € / 1 U","1,75 €",VAHINE
Despensa,"Desayuno, dulces y café",Litines Caja 132 Gr,"14,77 € / 1 Kg","1,95 €",LA BANDERA
Despensa,"Desayuno, dulces y café","Chicles Stick Sabor Menta 13,5 Gr","7,04 € / 100 Gr","0,95 €",TRIDENT
Despensa,"Desayuno, dulces y café",Bombón Selección Oro sin Azúcar 200 Gr,"27,50 € / 1 Kg","5,50 €",VALOR
Despensa,"Desayuno, dulces y café",Café Descafeinado Espresso Molido 250 Gr,"16,76 € / 1 Kg","4,19 €",VALIENTE
Despensa,"Desayuno, dulces y café",Crema de Leche Vaso cristal 180 Gr,"13,61 € / 1 Kg","2,45 €",NOCILLA
Despensa,"Desayuno, dulces y café",Caramelos Sabor Frutas sin Azúcar 8 Gr,"20,63 € / 100 Gr","1,65 €",SMINT
Despensa,"Desayuno, dulces y café",Caramelos Menta sin Azúcar 8 Gr,"20,63 € / 100 Gr","1,65 €",SMINT
Despensa,"Desayuno, dulces y café",Bolitas Multicolores 80 Gr,"28,13 € / 1 Kg","2,25 €",VAHINÉ
Despensa,"Desayuno, dulces y café",Pepitas de Chocolate Negro 100 Gr,"25,50 € / 1 Kg","2,55 €",VAHINÉ
Despensa,"Desayuno, dulces y café",Café Grano Mezcla 1 Kg,"7,55 € / 1 Kg","7,55 €",CONSUM
Despensa,"Desayuno, dulces y café",Azúcar Glas Tarro 60 Gr,"44,83 € / 1 Kg","2,69 €",VAHINÉ
Despensa,"Desayuno, dulces y café",Chantilly 72 Gr,"33,19 € / 1 Kg","2,39 €",ROYAL
Despensa,"Desayuno, dulces y café",Canela en Rama 10 Gr,"31,50 € / 100 Gr","3,15 €",VAHINE
Despensa,"Desayuno, dulces y café",Lunas Bañadas Cacao 350 Gr,"6,83 € / 1 Kg","2,39 €",CONSUM
Despensa,"Desayuno, dulces y café",Manzanilla con Menta 25 Bolsitas 25 U,"0,09 € / 1 U","2,15 €",POMPADOUR
Despensa,"Desayuno, dulces y café",Caramelo Menta 35 Gr,"6,71 € / 100 Gr","2,35 €",SMINT
Despensa,"Desayuno, dulces y café",Multinfusión Valeriana Plus 5 Bolsitas 20 Unid. 20 U,"0,14 € / 1 U","2,75 €",POMPADOUR
Despensa,"Desayuno, dulces y café",Preparado para Crepes Botella 198 Gr,"14,14 € / 1 Kg","2,80 €",MAIZENA
Despensa,"Desayuno, dulces y café",Caramelo Fresa 35 Gr,"6,71 € / 100 Gr","2,35 €",SMINT
Despensa,"Desayuno, dulces y café",Café Soluble Natural Sticks 10 U,"0,10 € / 1 U","0,95 €",CONSUM
Despensa,"Desayuno, dulces y café",Preparado Oreo Cake 215 Gr,"19,77 € / 1 Kg","4,25 €",ROYAL
Despensa,"Desayuno, dulces y café",InfuSueños Caja 20 U,"0,14 € / 1 U","2,79 €",HORNIMANS
Despensa,"Desayuno, dulces y café",Harina Fritos Paquete 1 Kg,"1,20 € / 1 Kg","1,20 €",RIO
Despensa,"Desayuno, dulces y café",Tarta Chocolate Milka 350 Gr,"12,83 € / 1 Kg","4,49 €",ROYAL
Despensa,"Desayuno, dulces y café",Cono de Golosinas Sin Gluten 1 U,"1,89 € / 1 U","1,89 €",MIGUELAÑEZ
Despensa,"Desayuno, dulces y café",Torta de Aceite 180 Gr,"9,39 € / 1 Kg","1,69 €",CONSUM
Despensa,"Desayuno, dulces y café",Pastelito Flaminguitos 3 Unidades,"6,06 € / 1 Kg","1,00 €",DULCESOL
Despensa,"Desayuno, dulces y café","Bote Chicles Sin Azúcar de Fresa en grageas, 60uds 84gr","47,50 € / 1 Kg","3,99 €",ORBIT
Despensa,"Desayuno, dulces y café",Tortitas Americanas Original Pancake 156 Gr,"10,83 € / 1 Kg","1,69 €",MARY LEE
Despensa,"Desayuno, dulces y café",Preparado Bizcocho 375 Gr,"8,53 € / 1 Kg","3,20 €",ROYAL
Despensa,"Desayuno, dulces y café",Aroma Vainilla 200 ml,"21,75 € / 1 L","4,35 €",VAHINE
Despensa,"Desayuno, dulces y café","Chicles Sin Azúcar Bubblemint de frutas y menta en grageas, 10 uds 4x14gr","65,89 € / 1 Kg","3,69 €",ORBIT
Despensa,"Desayuno, dulces y café",Corazones 55 Gr,"44,55 € / 1 Kg","2,45 €",VAHINE
Despensa,"Desayuno, dulces y café",Gelatina Neutra 18 Gr,"10,50 € / 100 Gr","1,89 €",VAHINE
Despensa,"Desayuno, dulces y café",Pepitas Chocolate con Leche 100 Gr,"38,50 € / 1 Kg","3,85 €",VAHINE
Despensa,"Desayuno, dulces y café",Velita y Cifras 12 U,"0,24 € / 1 U","2,89 €",VAHINÉ
Despensa,"Desayuno, dulces y café",Sirope de Fresa Bote 295 Gr,"6,75 € / 1 Kg","1,99 €",HELIOS
Despensa,"Desayuno, dulces y café",Natillas en Polvo con Canela 125 Gr,"13,20 € / 1 Kg","1,65 €",CONSUM
Despensa,"Desayuno, dulces y café",Sirope de Chocolate Bote 295 Gr,"6,75 € / 1 Kg","1,99 €",HELIOS
Despensa,"Desayuno, dulces y café",Caramelo Tin Limón 35 Gr,"6,71 € / 100 Gr","2,35 €",SMINT
Despensa,"Desayuno, dulces y café",Té Descafeinado 25 Bolsitas 25 U,"0,09 € / 1 U","2,15 €",POMPADOUR
Despensa,"Desayuno, dulces y café",Gelatina de Fresa 170 Gr,"8,82 € / 1 Kg","1,50 €",CONSUM
Despensa,"Desayuno, dulces y café",Gelatina de Limón 170 Gr,"8,82 € / 1 Kg","1,50 €",CONSUM
Despensa,"Desayuno, dulces y café",Flan Vainilla con Caramelo 190 Gr,"7,37 € / 1 Kg","1,40 €",CONSUM
Despensa,"Desayuno, dulces y café",Sirope de Caramelo Bote 295 Gr,"6,75 € / 1 Kg","1,99 €",HELIOS
Despensa,"Desayuno, dulces y café",Café Senseo Descafeinado Monodosis 28 U,"0,17 € / 1 U","4,85 €",MARCILLA
Despensa,"Desayuno, dulces y café",Velitas Mágicas 10 U,"0,23 € / 1 U","2,29 €",VAHINÉ
Despensa,"Desayuno, dulces y café",Medias Noches Panecillos Sin Gluten 200 Gr,"14,95 € / 1 Kg","2,99 €",SCHÄR
Despensa,"Desayuno, dulces y café",Cacao Instántaneo 400 Gr,"5,13 € / 1 Kg","2,05 €",CONSUM
Despensa,"Desayuno, dulces y café",Velitas Cumpleaños Rosas y Azules 16 U,"0,11 € / 1 U","1,75 €",VAHINÉ
Despensa,"Desayuno, dulces y café",Brazo de Cacao 300 Gr,"6,63 € / 1 Kg","1,99 €",CONSUM
Despensa,"Desayuno, dulces y café",Café con Leche Descafeinado Cápsulas 16 U,"0,31 € / 1 U","4,89 €",DOLCE GUSTO
Despensa,"Desayuno, dulces y café",Bizcocho Blandito Tosta Rica Oceanix 160 Gr,"18,69 € / 1 Kg","2,99 €",CUETARA
Despensa,"Desayuno, dulces y café",Chocolate Negro 70% sin Azúcar con Almendra 150 Gr,"21,67 € / 1 Kg","3,25 €",VALOR
Despensa,"Desayuno, dulces y café",Gelatina Sabor Fresa Light 10 Kcal 31 Gr,"8,87 € / 100 Gr","2,75 €",ROYAL
Despensa,"Desayuno, dulces y café",Gelatina Sabor Limón LIght 10 Kcal 31 Gr,"8,87 € / 100 Gr","2,75 €",ROYAL
Despensa,"Desayuno, dulces y café","Kit Kat Leche 41,5 Gr","2,87 € / 100 Gr","1,19 €",NESTLE
Despensa,"Desayuno, dulces y café",Harina de Arroz Paquete 500 Gr,"2,28 € / 1 Kg","1,14 €",REX
Despensa,"Desayuno, dulces y café",Harina Mix sin Gluten 500 Gr Múltiples Usos,"5,70 € / 1 Kg","2,85 €",GALLO
Despensa,"Desayuno, dulces y café",Cappuccino Descafeinad Soluble 250 Gr,"17,80 € / 1 Kg","4,45 €",NESCAFE
Despensa,"Desayuno, dulces y café","Chicle Grajeado Hierbabuena Bote 82,6 Gr","36,92 € / 1 Kg","3,05 €",TRIDENT
Despensa,"Desayuno, dulces y café",Galleta de Cacao Rellena con Chocolate Blanco 246 Gr,"11,59 € / 1 Kg","2,85 €",OREO
Despensa,"Desayuno, dulces y café",Kinder Chocolate Caja de 16 Unidades 200 Gr,"14,95 € / 1 Kg","2,99 €",KINDER
Despensa,"Desayuno, dulces y café",Cacao Instantáneo 1 Kg,"3,90 € / 1 Kg","3,90 €",CONSUM
Despensa,"Desayuno, dulces y café",Galleta Digestive Avena 425 Gr,"2,71 € / 1 Kg","1,15 €",CONSUM
Despensa,"Desayuno, dulces y café",Loco's Mini White 8 Unidades 160 Gr,"12,44 € / 1 Kg","1,99 €",CONSUM
Despensa,"Desayuno, dulces y café",Loco's Mini Cacao 8 Unidades 155 Gr,"12,84 € / 1 Kg","1,99 €",CONSUM
Despensa,"Desayuno, dulces y café",Bombones T-15 Raffaello 150 Gr,"26,60 € / 1 Kg","3,99 €",FERRERO
Despensa,"Desayuno, dulces y café","Chicle Grageado Fresa Bote 82,6 Gr","36,92 € / 1 Kg","3,05 €",TRIDENT
Despensa,"Desayuno, dulces y café",Bombón Lindor Leche 200 Gr,"34,95 € / 1 Kg","6,99 €",LINDT
Despensa,"Desayuno, dulces y café",Café con Leche Tassimo Cápsulas 16 U,"0,33 € / 1 U","5,30 €",MARCILLA
Despensa,"Desayuno, dulces y café",Café Espresso Tassimo Cápsulas 16 U,"0,33 € / 1 U","5,30 €",MARCILLA
Despensa,"Desayuno, dulces y café",Tarta Tiramisú 200 Gr,"6,95 € / 1 Kg","1,39 €",MELS
Despensa,"Desayuno, dulces y café",Edulcorante Líquido 300 ml,"5,63 € / 1 L","1,69 €",CONSUM
Despensa,"Desayuno, dulces y café",Rellenito Fresa-Nata sin Gluten 80 Gr,"18,00 € / 1 Kg","1,35 €",FINI
Despensa,"Desayuno, dulces y café",Nubes Bicolor 100 Gr,"5,90 € / 1 Kg","0,59 €",CONSUM
Despensa,"Desayuno, dulces y café",Ositos de Goma 150 Gr,"4,60 € / 1 Kg","0,69 €",CONSUM
Despensa,"Desayuno, dulces y café",Surtido Goma Brillo 150 Gr,"6,33 € / 1 Kg","0,95 €",CONSUM
Despensa,"Desayuno, dulces y café",Mix Azucarado 150 Gr,"6,33 € / 1 Kg","0,95 €",CONSUM
Despensa,"Desayuno, dulces y café",Café Senseo Fuerte Monodosis 28 U,"0,17 € / 1 U","4,85 €",MARCILLA
Despensa,"Desayuno, dulces y café",Chapelas Zebra 3 Unidades 135 Gr,"7,41 € / 1 Kg","1,00 €",DULCESOL
Despensa,"Desayuno, dulces y café",Colas de Goma 150 Gr,"4,60 € / 1 Kg","0,69 €",CONSUM
Despensa,"Desayuno, dulces y café",Moras de Goma 150 Gr,"5,67 € / 1 Kg","0,85 €",CONSUM
Despensa,"Desayuno, dulces y café",Espresso Descafeinado Tassimo Cápsulas 16 U,"0,33 € / 1 U","5,30 €",MARCILLA
Despensa,"Desayuno, dulces y café",Chocolate Negro 55% con Almendras Enteras 200 Gr,"8,75 € / 1 Kg","1,75 €",CONSUM
Despensa,"Desayuno, dulces y café",Chocolate con Leche sin Azúcar 125 Gr,"10,00 € / 1 Kg","1,25 €",CONSUM
Despensa,"Desayuno, dulces y café",Chocolate Negro 55% con Avellanas Enteras 200 Gr,"9,25 € / 1 Kg","1,85 €",CONSUM
Despensa,"Desayuno, dulces y café",Chicle Fresa sin Azúcar Paquete 32 Unidades 45 Gr,"2,22 € / 100 Gr","1,00 €",CONSUM
Despensa,"Desayuno, dulces y café",Chicle Menta sin Azúcar Paquete 32 Unidades 45 Gr,"2,22 € / 100 Gr","1,00 €",CONSUM
Despensa,"Desayuno, dulces y café",Chicle Hierbabuena sin Azúcar Paquete 32 U. 45 Gr,"2,22 € / 100 Gr","1,00 €",CONSUM
Despensa,"Desayuno, dulces y café",Chicle Menta Regaliz sin Azúcar Paquete 32 U. 45 Gr,"2,11 € / 100 Gr","0,95 €",CONSUM
Despensa,"Desayuno, dulces y café",Torcidas Regaliz Fresa Rellenas 125 Gr,"7,20 € / 1 Kg","0,90 €",FINI
Despensa,"Desayuno, dulces y café",Chocolate con Leche Almendras sin Azúcar 150 Gr,"12,60 € / 1 Kg","1,89 €",CONSUM
Despensa,"Desayuno, dulces y café",Galleta Mini Principe 160 Gr,"12,44 € / 1 Kg","1,99 €",LU
Despensa,"Desayuno, dulces y café",Cappuccino Natural Soluble 250 Gr,"17,80 € / 1 Kg","4,45 €",NESCAFE
Despensa,"Desayuno, dulces y café",Galleta Cookies Rellena Sensations 156 Gr,"18,59 € / 1 Kg","2,90 €",MILKA
Despensa,"Desayuno, dulces y café",Café Largo Tassimo Cápsulas 16 U,"0,33 € / 1 U","5,30 €",MARCILLA
Despensa,"Desayuno, dulces y café",Galleta Tostada sin Azúcares 400 Gr,"6,48 € / 1 Kg","2,59 €",GULLON ZERO
Despensa,"Desayuno, dulces y café",Bizcochitos Tosta Rica Caja 5 Unidades 163 Gr,"23,92 € / 1 Kg","2,99 €",CUETARA
Despensa,"Desayuno, dulces y café",Compota Manzana y Melocotón Pack de 2 2 x 100 Gr,"7,00 € / 1 Kg","1,40 €",ANELA
Despensa,"Desayuno, dulces y café",Chapelas Cacao Pack 3 Unidades 135 Gr,"7,41 € / 1 Kg","1,00 €",DULCESOL
Despensa,"Desayuno, dulces y café","Kit Kat White Pack de 3 3 x 41,5 Gr","17,27 € / 1 Kg","2,15 €",NESTLE
Despensa,"Desayuno, dulces y café",Paraguas de Chocolate con Lacasitos 5 x 11 Gr,"48,91 € / 1 Kg","2,69 €",LACASA
Despensa,"Desayuno, dulces y café",Galletas de Mantequilla Lata Redonda 454 Gr,"8,26 € / 1 Kg","3,75 €",RIBERHUS
Despensa,"Desayuno, dulces y café",Crema Untar 200 Gr,"12,95 € / 1 Kg","2,59 €",NUTELLA
Despensa,"Desayuno, dulces y café",Café Espresso Descafeinado Cápsulas 10 U,"0,40 € / 1 U","3,99 €",L'OR
Despensa,"Desayuno, dulces y café",Café Espresso Ristretto Descafeinado Cápsulas 10 U,"0,40 € / 1 U","3,99 €",L'OR
Despensa,"Desayuno, dulces y café",Café Espresso Ristretto Cápsulas 10 U,"0,40 € / 1 U","3,99 €",L'OR
Despensa,"Desayuno, dulces y café",Café Cortado Cremoso Tassimo 16 U,"0,33 € / 1 U","5,30 €",MARCILLA
Despensa,"Desayuno, dulces y café",Galleta Digestive Chocolate con Leche 300 Gr,"3,50 € / 1 Kg","1,05 €",CONSUM
Despensa,"Desayuno, dulces y café",Brownie Choco Pack 6 Unidades 150 Gr,"19,93 € / 1 Kg","2,99 €",MILKA
Despensa,"Desayuno, dulces y café",Conguitos Bolsa 175 Gr,"15,37 € / 1 Kg","2,69 €",LACASA
Despensa,"Desayuno, dulces y café",Café Espresso Ristretto Cápsulas 20 U,"0,39 € / 1 U","7,89 €",L'OR
Despensa,"Desayuno, dulces y café",Café Espresso Ristretto Descafeinado Cápsulas 20 U,"0,39 € / 1 U","7,89 €",L'OR
Despensa,"Desayuno, dulces y café",Harina Para Pizza Paquete 500 Gr,"2,58 € / 1 Kg","1,29 €",HARIMSA
Despensa,"Desayuno, dulces y café",Mini Galletas Dinosaurus a Cucharadas 320 Gr,"9,34 € / 1 Kg","2,99 €",ARTIACH
Despensa,"Desayuno, dulces y café",Copos de Avena 500 Gr,"2,00 € / 1 Kg","1,00 €",JOE'S FARM
Despensa,"Desayuno, dulces y café",Surtido Galletas 420 Gr,"13,33 € / 1 Kg","5,60 €",CUETARA
Despensa,"Desayuno, dulces y café",Barquillo Relleno B-Ready 132 Gr,"17,35 € / 1 Kg","2,29 €",NUTELLA
Despensa,"Desayuno, dulces y café",Chocolate con Leche 270 Gr,"10,19 € / 1 Kg","2,75 €",MILKA
Despensa,"Desayuno, dulces y café",Sobaos Pack 14 Unidades 280 Gr,"3,93 € / 1 Kg","1,10 €",CONSUM
Despensa,"Desayuno, dulces y café",Chicle Senses Berry Party 23 Gr,"5,00 € / 100 Gr","1,15 €",TRIDENT
Despensa,"Desayuno, dulces y café",Chicle Senses Sabor Tropical 23 Gr,"5,00 € / 100 Gr","1,15 €",TRIDENT
Despensa,"Desayuno, dulces y café",Pan de Leche 8 Unidades 280 Gr,"9,25 € / 1 Kg","2,59 €",PASQUIER
Despensa,"Desayuno, dulces y café",Chicles Senses Sabor Hierbabuena 23 Gr,"5,00 € / 100 Gr","1,15 €",TRIDENT
Despensa,"Desayuno, dulces y café",Caramelo con Palo Relleno de Chicle 105 Gr,"20,48 € / 1 Kg","2,15 €",KOJAK
Despensa,"Desayuno, dulces y café",Chocolate Blanco 100 Gr,"16,90 € / 1 Kg","1,69 €",MILKYBAR
Despensa,"Desayuno, dulces y café",Galleta Mikado Chocolate Negro 71 Gr,"26,00 € / 1 Kg","1,95 €",LU
Despensa,"Desayuno, dulces y café",Galletas Mini Simpson 275 Gr,"10,87 € / 1 Kg","2,99 €",ARLUY
Despensa,"Desayuno, dulces y café",Chocolate Negro 85% sin Azúcar 100 Gr,"23,00 € / 1 Kg","2,30 €",VALOR
Despensa,"Desayuno, dulces y café",Caramelo Limón y Melisa 150 Gr,"10,60 € / 1 Kg","1,59 €",MENTOLIN
Despensa,"Desayuno, dulces y café",Surtido Mermelada 200 Gr,"11,75 € / 1 Kg","2,35 €",HELIOS
Despensa,"Desayuno, dulces y café",Harina Integral de Avena Paquete 400 Gr,"4,38 € / 1 Kg","1,75 €",HARIMSA
Despensa,"Desayuno, dulces y café",Chocolate Negro Bio 85% cacao 90 Gr,"30,56 € / 1 Kg","2,75 €",SUCHARD
Despensa,"Desayuno, dulces y café",Caramelo Eucaliptus 150 Gr,"10,60 € / 1 Kg","1,59 €",MENTOLIN
Despensa,"Desayuno, dulces y café",Harina de Trigo Ecológico Paquete 500 Gr,"3,18 € / 1 Kg","1,59 €",HARIMSA
Despensa,"Desayuno, dulces y café",Chocolate con Leche para Postres 170 Gr,"15,00 € / 1 Kg","2,55 €",NESTLE
Despensa,"Desayuno, dulces y café",Postre Manzana y Mango Pack de 2 2 x 100 Gr,"7,00 € / 1 Kg","1,40 €",ANELA
Despensa,"Desayuno, dulces y café",Pandorino Cacao Pack 4 Unidades 135 Gr,"7,41 € / 1 Kg","1,00 €",DULCESOL
Despensa,"Desayuno, dulces y café",Galleta Bio Organic con Choco Chips 250 Gr,"12,76 € / 1 Kg","3,19 €",GULLON
Despensa,"Desayuno, dulces y café",Preparado para Tortitas 120 Gr,"10,42 € / 1 Kg","1,25 €",ROYAL
Despensa,"Desayuno, dulces y café",Crepes 405 Gr,"5,90 € / 1 Kg","2,39 €",CREAPAN
Despensa,"Desayuno, dulces y café",Café Espresso Colombia Cápsulas 10 U,"0,44 € / 1 U","4,39 €",L'OR
Despensa,"Desayuno, dulces y café",Chocolate 90% Cacao Excellence 100 Gr,"34,90 € / 1 Kg","3,49 €",LINDT
Despensa,"Desayuno, dulces y café",Fideos de Colores 60 Gr,"18,17 € / 1 Kg","1,09 €",MOLINO REAL
Despensa,"Desayuno, dulces y café",Fideos de Chocolate 55 Gr,"19,82 € / 1 Kg","1,09 €",MOLINO REAL
Despensa,"Desayuno, dulces y café",Confitura de Fresa 330 Gr,"7,55 € / 1 Kg","2,49 €",HERO
Despensa,"Desayuno, dulces y café",Copos de Maíz Tostado Ecológico 400 Gr,"8,98 € / 1 Kg","3,59 €",ECOCESTA
Despensa,"Desayuno, dulces y café",Confitura Melocotón 330 Gr,"7,55 € / 1 Kg","2,49 €",HERO
Despensa,"Desayuno, dulces y café",Café Espresso Onyx Cápsulas 20 U,"0,39 € / 1 U","7,89 €",L'OR
Despensa,"Desayuno, dulces y café",Café Molido Expresso Descafeinado Natural 250 Gr,"10,20 € / 1 Kg","2,55 €",CONSUM
Despensa,"Desayuno, dulces y café",Chocolate Negro 92% Cacao 170 Gr,"22,06 € / 1 Kg","3,75 €",VALOR
Despensa,"Desayuno, dulces y café",Azúcar Moreno de Caña Orgánico 500 Gr,"4,30 € / 1 Kg","2,15 €",ECOWASSY
Despensa,"Desayuno, dulces y café",Regamix 200 Gr,"5,75 € / 1 Kg","1,15 €",FINI
Despensa,"Desayuno, dulces y café",Harina Integral Paquete 1 Kg,"1,65 € / 1 Kg","1,65 €",GALLO
Despensa,"Desayuno, dulces y café",Kinder Schokobons Bolsa 200 Gr,"19,95 € / 1 Kg","3,99 €",KINDER
Despensa,"Desayuno, dulces y café",Torta Aceite Sin Azúcar 6 Unidades 180 Gr,"16,61 € / 1 Kg","2,99 €",INES ROSALES
Despensa,"Desayuno, dulces y café",Chocolate a la Taza 300 Gr,"10,67 € / 1 Kg","3,20 €",VALOR
Despensa,"Desayuno, dulces y café",Crema Cacao Chocoleche Vaso Cristal 360 Gr,"9,69 € / 1 Kg","3,49 €",NOCILLA
Despensa,"Desayuno, dulces y café",Queso Cabra Rulo Unidad 180 Gr,"18,06 € / 1 Kg","3,25 €",PRESIDENT
Despensa,"Desayuno, dulces y café",Crema de Cacao Original Vaso Cristal 360 Gr,"9,69 € / 1 Kg","3,49 €",NOCILLA
Despensa,"Desayuno, dulces y café",Cereales Mix Variety Pack de 6 190 Gr,"21,00 € / 1 Kg","3,99 €",NESTLE
Despensa,"Desayuno, dulces y café",Regaliz Negro Gourmet 128 Gr,"17,16 € / 1 Kg","1,99 €",FINI
Despensa,"Desayuno, dulces y café",Crema de Cacao Original Vaso Cristal 180 Gr,"13,61 € / 1 Kg","2,45 €",NOCILLA
Despensa,"Desayuno, dulces y café",Crema Cacao Chocoleche Vaso Cristal 180 Gr,"13,61 € / 1 Kg","2,45 €",NOCILLA
Despensa,"Desayuno, dulces y café",Cacao Soluble con Fibra 0% Azúcar 300 Gr,"14,30 € / 1 Kg","4,29 €",COLA CAO
Despensa,"Desayuno, dulces y café",Cacahuete Chocolate con Leche 250 Gr,"8,80 € / 1 Kg","2,20 €",PRUNITA
Despensa,"Desayuno, dulces y café",Café Molido Natural Colombia 100% Arábica 250 Gr,"12,80 € / 1 Kg","3,20 €",CONSUM
Despensa,"Desayuno, dulces y café",Cereal Froot Loops 375 Gr,"11,97 € / 1 Kg","4,49 €",KELLOGG'S
Despensa,"Desayuno, dulces y café",Gelatina Sabor Arándano Light 10 Kcal 31 Gr,"8,87 € / 100 Gr","2,75 €",ROYAL
Despensa,"Desayuno, dulces y café",Snack Chocolate Delice 186 Gr,"14,82 € / 1 Kg","2,49 €",KINDER
Despensa,"Desayuno, dulces y café","Sugus Caramelo Masticable a Base de Zumo de Frutas, 150g","19,93 € / 1 Kg","2,99 €",SUGUS
Despensa,"Desayuno, dulces y café",Harina para Bizcochos Paquete 1 Kg,"1,69 € / 1 Kg","1,69 €",GALLO
Despensa,"Desayuno, dulces y café",Surtido Mix sin Azúcar 90 Gr,"10,56 € / 1 Kg","0,95 €",DAMEL
Despensa,"Desayuno, dulces y café",Cereal Soluble Ecológico 150 Gr,"23,27 € / 1 Kg","3,49 €",EKO
Despensa,"Desayuno, dulces y café",Harina de Garbanzo Paquete 400 Gr,"4,23 € / 1 Kg","1,69 €",HARIMSA
Despensa,"Desayuno, dulces y café",Chocolate Negro 72% Cacao 100 Gr,"10,50 € / 1 Kg","1,05 €",CONSUM
Despensa,"Desayuno, dulces y café",Chocolate Negro Flor de Sal Excellence 100 Gr,"32,50 € / 1 Kg","3,25 €",LINDT
Despensa,"Desayuno, dulces y café",Chocolate Fondant 100 Gr,"9,90 € / 1 Kg","0,99 €",DOLCA
Despensa,"Desayuno, dulces y café",Chocolate con Leche Extrafino 100 Gr,"9,90 € / 1 Kg","0,99 €",DOLCA
Despensa,"Desayuno, dulces y café",Gofre con Chocolate 120 Más 20 g 140 Gr,"5,64 € / 1 Kg","0,79 €",WAFFY
Despensa,"Desayuno, dulces y café",Gofre Natural Waffy 120 Gr,"6,58 € / 1 Kg","0,79 €",WAFFY
Despensa,"Desayuno, dulces y café",Mermelada Ecológica Fresa 350 Gr,"6,43 € / 1 Kg","2,25 €",CONSUM ECO
Despensa,"Desayuno, dulces y café",Mermelada Ecológica Melocotón 350 Gr,"6,43 € / 1 Kg","2,25 €",CONSUM ECO
Despensa,"Desayuno, dulces y café",Chocolate Negro 85% Cacao 100 Gr,"12,50 € / 1 Kg","1,25 €",CONSUM
Despensa,"Desayuno, dulces y café",Café en Grano Puro Arábica 500 Gr,"19,00 € / 1 Kg","9,50 €",BONKA
Despensa,"Desayuno, dulces y café",Mojicón con Pepitas de Chocolate 240 Gr,"8,29 € / 1 Kg","1,99 €",LUNA
Despensa,"Desayuno, dulces y café",Cereal Crunchy Nut,"7,78 € / 1 Kg","3,89 €",KELLOGG'S
Despensa,"Desayuno, dulces y café",Confitura de Fresa 370 Gr,"8,08 € / 1 Kg","2,99 €",BONNE MAMAN
Despensa,"Desayuno, dulces y café",Confitura de Melocotón 370 Gr,"8,08 € / 1 Kg","2,99 €",BONNE MAMAN
Despensa,"Desayuno, dulces y café",Confitura de Arándano Salvaje 370 Gr,"12,14 € / 1 Kg","4,49 €",BONNE MAMAN
Despensa,"Desayuno, dulces y café",Cereales con Miel Pops 450 Gr,"9,98 € / 1 Kg","3,99 €",KELLOGG'S
Despensa,"Desayuno, dulces y café",Cereales Choco Krispies 420 Gr,"8,45 € / 1 Kg","3,55 €",KELLOGG'S
Despensa,"Desayuno, dulces y café",Lote Chocolate Blanco 2 x 100 Gr,"11,75 € / 1 Kg","2,35 €",MILKYBAR
Despensa,"Desayuno, dulces y café",Té Earl Grey 25 Bolsitas 82 Gr,"57,20 € / 1 Kg","4,69 €",TWININGS
Despensa,"Desayuno, dulces y café",Cacao Soluble 760 Gr,"8,54 € / 1 Kg","6,49 €",COLA CAO
Despensa,"Desayuno, dulces y café",Galletas Mantequilla 125 Gr,"10,00 € / 1 Kg","1,25 €",MELS
Despensa,"Desayuno, dulces y café",Azúcar de Coco Bío 300 Gr,"8,83 € / 1 Kg","2,65 €",ECOWASSY
Despensa,"Desayuno, dulces y café",Barrita Fitness Choco Negro 6 Unidades 141 Gr,"21,21 € / 1 Kg","2,99 €",NESTLE
Despensa,"Desayuno, dulces y café",Queso de Cabra Afinado 250 Gr,"23,80 € / 1 Kg","5,95 €",CAPRIMED
Despensa,"Desayuno, dulces y café",Cebolla Confitada Tarro 230 Gr,"7,17 € / 1 Kg","1,65 €",BEBE
Despensa,"Desayuno, dulces y café",Brownie con Chocolate 200 Gr,"11,25 € / 1 Kg","2,25 €",MR.BROWNIE
Despensa,"Desayuno, dulces y café",Pimiento Confitado Tarro 230 Gr,"10,22 € / 1 Kg","2,35 €",BEBE
Despensa,"Desayuno, dulces y café",Velitas Smiley 27 Gr,"11,07 € / 100 Gr","2,99 €",VAHINE
Despensa,"Desayuno, dulces y café",Galleta Digestive Finas Chocolate Negro 170 Gr,"14,71 € / 1 Kg","2,50 €",FONTANEDA
Despensa,"Desayuno, dulces y café",Galleta Digestive Finas Chocolate con Leche 170 Gr,"14,71 € / 1 Kg","2,50 €",FONTANEDA
Despensa,"Desayuno, dulces y café",Miel Cruda de Romero Tarro 500 Gr,"12,50 € / 1 Kg","6,25 €",R.APICOLA
Despensa,"Desayuno, dulces y café",Surtido Galletas Compliments 500 Gr,"8,70 € / 1 Kg","4,35 €",LAMBERTZ
Despensa,"Desayuno, dulces y café",Harina Espelta Integral Paquete 1 Kg,"2,49 € / 1 Kg","2,49 €",GALLO
Despensa,"Desayuno, dulces y café",Rollino Latte 222 Gr,"8,06 € / 1 Kg","1,79 €",BALCONI
Despensa,"Desayuno, dulces y café",Trancetto Cacao 280 Gr,"6,39 € / 1 Kg","1,79 €",BALCONI
Despensa,"Desayuno, dulces y café",Magdalena Choco Chips Zero 256 Gr,"10,00 € / 1 Kg","2,25 €",HERAS
Despensa,"Desayuno, dulces y café",Chocolate Negro 82% con Almendra 250 Gr,"19,96 € / 1 Kg","4,99 €",VALOR
Despensa,"Desayuno, dulces y café",Chocolate a la Taza en Polvo 340 Gr,"9,68 € / 1 Kg","3,29 €",PALADIN
Despensa,"Desayuno, dulces y café",Café con Leche Intenso Cápsulas 16 U,"0,31 € / 1 U","4,89 €",DOLCE GUSTO
Despensa,"Desayuno, dulces y café",Quema Grasa 25 U,"0,11 € / 1 U","2,75 €",POMPADOUR
Despensa,"Desayuno, dulces y café",Confitura Fresa Pack de 10 10 x 25 Gr,"7,16 € / 1 Kg","1,79 €",HELIOS
Despensa,"Desayuno, dulces y café",Tubitos Rellenos Crema de Cacao 160 Gr,"8,33 € / 1 Kg","1,25 €",MELS
Despensa,"Desayuno, dulces y café",Tubitos Rellenos Crema de Vainilla 160 Gr,"8,33 € / 1 Kg","1,25 €",MELS
Despensa,"Desayuno, dulces y café",Confitura Melocotón Pack de 10 10 x 25 Gr,"7,16 € / 1 Kg","1,79 €",HELIOS
Despensa,"Desayuno, dulces y café",Galleta Mini Integral Multicereales 225 Gr,"8,84 € / 1 Kg","1,99 €",CONSUM ECO
Despensa,"Desayuno, dulces y café",Magdalena sin Azúcares Añadidos y Sin Leche 500 Gr,"6,64 € / 1 Kg","2,99 €",LALY
Despensa,"Desayuno, dulces y café",Galleta con Chocolate Cards 2x5 Packs 128 Gr,"21,80 € / 1 Kg","2,79 €",KINDER
Despensa,"Desayuno, dulces y café",Miel de Flores Pack de 10 10 x 25 Gr,"11,40 € / 1 Kg","2,85 €",HELIOS
Despensa,"Desayuno, dulces y café",Barritas Almendra Chocolate con Leche 4 x 25 Gr,"26,90 € / 1 Kg","2,69 €",EL ALMENDRO
Despensa,"Desayuno, dulces y café",Membrillo sin Azúcar 2 x 185 Gr,"5,54 € / 1 Kg","2,05 €",CONSUM
Despensa,"Desayuno, dulces y café",Café Molido Ecológico 250 Gr,"15,40 € / 1 Kg","3,85 €",BONKA
Despensa,"Desayuno, dulces y café",Jelly Kisses Sabor Fresa y Nata 200 Gr,"5,75 € / 1 Kg","1,15 €",FINI
Despensa,"Desayuno, dulces y café",Happy Party 500 Gr,"9,50 € / 1 Kg","4,75 €",FINI
Despensa,"Desayuno, dulces y café",Cereales Rellenos Leche sin Gluten 500 Gr,"5,18 € / 1 Kg","2,59 €",CERIDÉS
Despensa,"Desayuno, dulces y café",Cereales Rellenos Choco sin Gluten 500 Gr,"5,50 € / 1 Kg","2,75 €",CERIDÉS
Despensa,"Desayuno, dulces y café",Loco's Cacao 6 Unidades 240 Gr,"8,29 € / 1 Kg","1,99 €",CONSUM
Despensa,"Desayuno, dulces y café",Loco's White 6 Unidades 270 Gr,"7,37 € / 1 Kg","1,99 €",CONSUM
Despensa,"Desayuno, dulces y café",Loco's Azúcar 6 Unidades 252 Gr,"7,90 € / 1 Kg","1,99 €",CONSUM
Despensa,"Desayuno, dulces y café",Caramelo Eucalipto 150 Gr,"7,67 € / 1 Kg","1,15 €",CONSUM
Despensa,"Desayuno, dulces y café",Caramelo Eucalipto sin Azúcar 90 Gr,"11,00 € / 1 Kg","0,99 €",CONSUM
Despensa,"Desayuno, dulces y café",Caramelo Miel-Limón 150 Gr,"7,67 € / 1 Kg","1,15 €",CONSUM
Despensa,"Desayuno, dulces y café",Caramelo Mix Frutas sin Azúcar 90 Gr,"11,67 € / 1 Kg","1,05 €",CONSUM
Despensa,"Desayuno, dulces y café",Caramelo Naranja - Limón 150 Gr,"7,67 € / 1 Kg","1,15 €",CONSUM
Despensa,"Desayuno, dulces y café",Gelatina Fresa 114 Gr,"24,12 € / 1 Kg","2,75 €",ROYAL
Despensa,"Desayuno, dulces y café",Briox Trenzado 400 Gr,"10,48 € / 1 Kg","4,19 €",MUSFI'S
Despensa,"Desayuno, dulces y café",Muesli Crujiente sin Azúcar 500 Gr,"4,58 € / 1 Kg","2,29 €",CERIDÉS
Despensa,"Desayuno, dulces y café",Fideos Arco Iris Frasco 71 Gr,"31,69 € / 1 Kg","2,25 €",VAHINÉ
Despensa,"Desayuno, dulces y café",Infusión Fruit All sin Teina 20 Bolsitas 20 U,"0,13 € / 1 U","2,50 €",POMPADOUR
Despensa,"Desayuno, dulces y café",Postre de Macedonia Pack 2 Unidades 2 x 100 Gr,"7,00 € / 1 Kg","1,40 €",ANELA
Despensa,"Desayuno, dulces y café",Cacao Soluble 0% Bolsa 500 Gr,"11,98 € / 1 Kg","5,99 €",COLA CAO
Despensa,"Desayuno, dulces y café",Barrita Nesquik Cereales Pack 4 Unidades 4 x 25 Gr,"15,00 € / 1 Kg","1,50 €",NESTLE
Despensa,"Desayuno, dulces y café",Rollino Nocciola Balconi 222 Gr,"8,06 € / 1 Kg","1,79 €",BALCONI
Despensa,"Desayuno, dulces y café",Caramelo Líquido 300 Gr,"5,63 € / 1 Kg","1,69 €",MOLINO REAL
Despensa,"Desayuno, dulces y café",Fideos Chocolate 71 Gr,"31,69 € / 1 Kg","2,25 €",VAHINE
Despensa,"Desayuno, dulces y café",Cuajada Casera 48 Gr,"2,90 € / 100 Gr","1,39 €",MOLINO REAL
Despensa,"Desayuno, dulces y café",Té English Breakfast 25 Bolsitas 82 Gr,"57,20 € / 1 Kg","4,69 €",TWININGS
Despensa,"Desayuno, dulces y café",Ositos de Oro 100 Gr,"13,90 € / 1 Kg","1,39 €",HARIBO
Despensa,"Desayuno, dulces y café",Favoritos Azúcar 90 Gr,"15,44 € / 1 Kg","1,39 €",HARIBO
Despensa,"Desayuno, dulces y café",Funky Mix 100 Gr,"13,90 € / 1 Kg","1,39 €",HARIBO
Despensa,"Desayuno, dulces y café",Favoritos Regaliz Red & White 90 Gr,"15,44 € / 1 Kg","1,39 €",HARIBO
Despensa,"Desayuno, dulces y café",Fresones 100 Gr,"13,90 € / 1 Kg","1,39 €",HARIBO
Despensa,"Desayuno, dulces y café",Rodajas de Sandía 90 Gr,"15,44 € / 1 Kg","1,39 €",HARIBO
Despensa,"Desayuno, dulces y café",Tropifrutti 100 Gr,"13,90 € / 1 Kg","1,39 €",HARIBO
Despensa,"Desayuno, dulces y café",Favoritos Azúcar Tarrina 500 Gr,"9,98 € / 1 Kg","4,99 €",HARIBO
Despensa,"Desayuno, dulces y café",Gelatina Neutra en Polvo 2 Sobres x 10 gr 20 Gr,"8,45 € / 100 Gr","1,69 €",MOLINO REAL
Despensa,"Desayuno, dulces y café",Algodón de Azúcar 30 Gr,"3,83 € / 100 Gr","1,15 €",DEKORA
Despensa,"Desayuno, dulces y café",Caramelo Toffee 150 Gr,"7,67 € / 1 Kg","1,15 €",CONSUM
Despensa,"Desayuno, dulces y café",Infusión Arándanos con Hibisco 20 Bolsitas 20 U,"0,14 € / 1 U","2,79 €",HORNIMANS
Despensa,"Desayuno, dulces y café",Infusión Maca y Jengibre 20 Bolsitas 20 U,"0,14 € / 1 U","2,79 €",HORNIMANS
Despensa,"Desayuno, dulces y café","M&M's bolitas de Cacahuetes y Chocolate con Leche, 200g","17,95 € / 1 Kg","3,59 €",MARS
Despensa,"Desayuno, dulces y café",Snack Chocolate 3 x 45 Gr,"20,67 € / 1 Kg","2,79 €",MARS
Despensa,"Desayuno, dulces y café",Snack Chocolate 3 x 50 Gr,"18,60 € / 1 Kg","2,79 €",SNICKERS
Despensa,"Desayuno, dulces y café",Chocolatina 3 x 50 Gr,"18,60 € / 1 Kg","2,79 €",TWIX
Despensa,"Desayuno, dulces y café",Cacao Soluble 383 Gr,"9,90 € / 1 Kg","3,79 €",COLA CAO
Despensa,"Desayuno, dulces y café",Galletitas Animales Solo Cereales 100% Eco-Bío 100 Gr,"34,90 € / 1 Kg","3,49 €",HERO
Despensa,"Desayuno, dulces y café",Mantecadas Luna 370 Gr,"5,38 € / 1 Kg","1,99 €",LUNA
Despensa,"Desayuno, dulces y café",Café Ristretto 20 Cápsulas 20 U,"0,30 € / 1 U","5,99 €",MARCILLA
Despensa,"Desayuno, dulces y café",Café Intenso 20 Cápsulas 20 U,"0,30 € / 1 U","5,99 €",MARCILLA
Despensa,"Desayuno, dulces y café",Café Descafeinado 20 Cápsulas 20 U,"0,30 € / 1 U","5,99 €",MARCILLA
Despensa,"Desayuno, dulces y café",Bombones Surtidos sin Gluten 150 Gr,"13,27 € / 1 Kg","1,99 €",CONSUM
Despensa,"Desayuno, dulces y café",Café Grano Colombia 500 Gr,"23,98 € / 1 Kg","11,99 €",L'OR
Despensa,"Desayuno, dulces y café",Café Espresso Colombia Cápsulas 20 U,"0,43 € / 1 U","8,65 €",L'OR
Despensa,"Desayuno, dulces y café",Infusión Ultralax 20 Bolsitas 20 U,"0,14 € / 1 U","2,75 €",POMPADOUR
Despensa,"Desayuno, dulces y café",Te Verde 20 Bolsitas 20 U,"0,04 € / 1 U","0,75 €",CONSUM
Despensa,"Desayuno, dulces y café",Kit Kat Mini 200 Gr,"13,45 € / 1 Kg","2,69 €",NESTLE
Despensa,"Desayuno, dulces y café",Te Rojo 20 Bolsitas 20 U,"0,06 € / 1 U","1,15 €",CONSUM
Despensa,"Desayuno, dulces y café",Manzanilla con Anís 20 bolsitas 20 U,"0,04 € / 1 U","0,85 €",CONSUM
Despensa,"Desayuno, dulces y café",Té Negro 20 Bolsitas 20 U,"0,04 € / 1 U","0,75 €",CONSUM
Despensa,"Desayuno, dulces y café",Tila 20 Bolsitas 20 U,"0,04 € / 1 U","0,85 €",CONSUM
Despensa,"Desayuno, dulces y café",Bombones Surtidos sin Gluten 470 Gr,"9,15 € / 1 Kg","4,30 €",CONSUM
Despensa,"Desayuno, dulces y café",Chocolate Negro Dark 270 Gr,"11,67 € / 1 Kg","3,15 €",NESTLE
Despensa,"Desayuno, dulces y café",Pancakes 160 Gr,"12,44 € / 1 Kg","1,99 €",CREAPAN
Despensa,"Desayuno, dulces y café",Chicle Fresa sin Azúcar Bote 100 Gr,"19,50 € / 1 Kg","1,95 €",CONSUM
Despensa,"Desayuno, dulces y café",Chicle Menta sin Azúcar Bote 100 Gr,"19,50 € / 1 Kg","1,95 €",CONSUM
Despensa,"Desayuno, dulces y café",Chicle Hierbabuena sin Azúcar Bote 100 Gr,"19,50 € / 1 Kg","1,95 €",CONSUM
Despensa,"Desayuno, dulces y café",Chicle Menta Regaliz sin Azúcar Bote 100 Gr,"19,50 € / 1 Kg","1,95 €",CONSUM
Despensa,"Desayuno, dulces y café",Chocolate Negro 70% Dark 120 Gr,"16,58 € / 1 Kg","1,99 €",NESTLE
Despensa,"Desayuno, dulces y café",Menta Poleo 20 Bolsitas 20 U,"0,03 € / 1 U","0,65 €",CONSUM
Despensa,"Desayuno, dulces y café",Barritas de Almendras Chocolate Negro 70% 4 x 25 Gr,"26,90 € / 1 Kg","2,69 €",EL ALMENDRO
Despensa,"Desayuno, dulces y café",Bizcocho Mix Milk 10 U,"0,30 € / 1 U","2,99 €",BALCONI
Despensa,"Desayuno, dulces y café",Infusión Sueño 20 Bolsitas 20 U,"0,05 € / 1 U","1,05 €",CONSUM
Despensa,"Desayuno, dulces y café",Infusión Figura 20 Bolsitas 20 U,"0,06 € / 1 U","1,10 €",CONSUM
Despensa,"Desayuno, dulces y café",Pause Ciok sin Gluten Bizcochito con Chocolate 350 Gr,"12,54 € / 1 Kg","4,39 €",SCHÄR
Despensa,"Desayuno, dulces y café",Chocolate a la Taza 5 x 50 Gr,"11,96 € / 1 Kg","2,99 €",ANDREU
Despensa,"Desayuno, dulces y café",Cookies Mini Nocilla Original 160 Gr,"17,44 € / 1 Kg","2,79 €",NOCILLA
Despensa,"Desayuno, dulces y café",Copos Trigo Espelta Ecológicos integrales 350 Gr,"9,69 € / 1 Kg","3,39 €",CONSUM ECO
Despensa,"Desayuno, dulces y café",Bollisol Relleno Cacao 4 Unidades 240 Gr,"7,88 € / 1 Kg","1,89 €",DULCESOL
Despensa,"Desayuno, dulces y café",Chocolate Negro 85% Dark 120 Gr,"16,58 € / 1 Kg","1,99 €",NESTLE
Despensa,"Desayuno, dulces y café",Chocolate Leche y Galleta Jungly 125 Gr,"13,52 € / 1 Kg","1,69 €",JUNGLY
Despensa,"Desayuno, dulces y café",Cereales Oreo O's 350 Gr,"12,83 € / 1 Kg","4,49 €",OREO
Despensa,"Desayuno, dulces y café",Cereales Choco Zero sin Gluten y sin Azúcares 300 Gr,"8,17 € / 1 Kg","2,45 €",ESGIR
Despensa,"Desayuno, dulces y café",Café Espresso India 10 Cápsulas 10 U,"0,37 € / 1 U","3,69 €",NESCAFE
Despensa,"Desayuno, dulces y café",Kinder Maxi Barrita Chocolate T-6 126 Gr,"19,76 € / 1 Kg","2,49 €",FERRERO
Despensa,"Desayuno, dulces y café",Café Descafeinado Colombia 10 Cápsulas 10 U,"0,37 € / 1 U","3,69 €",NESCAFE
Despensa,"Desayuno, dulces y café",Café Lungo Brazil 10 Cápsulas 10 U,"0,37 € / 1 U","3,69 €",NESCAFE
Despensa,"Desayuno, dulces y café",Pepitas Chocolate Negro Intenso 70% 100 Gr,"33,50 € / 1 Kg","3,35 €",VAHINÉ
Despensa,"Desayuno, dulces y café",Bizcocho Limón sin Azúcar Añadidos 500 Gr,"6,64 € / 1 Kg","2,99 €",LALY
Despensa,"Desayuno, dulces y café",Barritas Cereales con Choco-Leche 0% Pack 6 120 Gr,"20,75 € / 1 Kg","2,49 €",CORNY
Despensa,"Desayuno, dulces y café",Barritas Cereales con Chocolate Negro Pack 6 138 Gr,"18,04 € / 1 Kg","2,49 €",CORNY
Despensa,"Desayuno, dulces y café",Barritas Cereales con Chocolate Leche Pack 6 150 Gr,"16,60 € / 1 Kg","2,49 €",CORNY
Despensa,"Desayuno, dulces y café",Mix Cereales 0% Azúcares Añadidos 300 Gr,"7,30 € / 1 Kg","2,19 €",ESGIR
Despensa,"Desayuno, dulces y café",Kinder Schokobons White Bolsa 200 Gr,"19,95 € / 1 Kg","3,99 €",KINDER
Despensa,"Desayuno, dulces y café",Galleta Mini Rellena de Crema Golden 160 Gr,"12,44 € / 1 Kg","1,99 €",OREO
Despensa,"Desayuno, dulces y café",Donettes Rayados 8 Unidades 176 Gr,"15,63 € / 1 Kg","2,75 €",DONUTS
Despensa,"Desayuno, dulces y café",Galleta Rellena de Crema 304 Gr,"13,13 € / 1 Kg","3,99 €",NUTELLA
Despensa,"Desayuno, dulces y café",Lacasitos con Licencia Tubo 20 Gr,"12,75 € / 100 Gr","2,55 €",LACASA
Despensa,"Desayuno, dulces y café",Café Grano Natural 500 Gr,"15,98 € / 1 Kg","7,99 €",MARCILLA
Despensa,"Desayuno, dulces y café",Infusión Cúrcuma y Té Matcha 20 Bolsitas 20 U,"0,14 € / 1 U","2,79 €",HORNIMANS
Despensa,"Desayuno, dulces y café","Bote Chicles Sin Azúcar de Eucalipto en grageas, 60uds","47,50 € / 1 Kg","3,99 €",ORBIT
Despensa,"Desayuno, dulces y café",Caramelo Eucalipto Mentol sin Azúcar 2 x 32 Gr,"29,53 € / 1 Kg","1,89 €",HALLS
Despensa,"Desayuno, dulces y café",Miel de Flores Ecológica Tarro 500 Gr,"10,78 € / 1 Kg","5,39 €",R.APICOLA
Despensa,"Desayuno, dulces y café",Cereales Cheerios Avena 300 Gr,"11,63 € / 1 Kg","3,49 €",NESTLE
Despensa,"Desayuno, dulces y café",Weikis con Pepitas Choco Leche 240 Gr,"11,21 € / 1 Kg","2,69 €",BELLA EASO
Despensa,"Desayuno, dulces y café",Azúcar Moreno Paquete 1 Kg,"1,95 € / 1 Kg","1,95 €",AZUCARERA
Despensa,"Desayuno, dulces y café",Panela 450 Gr,"4,00 € / 1 Kg","1,80 €",NATURWASSY
Despensa,"Desayuno, dulces y café",Té Negro con Canela 20 Bolsitas 20 U,"0,13 € / 1 U","2,50 €",POMPADOUR
Despensa,"Desayuno, dulces y café",Cacao Soluble 0% Azúcares Añadidos 345 Gr,"13,41 € / 1 Kg","4,29 €",NESQUIK
Despensa,"Desayuno, dulces y café",Té Verde Moruno 20 Bolsitas 20 U,"0,14 € / 1 U","2,75 €",POMPADOUR
Despensa,"Desayuno, dulces y café",Canela Molida 43 Gr,"7,65 € / 100 Gr","3,29 €",VAHINÉ
Despensa,"Desayuno, dulces y café",Obleas Estuche 240 Gr,"10,21 € / 1 Kg","2,45 €",FABIAN MARTI
Despensa,"Desayuno, dulces y café",Café Ristretto África 18 Cápsulas 18 U,"0,35 € / 1 U","6,29 €",NESCAFE
Despensa,"Desayuno, dulces y café",Pastas de Té Bandeja 350 Gr,"5,40 € / 1 Kg","1,89 €",GARCINUEZ
Despensa,"Desayuno, dulces y café",Infusión Probióticos y Manzanilla 15 U,"0,20 € / 1 U","2,99 €",POMPADOUR
Despensa,"Desayuno, dulces y café",Infusión Probióticos y Jengibre 15 U,"0,20 € / 1 U","2,99 €",POMPADOUR
Despensa,"Desayuno, dulces y café",Bombón Zebra Largo 3 Unidades 120 Gr,"8,33 € / 1 Kg","1,00 €",DULCESOL
Despensa,"Desayuno, dulces y café",Muesli Frutos Secos Crujiente 500 Gr,"4,58 € / 1 Kg","2,29 €",CERIDÉS
Despensa,"Desayuno, dulces y café",Galleta con Tableta de Chocolate con Leche 150 Gr,"8,33 € / 1 Kg","1,25 €",CONSUM
Despensa,"Desayuno, dulces y café",Hojaldres de Astorga Bandeja 8 Unidades 240 Gr,"7,29 € / 1 Kg","1,75 €",DULMA
Despensa,"Desayuno, dulces y café",Gomas Surtidas Brillo Veganas 110 Gr,"8,64 € / 1 Kg","0,95 €",DAMEL
Despensa,"Desayuno, dulces y café",Jarabe de Arce 150 Gr,"28,33 € / 1 Kg","4,25 €",MAPLE JOE
Despensa,"Desayuno, dulces y café",Copos Avena Integral sin Gluten 450 Gr,"5,56 € / 1 Kg","2,50 €",ESGIR
Despensa,"Desayuno, dulces y café",Chocolate Blanco con Galleta 125 Gr,"13,52 € / 1 Kg","1,69 €",JUNGLY
Despensa,"Desayuno, dulces y café",Galleta con Tableta Chocolate Negro 150 Gr,"8,33 € / 1 Kg","1,25 €",CONSUM
Despensa,"Desayuno, dulces y café",Barrita Choco Krispies Caja 6 Unidades 6 x 20 Gr,"27,92 € / 1 Kg","3,35 €",KELLOGG'S
Despensa,"Desayuno, dulces y café",Cereales Rice Krispies 340 Gr,"12,91 € / 1 Kg","4,39 €",KELLOGG'S
Despensa,"Desayuno, dulces y café",Cacao Soluble 100% Natural 250 Gr,"17,16 € / 1 Kg","4,29 €",VALOR
Despensa,"Desayuno, dulces y café",Café Doppio Espresso Cápsulas 16 U,"0,31 € / 1 U","4,89 €",DOLCE GUSTO
Despensa,"Desayuno, dulces y café",Cafe Colombia Cápsulas 20 U,"0,30 € / 1 U","5,99 €",MARCILLA
Despensa,"Desayuno, dulces y café",Café con Leche 30 Cápsulas 30 U,"0,26 € / 1 U","7,75 €",DOLCE GUSTO
Despensa,"Desayuno, dulces y café",Café Espresso Intenso 30 Cápsulas 30 U,"0,26 € / 1 U","7,75 €",DOLCE GUSTO
Despensa,"Desayuno, dulces y café",Crema para Untar de Galleta 400 Gr,"8,73 € / 1 Kg","3,49 €",LOTUS
Despensa,"Desayuno, dulces y café",Cereales Choco Protein Sin Azúcar 250 Gr,"11,96 € / 1 Kg","2,99 €",ESGIR
Despensa,"Desayuno, dulces y café",Harina Trigo Sarraceno Alforfón 500 Gr,"6,70 € / 1 Kg","3,35 €",NATUR DACSA
Despensa,"Desayuno, dulces y café",Salvado Avena Crujiente Sin Azucares Añadidos 300 Gr,"8,83 € / 1 Kg","2,65 €",ESGIR
Despensa,"Desayuno, dulces y café",Peque Galletas Bolsa 180 Gr,"19,44 € / 1 Kg","3,50 €",NESTLE
Despensa,"Desayuno, dulces y café",Cereales Solubles con Magnesio 150 Gr,"25,27 € / 1 Kg","3,79 €",EKO
Despensa,"Desayuno, dulces y café",Galletas Finas Avena Chocoleche 150 Gr,"15,00 € / 1 Kg","2,25 €",GULLON ZERO
Despensa,"Desayuno, dulces y café",Galleta Fina Chocoleche 150 Gr,"15,00 € / 1 Kg","2,25 €",GULLON ZERO
Despensa,"Desayuno, dulces y café",Galleta Choco Finas 126 Gr,"14,68 € / 1 Kg","1,85 €",MILKA
Despensa,"Desayuno, dulces y café",Obleas Artesanas 20 unidades 35 Gr,"1,29 € / 100 Gr","0,45 €",DICAR
Despensa,"Desayuno, dulces y café",Chocolate con Oreo 300 Gr,"12,50 € / 1 Kg","3,75 €",MILKA
Despensa,"Desayuno, dulces y café",Galleta Flakes Nocilla Caja 3 Bolsitas 105 Gr,"11,43 € / 1 Kg","1,20 €",CUETARA
Despensa,"Desayuno, dulces y café",Chocolate Negro para Postres 200 Gr,"12,75 € / 1 Kg","2,55 €",NESTLE
Despensa,"Desayuno, dulces y café",Caja Cumpleaños Fun Box 70 Gr,"16,43 € / 1 Kg","1,15 €",FINI
Despensa,"Desayuno, dulces y café",Granola Avena Chocolate Special K 320 Gr,"9,69 € / 1 Kg","3,10 €",KELLOGG'S
Despensa,"Desayuno, dulces y café",Edulcorante Eritritol 200 Gr,"16,00 € / 1 Kg","3,20 €",NATURWASSY
Despensa,"Desayuno, dulces y café",Tajada Sandia 150 Gr,"5,93 € / 1 Kg","0,89 €",CONSUM
Despensa,"Desayuno, dulces y café",Mix Regaliz 150 Gr,"6,33 € / 1 Kg","0,95 €",CONSUM
Despensa,"Desayuno, dulces y café",Galleta Mini Cookies Licencia 250 Gr,"8,76 € / 1 Kg","2,19 €",MAXIES
Despensa,"Desayuno, dulces y café",Barrita de Galleta Chocolate con Leche 6 x 18 Gr,"12,87 € / 1 Kg","1,39 €",NESTLE
Despensa,"Desayuno, dulces y café",Fresón Relleno 150 Gr,"5,93 € / 1 Kg","0,89 €",CONSUM
Despensa,"Desayuno, dulces y café",Café Grano Descafeinado 500 Gr,"8,40 € / 1 Kg","4,20 €",CONSUM
Despensa,"Desayuno, dulces y café",Chocolate 99% Cacao 100 Gr,"15,90 € / 1 Kg","1,59 €",CONSUM
Despensa,"Desayuno, dulces y café",Café Descafeinado 16 Cápsulas 16 U,"0,20 € / 1 U","3,20 €",CONSUM
Despensa,"Desayuno, dulces y café",Café Intenso 16 Cápsulas 16 U,"0,20 € / 1 U","3,20 €",CONSUM
Despensa,"Desayuno, dulces y café",Café con Leche 16 Cápsulas 16 U,"0,20 € / 1 U","3,20 €",CONSUM
Despensa,"Desayuno, dulces y café",Cortado 16 Cápsulas 16 U,"0,20 € / 1 U","3,20 €",CONSUM
Despensa,"Desayuno, dulces y café",Café Extra Intenso 16 Cápsulas 16 U,"0,20 € / 1 U","3,20 €",CONSUM
Despensa,"Desayuno, dulces y café",Mini Bollisol 3 Unidades 150 Gr,"6,67 € / 1 Kg","1,00 €",DULCESOL
Despensa,"Desayuno, dulces y café",Mini Magdalenas con Chips Chocolate 133 Gr,"7,52 € / 1 Kg","1,00 €",DULCESOL
Despensa,"Desayuno, dulces y café",Trigo Inflado Miel 500 Gr,"3,98 € / 1 Kg","1,99 €",CERIDÉS
Despensa,"Desayuno, dulces y café",Te Verde con Matcha 20 Bolsitas 20 U,"0,14 € / 1 U","2,75 €",POMPADOUR
Despensa,"Desayuno, dulces y café",Edulcorante Stevia Comprimidos 200 Do,"0,01 € / 1 Do","1,85 €",RIO
Despensa,"Desayuno, dulces y café",Nocistick Original 2 x 30 Gr,"20,00 € / 1 Kg","1,20 €",NOCILLA
Despensa,"Desayuno, dulces y café",Edulcorante Stevia Liquido 125 ml,"14,80 € / 1 L","1,85 €",RIO
Despensa,"Desayuno, dulces y café",Edulcorante Stevia Granulado 200 Gr,"15,50 € / 1 Kg","3,10 €",RIO
Despensa,"Desayuno, dulces y café",Huevo con Sorpresa 3 x 20 Gr,"27,50 € / 1 Kg","1,65 €",ZAINI
Despensa,"Desayuno, dulces y café",Sirope de Agave Bio 350 Gr,"7,71 € / 1 Kg","2,70 €",ECOWASSY
Despensa,"Desayuno, dulces y café",Galleta de Cacao Rellena Caramelo y Vainilla 157 Gr,"9,49 € / 1 Kg","1,49 €",OREO REMIX
Despensa,"Desayuno, dulces y café",Galleta Rellena de Crema 3 x 28 Gr,"11,90 € / 1 Kg","1,00 €",NUTELLA
Despensa,"Desayuno, dulces y café",Schokobons Bolsa 46 Gr,"3,02 € / 100 Gr","1,39 €",KINDER
Despensa,"Desayuno, dulces y café",Galactic Brownies 8 Unidades 200 Gr,"11,25 € / 1 Kg","2,25 €",MR.BROWNIE
Despensa,"Desayuno, dulces y café",Galleta Tosta Rica Oceanix para Llevar 235 Gr,"12,72 € / 1 Kg","2,99 €",CUETARA
Despensa,"Desayuno, dulces y café",Galleta Avena 3 Chocolates 425 Gr,"3,88 € / 1 Kg","1,65 €",NATUR FUN
Despensa,"Desayuno, dulces y café",Galleta Maria del Sur Integral con Espelta 380 Gr,"4,97 € / 1 Kg","1,89 €",FAM.BISCUITS
Despensa,"Desayuno, dulces y café",Galleta María del Sur con Canela 380 Gr,"4,97 € / 1 Kg","1,89 €",FAM.BISCUITS
Despensa,"Desayuno, dulces y café",Galleta Tostada Petit Choco 420 Gr,"2,98 € / 1 Kg","1,25 €",FAM.BISCUITS
Despensa,"Desayuno, dulces y café",Galleta Tosta Rica Cubierta de Chocolate 210 Gr,"12,86 € / 1 Kg","2,70 €",CUETARA
Despensa,"Desayuno, dulces y café",Queso Rulo de Cabra 100% 180 Gr,"11,78 € / 1 Kg","2,12 €",CONSUM
Despensa,"Desayuno, dulces y café",Chocolate Xtreme Galleta y Caramelo 87 Gr,"13,68 € / 1 Kg","1,19 €",NESTLE
Despensa,"Desayuno, dulces y café",Galleta Rellena de Crema 133 Gr,"14,96 € / 1 Kg","1,99 €",DONUTS
Despensa,"Desayuno, dulces y café",Velitas Diseño 10 U,"0,19 € / 1 U","1,89 €",VAHINÉ
Despensa,"Desayuno, dulces y café",Maxi Pepitas XXL Chocolate negro 100 Gr,"26,90 € / 1 Kg","2,69 €",VAHINÉ
Despensa,"Desayuno, dulces y café",Barrita Frutas y Cacahuete 140 Gr,"22,07 € / 1 Kg","3,09 €",NAKD
Despensa,"Desayuno, dulces y café",Chocolate Xtreme Caramelo y Avellana 87 Gr,"13,68 € / 1 Kg","1,19 €",NESTLE
Despensa,"Desayuno, dulces y café",Barrita Frutas y Arándanos 140 Gr,"22,07 € / 1 Kg","3,09 €",NAKD
Despensa,"Desayuno, dulces y café",Chocolate Negro 72% Cacao con Arandanos 100 Gr,"14,00 € / 1 Kg","1,40 €",CONSUM
Despensa,"Desayuno, dulces y café",Chocolate Negro 72% Cacao con Naranja 100 Gr,"14,00 € / 1 Kg","1,40 €",CONSUM
Despensa,"Desayuno, dulces y café",Pack Velas Aniversario Colores Surtidos 24 U,"0,04 € / 1 U","0,99 €",LUMAR
Despensa,"Desayuno, dulces y café",Barrita Cereales Fitness Chocolate con Leche 135 Gr,"22,15 € / 1 Kg","2,99 €",NESTLE
Despensa,"Desayuno, dulces y café",Galleta Chiquilin 525 Gr,"6,95 € / 1 Kg","3,65 €",ARTIACH
Despensa,"Desayuno, dulces y café",Galletas Pick Up! Rellenas de Chocolate 4 x 28 Gr,"17,77 € / 1 Kg","1,99 €",BAHLSEN
Despensa,"Desayuno, dulces y café",Magdalenas Redondas Bolsa 9 Unidades 261 Gr,"9,00 € / 1 Kg","2,35 €",BELLA EASO
Despensa,"Desayuno, dulces y café",Caramelo Masticables Air Fruits 125 Gr,"15,92 € / 1 Kg","1,99 €",VERQUIN
Despensa,"Desayuno, dulces y café",Chocolate con Leche sin Lactosa 100 Gr,"15,90 € / 1 Kg","1,59 €",CONSUM
Despensa,"Desayuno, dulces y café",Barritas Cereales con Choco Blanco 0% Pack 6 120 Gr,"20,75 € / 1 Kg","2,49 €",CORNY
Despensa,"Desayuno, dulces y café",Caña Zebra 3 Unidades 150 Gr,"6,67 € / 1 Kg","1,00 €",DULCESOL
Despensa,"Desayuno, dulces y café",Choco Brownies 5 Unidades 125 Gr,"8,00 € / 1 Kg","1,00 €",DULCESOL
Despensa,"Desayuno, dulces y café",Galleta de Jengibre 320 Gr,"7,16 € / 1 Kg","2,29 €",MELS
Despensa,"Desayuno, dulces y café",Crema de Cacao Chocoleche 620 Gr,"8,79 € / 1 Kg","5,45 €",NOCILLA
Despensa,"Desayuno, dulces y café",Café Colombia 18 Cápsulas 18 U,"0,35 € / 1 U","6,29 €",NESCAFE
Despensa,"Desayuno, dulces y café",Barritas Special K Chocolate Negro 6U 129 Gr,"27,52 € / 1 Kg","3,55 €",KELLOGG'S
Despensa,"Desayuno, dulces y café",Cereales Special K Classic 335 Gr,"7,31 € / 1 Kg","2,45 €",KELLOGG'S
Despensa,"Desayuno, dulces y café",Chocolate con Leche Relleno Sabor Fresa 100 Gr,"9,90 € / 1 Kg","0,99 €",CONSUM
Despensa,"Desayuno, dulces y café",Chocolata Leche Postres 200 Gr,"8,00 € / 1 Kg","1,60 €",CONSUM
Despensa,"Desayuno, dulces y café",Cereales Special K Chocolate Negro 325 Gr,"10,31 € / 1 Kg","3,35 €",KELLOGG'S
Despensa,"Desayuno, dulces y café",Galleta Tosta Rica 760 Gr,"5,25 € / 1 Kg","3,99 €",CUETARA
Despensa,"Desayuno, dulces y café","Kit Kat Dark 3 x 41,5 Gr","17,27 € / 1 Kg","2,15 €",NESTLE
Despensa,"Desayuno, dulces y café",Caramelo sin Azúcar Sabor Extra Fuerte 31 Gr,"2,42 € / 100 Gr","0,75 €",PECTOL
Despensa,"Desayuno, dulces y café",Taco Barra Fresa 135 Gr,"5,56 € / 1 Kg","0,75 €",DAMEL
Despensa,"Desayuno, dulces y café",Spaguetti Pika 200 Gr,"4,95 € / 1 Kg","0,99 €",DAMEL
Despensa,"Desayuno, dulces y café",Cereales Kit Kat 330 Gr,"12,09 € / 1 Kg","3,99 €",NESTLE
Despensa,"Desayuno, dulces y café",Café Espresso Chocolat Cápsulas 10 U,"0,44 € / 1 U","4,39 €",L'OR
Despensa,"Desayuno, dulces y café",Café Espresso Caramel Cápsulas 10 U,"0,44 € / 1 U","4,39 €",L'OR
Despensa,"Desayuno, dulces y café",Cereales Integrales Golden Grahams 375 Gr,"10,64 € / 1 Kg","3,99 €",NESTLE
Despensa,"Desayuno, dulces y café",Taco Barra Regaliz 135 Gr,"5,56 € / 1 Kg","0,75 €",DAMEL
Despensa,"Desayuno, dulces y café",Colorinas Regaliz 90 Gr,"9,89 € / 1 Kg","0,89 €",DAMEL
Despensa,"Desayuno, dulces y café",Chocolatina Licencia 4 x 20 Gr,"24,88 € / 1 Kg","1,99 €",DEKORA
Despensa,"Desayuno, dulces y café",Galleta Petit Doré 420 Gr,"2,98 € / 1 Kg","1,25 €",FAM.BISCUITS
Despensa,"Desayuno, dulces y café",Chocolate Blanco Postres 200 Gr,"8,00 € / 1 Kg","1,60 €",CONSUM
Despensa,"Desayuno, dulces y café","Caramelo Limón Melisa 31,5 Gr","3,14 € / 100 Gr","0,99 €",RICOLA
Despensa,"Desayuno, dulces y café","Caramelo Hierbas Suizas 31,5 Gr","3,14 € / 100 Gr","0,99 €",RICOLA
Despensa,"Desayuno, dulces y café",Chocolate con Leche 125 Gr,"19,92 € / 1 Kg","2,49 €",LINDT
Despensa,"Desayuno, dulces y café",Caramelo sin Azúcar Sabor Cappuccino 90 Gr,"25,44 € / 1 Kg","2,29 €",WERTHERS
Despensa,"Desayuno, dulces y café",Arroz Inflado Choco Sin Gluten 500 Gr,"4,30 € / 1 Kg","2,15 €",CERIDÉS
Despensa,"Desayuno, dulces y café",Cereales Crispy Minis Chocolate 500 Gr,"7,58 € / 1 Kg","3,79 €",WEETABIX
Despensa,"Desayuno, dulces y café",Conos de Galleta 90 Gr,"18,33 € / 1 Kg","1,65 €",DICAR
Despensa,"Desayuno, dulces y café",Miel Naranjo Dosificador 500 Gr,"7,70 € / 1 Kg","3,85 €",CONSUM
Despensa,"Desayuno, dulces y café",Sticks de Galleta Cubiertas de Chocolate 112 Gr,"15,63 € / 1 Kg","1,75 €",MILKA
Despensa,"Desayuno, dulces y café",Galleta Napolitana 426 Gr,"6,55 € / 1 Kg","2,79 €",CUETARA
Despensa,"Desayuno, dulces y café",Café Descafeinado Doypack 75 Gr,"36,67 € / 1 Kg","2,75 €",NESCAFE
Despensa,"Desayuno, dulces y café",Café Natural Doypack 75 Gr,"36,67 € / 1 Kg","2,75 €",NESCAFE
Despensa,"Desayuno, dulces y café",Mini Galleta Dorada Marbu 230 Gr,"6,09 € / 1 Kg","1,40 €",ARTIACH
Despensa,"Desayuno, dulces y café",Miel Romero Dosificador 500 Gr,"9,50 € / 1 Kg","4,75 €",CONSUM
Despensa,"Desayuno, dulces y café",Pastelito Choc & Choc 175 Gr,"16,29 € / 1 Kg","2,85 €",MILKA
Despensa,"Desayuno, dulces y café",Base de Tarta 3 Capas 350 Gr,"8,14 € / 1 Kg","2,85 €",GENOISE
Despensa,"Desayuno, dulces y café",Chocolate con Galleta Dinosaurus 84 Gr,"14,17 € / 1 Kg","1,19 €",NESTLE
Despensa,"Desayuno, dulces y café",Choco Aritos Bañados de Chocolate Negro 128 Gr,"5,63 € / 1 Kg","0,72 €",CONSUM
Despensa,"Desayuno, dulces y café",Pastelito Tender Milk 5 x 37 Gr,"15,08 € / 1 Kg","2,79 €",MILKA
Despensa,"Desayuno, dulces y café",Chicles 60 Minutos Liquid Hierbabuena 22 Gr,"5,23 € / 100 Gr","1,15 €",TRIDENT
Despensa,"Desayuno, dulces y café",Choco Aritos Bañados de Chocolate Blanco 128 Gr,"5,86 € / 1 Kg","0,75 €",CONSUM
Despensa,"Desayuno, dulces y café",Bizcochitos Fresa 150 Gr,"7,67 € / 1 Kg","1,15 €",MELS
Despensa,"Desayuno, dulces y café",Lanza Sabor Nata y Fresa 290 Gr,"5,48 € / 1 Kg","1,59 €",DAMEL
Despensa,"Desayuno, dulces y café",Bizcochitos Naranja 150 Gr,"7,67 € / 1 Kg","1,15 €",MELS
Despensa,"Desayuno, dulces y café",Galleta Dorada Marbú 600 Gr,"5,82 € / 1 Kg","3,49 €",ARTIACH
Despensa,"Desayuno, dulces y café",Café Espresso Barista 20 Cápsulas 20 U,"0,39 € / 1 U","7,89 €",L'OR
Despensa,"Desayuno, dulces y café",Café Espresso Sontuoso 20 Cápsulas 20 U,"0,39 € / 1 U","7,89 €",L'OR
Despensa,"Desayuno, dulces y café",Miel Eucalipto Dosificador 500 Gr,"8,40 € / 1 Kg","4,20 €",CONSUM
Despensa,"Desayuno, dulces y café",Edulcorante 60 sobres 60 U,"0,02 € / 1 U","1,15 €",CONSUM
Despensa,"Desayuno, dulces y café",Bizcochos Soletilla Bolsa 300 Gr,"6,00 € / 1 Kg","1,80 €",EL GRECO
Despensa,"Desayuno, dulces y café",Bolas de Cereal Cubiertas de Chocolate 175 Gr,"20,51 € / 1 Kg","3,59 €",MALTESERS
Despensa,"Desayuno, dulces y café",Barrita Chocolate con Leche 3 x 34 Gr,"16,57 € / 1 Kg","1,69 €",JUNGLY
Despensa,"Desayuno, dulces y café",Café South Asia Espresso 10 Cápsulas 10 U,"0,37 € / 1 U","3,69 €",NESCAFE
Despensa,"Desayuno, dulces y café",Chocolate Extrafino Dulce de Leche 83 Gr,"14,34 € / 1 Kg","1,19 €",NESTLE
Despensa,"Desayuno, dulces y café",Infusion Melatonina y Pasiflora 15 U,"0,20 € / 1 U","2,99 €",POMPADOUR
Despensa,"Desayuno, dulces y café",Infusión Propoleo y Equinácia 15 U,"0,20 € / 1 U","2,99 €",POMPADOUR
Despensa,"Desayuno, dulces y café",Infusión Magnesio y Vitamina C 15 U,"0,20 € / 1 U","2,99 €",POMPADOUR
Despensa,"Desayuno, dulces y café",Chocolate Negro con Proteina 3 x 27 Gr,"36,91 € / 1 Kg","2,99 €",VALOR
Despensa,"Desayuno, dulces y café",Chocolate Negro con Proteínas y Almendra 90 Gr,"27,67 € / 1 Kg","2,49 €",VALOR
Despensa,"Desayuno, dulces y café",M&M´S Cacahuete Bolsa 45 Gr,"3,09 € / 100 Gr","1,39 €",MARS
Despensa,"Desayuno, dulces y café",Chocolate con Galleta Filipinos Blanco 84 Gr,"14,17 € / 1 Kg","1,19 €",NESTLE
Despensa,"Desayuno, dulces y café",Croissants Integrales 0% Azúcares 240 Gr,"6,88 € / 1 Kg","1,65 €",DULCESOL
Despensa,"Desayuno, dulces y café",Magdalenas 0% Azúcares 240 Gr,"6,88 € / 1 Kg","1,65 €",DULCESOL
Despensa,"Desayuno, dulces y café",Galleta Tosta Rica Chocoguay más 17% 144 Gr,"17,01 € / 1 Kg","2,45 €",CUETARA
Despensa,"Desayuno, dulces y café",Lunas al Cacao Pack 6 Unidades 132 Gr,"7,58 € / 1 Kg","1,00 €",DULCESOL
Despensa,"Desayuno, dulces y café",Chapelas Extracao Pack 3 Unidades 135 Gr,"7,41 € / 1 Kg","1,00 €",DULCESOL
Despensa,"Desayuno, dulces y café",Barrita Fitness Protein Cacao 0% Azúcares 80 Gr,"27,38 € / 1 Kg","2,19 €",NESTLE
Despensa,"Desayuno, dulces y café",Cereales Fitness Proteina Cacao 0% Azúcares 310 Gr,"11,58 € / 1 Kg","3,59 €",NESTLE
Despensa,"Desayuno, dulces y café",Caramelo Mentol Eucalipto 2 x 25 Gr,"65,00 € / 1 Kg","3,25 €",FISHERMAN´S
Despensa,"Desayuno, dulces y café",Espresso Colombia Descafeinado Cápsulas 10 U,"0,44 € / 1 U","4,39 €",L'OR
Despensa,"Desayuno, dulces y café",Aros Avena Crujientes 85% Harina Integral 400 Gr,"6,73 € / 1 Kg","2,69 €",CERIDÉS
Despensa,"Desayuno, dulces y café",Panela Bio Tierra Madre Azúcar de Caña Integral 400 Gr,"4,88 € / 1 Kg","1,95 €",OXFAM
Despensa,"Desayuno, dulces y café",Café Soluble Natural 100 Gr,"20,50 € / 1 Kg","2,05 €",BOULLIET
Despensa,"Desayuno, dulces y café",Café Soluble Descafeinado 100 Gr,"21,00 € / 1 Kg","2,10 €",BOULLIET
Despensa,"Desayuno, dulces y café",Café Soluble Natural 200 Gr,"14,25 € / 1 Kg","2,85 €",BOULLIET
Despensa,"Desayuno, dulces y café",Café Soluble Descafeinado 200 Gr,"16,75 € / 1 Kg","3,35 €",BOULLIET
Despensa,"Desayuno, dulces y café",Miel Mil Flores Cruda Tarro 500 Gr,"9,40 € / 1 Kg","4,70 €",R.APICOLA
Despensa,"Desayuno, dulces y café",Cacao Soluble 0% Azúcares Añadidos 450 Gr,"7,44 € / 1 Kg","3,35 €",CONSUM
Despensa,"Desayuno, dulces y café",Copos Integrales con Fruta 450 Gr,"5,31 € / 1 Kg","2,39 €",CERIDÉS
Despensa,"Desayuno, dulces y café",Galleta Dorada Marbu 0% Azúcar más 33% 400 Gr,"7,13 € / 1 Kg","2,85 €",ARTIACH
Despensa,"Desayuno, dulces y café",Crema Untar Avellana y Cacao Tarro 750 Gr,"8,39 € / 1 Kg","6,29 €",NUTELLA
Despensa,"Desayuno, dulces y café",Mega-Roulette Caramelo de Gominola 45 Gr,"1,76 € / 100 Gr","0,79 €",HARIBO
Despensa,"Desayuno, dulces y café",Galleta Choco Bom Bañada Chocolate Leche 100 Gr,"10,00 € / 1 Kg","1,00 €",GULLON
Despensa,"Desayuno, dulces y café",Galleta Choco Bom Bañada Choco Blanco 100 Gr,"10,00 € / 1 Kg","1,00 €",GULLON
Despensa,"Desayuno, dulces y café",Galletas con Chocolate Leche Funny Mushrooms 60 Gr,"19,17 € / 1 Kg","1,15 €",MILTONAS
Despensa,"Desayuno, dulces y café",Barrita de Chocolate con Leche 56 Gr,"23,04 € / 1 Kg","1,29 €",KINDER
Despensa,"Desayuno, dulces y café",Nutella&Go Crema Cacao y Palitos de Pan 80 Gr,"18,63 € / 1 Kg","1,49 €",NUTELLA
Despensa,"Desayuno, dulces y café",Galleta con Chocolate Cards 27 Gr,"2,19 € / 100 Gr","0,59 €",KINDER
Despensa,"Desayuno, dulces y café",Caramelo Crema sin Azúcar 32 Gr,"3,09 € / 100 Gr","0,99 €",ZERO
Despensa,"Desayuno, dulces y café",Caramelo Eucalipto sin Azúcar 32 Gr,"3,09 € / 100 Gr","0,99 €",ZERO
Despensa,"Desayuno, dulces y café",Caramelo Fresa con Nata Yogur Griego sin Azúcar 32 Gr,"3,09 € / 100 Gr","0,99 €",ZERO
Despensa,"Desayuno, dulces y café",Caramelo Miel Limón sin Azúcar 31 Gr,"2,42 € / 100 Gr","0,75 €",PECTOL
Despensa,"Desayuno, dulces y café",Caramelo Eucalipto sin Azúcar 31 Gr,"2,42 € / 100 Gr","0,75 €",PECTOL
Despensa,"Desayuno, dulces y café",Cappuccino Soluble 250 Gr,"11,16 € / 1 Kg","2,79 €",SHIP
Despensa,"Desayuno, dulces y café",Compota De Manzana Frasco 700 Gr,"2,79 € / 1 Kg","1,95 €",MOCITOS
Despensa,"Desayuno, dulces y café",Galletas Cola Cao Bañadas con Chocoolate 157 Gr,"19,04 € / 1 Kg","2,99 €",COLA CAO
Despensa,"Desayuno, dulces y café",Galletas Mini Cola Cao Bañadas con Chocolate 100 Gr,"19,90 € / 1 Kg","1,99 €",COLA CAO
Despensa,"Desayuno, dulces y café",Cereales Fitness Original 300 Gr,"8,97 € / 1 Kg","2,69 €",NESTLE
Despensa,Panes y tostadas,Tortillas de Trigo Paquete 8 Unidades 326 Gr,"6,42 € / 1 Kg","2,45 €
2,09 €",OLD EL PASO
Despensa,Panes y tostadas,Rosquilletas 90 Gr,"9,89 € / 1 Kg","1,09 €
0,89 €",VELARTE
Despensa,Panes y tostadas,Pan Maxi Burger 4 Unidades 300 Gr,"7,63 € / 1 Kg","2,29 €",BIMBO
Despensa,Panes y tostadas,Pan Molde Sin Corteza 450 Gr,"5,53 € / 1 Kg","2,49 €",BIMBO
Despensa,Panes y tostadas,Rosquilletas con Pipas Artesanas 80 Gr,"11,13 € / 1 Kg","1,09 €
0,89 €",VELARTE
Despensa,Panes y tostadas,Pan Hogaza Masa Madre 400 Gr,"5,88 € / 1 Kg","2,69 €
2,35 €",RUSTIK BAKER
Despensa,Panes y tostadas,Rosquilletas Artesanas con Queso 80 Gr,"11,13 € / 1 Kg","1,09 €
0,89 €",VELARTE
Despensa,Panes y tostadas,Saladitos Bolsa 4 Paquetes 4 x 30 Gr,"10,75 € / 1 Kg","1,59 €
1,29 €",VELARTE
Despensa,Panes y tostadas,Rosquilletas Cereales Plus 80 Gr,"11,13 € / 1 Kg","1,09 €
0,89 €",VELARTE
Despensa,Panes y tostadas,Pan de Molde Centeno 800 Gr,"2,99 € / 1 Kg","2,79 €
2,39 €",DULCESOL
Despensa,Panes y tostadas,Tortillas Wraps de Trigo Paquete 6 Unidades 350 Gr,"8,26 € / 1 Kg","3,39 €
2,89 €",OLD EL PASO
Despensa,Panes y tostadas,Hogaza de Pan Tostado 9 Cereales 240 Gr,"8,29 € / 1 Kg","2,45 €
1,99 €",RECONDO
Despensa,Panes y tostadas,Hogaza de Pan Rústico 240 Gr,"8,29 € / 1 Kg","2,45 €
1,99 €",RECONDO
Despensa,Panes y tostadas,Pan Payés Sin Gluten 240 Gr,"13,54 € / 1 Kg","3,79 €
3,25 €",SCHÄR
Despensa,Panes y tostadas,Rosquilletas con Chocolate 70 Gr,"15,57 € / 1 Kg","1,09 €",VELARTE
Despensa,Panes y tostadas,Hogaza Integral 240 Gr,"8,29 € / 1 Kg","2,45 €
1,99 €",RECONDO
Despensa,Panes y tostadas,Palitos de Cereales Con Olivas y Sésamo 60 Gr,"16,66 € / 1 Kg","1,19 €
1,00 €",SNATT'S
Despensa,Panes y tostadas,Palitos de Cereales Con Pipas 62 Gr,"16,13 € / 1 Kg","1,19 €
1,00 €",SNATT'S
Despensa,Panes y tostadas,Crackers Sin Gluten 210 Gr,"13,29 € / 1 Kg","3,25 €
2,79 €",SCHÄR
Despensa,Panes y tostadas,Pan Molde Natural sin Corteza 450 Gr,"6,64 € / 1 Kg","2,99 €",BIMBO
Despensa,Panes y tostadas,Tortilla Pocket Paquete 8 Unidades 223 Gr,"12,96 € / 1 Kg","3,39 €
2,89 €",OLD EL PASO
Despensa,Panes y tostadas,Bagels Clásico 4 Unidades 300 Gr,"8,30 € / 1 Kg","2,49 €",BIMBO
Despensa,Panes y tostadas,Bagels Semillas 4 Unidades 300 Gr,"8,97 € / 1 Kg","2,69 €",BIMBO
Despensa,Panes y tostadas,Chapata Rústica 180 Gr,"13,83 € / 1 Kg","2,49 €",RECONDO
Despensa,Panes y tostadas,Tortillas Integrales 8 Unidades 320 Gr,"4,53 € / 1 Kg","1,55 €
1,45 €",CONSUM
Despensa,Panes y tostadas,Pan Rustic Burger 4 Unidades 300 Gr,"3,34 € / 1 Kg","1,25 €
1,00 €",DULCESOL
Despensa,Panes y tostadas,Tacos de Maíz y Trigo 8 Unidades 200 Gr,"8,25 € / 1 Kg","2,05 €
1,65 €",MISSION
Despensa,Panes y tostadas,Pan Chapatón Tradicional 700 Gr,"3,64 € / 1 Kg","2,99 €
2,55 €",DULCESOL
Despensa,Panes y tostadas,Pan Molde Sandwich 700 Gr,"3,27 € / 1 Kg","2,29 €",BIMBO
Despensa,Panes y tostadas,Pan Rallado Natural Paquete 500 Gr,"1,40 € / 1 Kg","0,70 €",CONSUM
Despensa,Panes y tostadas,Pan de Molde Clasico 16 Rebanadas. 460 Gr,"1,85 € / 1 Kg","0,85 €",CONSUM
Despensa,Panes y tostadas,Pan Molde 100% Integral 0% Azúcares Añadidos 460 Gr,"2,07 € / 1 Kg","0,95 €",CONSUM
Despensa,Panes y tostadas,Pan Maxi Burger 4 Unidades 300 Gr,"3,00 € / 1 Kg","0,90 €",CONSUM
Despensa,Panes y tostadas,Pan Hot Dog 6 Unidades 330 Gr,"2,88 € / 1 Kg","0,95 €",CONSUM
Despensa,Panes y tostadas,Pan de Leche 8 Unidades 320 Gr,"4,03 € / 1 Kg","1,29 €",CONSUM
Despensa,Panes y tostadas,Saladitos Pack de 2 2 x 90 Gr,"8,06 € / 1 Kg","1,45 €",CONSUM
Despensa,Panes y tostadas,Pan Tostado Bolsa 200 Gr,"3,75 € / 1 Kg","0,75 €",CONSUM
Despensa,Panes y tostadas,Pan Tostado Integral bolsa 200 Gr,"3,75 € / 1 Kg","0,75 €",CONSUM
Despensa,Panes y tostadas,Minibiscotte Normal 120 Gr,"6,67 € / 1 Kg","0,80 €",CONSUM
Despensa,Panes y tostadas,Pan de Molde Clasico Sin Corteza 450 Gr,"2,78 € / 1 Kg","1,25 €",CONSUM
Despensa,Panes y tostadas,Pan Tostado Sabor Ajo y Perejil 160 Gr,"7,44 € / 1 Kg","1,19 €",CONSUM
Despensa,Panes y tostadas,Picatostes Fritos Naturales 75 Gr,"8,67 € / 1 Kg","0,65 €",CONSUM
Despensa,Panes y tostadas,Picatostes Fritos al Aroma de Ajo 75 Gr,"8,67 € / 1 Kg","0,65 €",CONSUM
Despensa,Panes y tostadas,Mini Tosta con Arandanos 90 Gr,"22,11 € / 1 Kg","1,99 €",ORTIZ
Despensa,Panes y tostadas,Tostada Canape Cuadrada 200 Gr,"19,45 € / 1 Kg","3,89 €",RECONDO
Despensa,Panes y tostadas,Regañas 250 Gr,"4,40 € / 1 Kg","1,10 €",CONSUM
Despensa,Panes y tostadas,Pan Molde Normal 820 Gr,"1,52 € / 1 Kg","1,25 €",CONSUM
Despensa,Panes y tostadas,Pan Molde Integral 820 Gr,"1,52 € / 1 Kg","1,25 €",CONSUM
Despensa,Panes y tostadas,Pan de Molde Clásico sin Gluten 300 Gr,"9,97 € / 1 Kg","2,99 €",SCHÄR
Despensa,Panes y tostadas,Pan Molde 100 %Integral sin Corteza 450 Gr,"3,00 € / 1 Kg","1,35 €",CONSUM
Despensa,Panes y tostadas,Pan Tostado Sabor Tomate y Orégano 160 Gr,"7,44 € / 1 Kg","1,19 €",CONSUM
Despensa,Panes y tostadas,Galletas Artesanas con Cañamon 125 Gr,"10,32 € / 1 Kg","1,29 €",BONDIA
Despensa,Panes y tostadas,Pan de Pita Pack de 6 Unidades 400 Gr,"4,13 € / 1 Kg","1,65 €",STAR
Despensa,Panes y tostadas,Pan Sandwich Multicereal Sottile 8 Unidades 310 Gr,"6,42 € / 1 Kg","1,99 €",DULCESOL
Despensa,Panes y tostadas,Snatts Bocaditos Tomate y Orégano 110 Gr,"13,55 € / 1 Kg","1,49 €",GREFUSA
Despensa,Panes y tostadas,Pan Sandwich Integral Sottile 8 Unidades 310 Gr,"6,42 € / 1 Kg","1,99 €",DULCESOL
Despensa,Panes y tostadas,Palitos Fibra S/Azúcares añadidos - Sal 240 Gr,"8,13 € / 1 Kg","1,95 €",VELARTE
Despensa,Panes y tostadas,Rosegones 250 Gr,"7,40 € / 1 Kg","1,85 €",CONSUM
Despensa,Panes y tostadas,Picos Camperos 250 Gr,"4,20 € / 1 Kg","1,05 €",CONSUM
Despensa,Panes y tostadas,Pan Molde 100% Natural Tierno y Fresco 460 Gr,"3,46 € / 1 Kg","1,59 €",CONSUM
Despensa,Panes y tostadas,Pan de Molde sin Corteza 820 Gr,"4,26 € / 1 Kg","3,49 €",DULCESOL
Despensa,Panes y tostadas,Salapipas Bolsa 4 Paquetes 4 x 40 Gr,"14,94 € / 1 Kg","2,39 €",VELARTE
Despensa,Panes y tostadas,Pan de Molde Oroweat Pipas 680 Gr,"5,51 € / 1 Kg","3,25 €",BIMBO
Despensa,Panes y tostadas,Pan Hogaza M. Madre Multicereales 400 Gr,"5,98 € / 1 Kg","2,39 €",RUSTIK BAKER
Despensa,Panes y tostadas,Tortillas de Trigo Integrales 6 Unidades 350 Gr,"9,69 € / 1 Kg","3,39 €",OLD EL PASO
Despensa,Panes y tostadas,Rebozado Crujiente Sin Gluten 200 Gr,"7,95 € / 1 Kg","1,59 €",ESGIR
Despensa,Panes y tostadas,Pan Rallado Crujiente Paquete 380 Gr,"4,08 € / 1 Kg","1,55 €",FRUMEN
Despensa,Panes y tostadas,Minibiscotte Integral 120 Gr,"6,67 € / 1 Kg","0,80 €",CONSUM
Despensa,Panes y tostadas,Picatostes Natural 80 Gr,"18,63 € / 1 Kg","1,49 €",RECONDO
Despensa,Panes y tostadas,Cracker 250 Gr,"11,20 € / 1 Kg","2,80 €",TUC
Despensa,Panes y tostadas,Medias Noches Panecillos Sin Gluten 200 Gr,"14,95 € / 1 Kg","2,99 €",SCHÄR
Despensa,Panes y tostadas,Salaqueso Bolsa 4 Paquetes 4 x 40 Gr,"14,94 € / 1 Kg","2,39 €",VELARTE
Despensa,Panes y tostadas,Rosquilletas Planas con Cacahuetes 2 x 80 Gr,"8,44 € / 1 Kg","1,35 €",CONSUM
Despensa,Panes y tostadas,Pan de Molde Rebanada Estilo Artesano 550 Gr,"5,36 € / 1 Kg","2,95 €",BIMBO
Despensa,Panes y tostadas,Rosquilletas Fibra 2 x 80 Gr,"8,44 € / 1 Kg","1,35 €",CONSUM
Despensa,Panes y tostadas,Pan de Molde de Avena 460 Gr,"4,33 € / 1 Kg","1,99 €",DULCESOL
Despensa,Panes y tostadas,Pan de Molde Cereales sin Gluten 300 Gr,"9,97 € / 1 Kg","2,99 €",SCHÄR
Despensa,Panes y tostadas,Pan Rallado Estilo Japonés Paquete 150 Gr,"11,67 € / 1 Kg","1,75 €",FRUMEN
Despensa,Panes y tostadas,Pan Vitalite 280 Gr,"9,25 € / 1 Kg","2,59 €",WASA
Despensa,Panes y tostadas,Pan Tostado Multicerales 30 Rebanadas 288 Gr,"9,34 € / 1 Kg","2,69 €",ORTIZ
Despensa,Panes y tostadas,Pan Tostado Integral 30 Rebanadas 324 Gr,"8,30 € / 1 Kg","2,69 €",ORTIZ
Despensa,Panes y tostadas,Pan Tostado Tradicional 30 Rebanadas 324 Gr,"8,30 € / 1 Kg","2,69 €",ORTIZ
Despensa,Panes y tostadas,Rosquilletas Planas con Pipas 2 x 80 Gr,"8,44 € / 1 Kg","1,35 €",CONSUM
Despensa,Panes y tostadas,Pan Fibra 230 Gr,"11,26 € / 1 Kg","2,59 €",WASA
Despensa,Panes y tostadas,Rosquilletas con Anises Horno Tradicional 85 Gr,"13,53 € / 1 Kg","1,15 €",VELARTE
Despensa,Panes y tostadas,Pan de Molde Integral sin Lactosa 450 Gr,"6,64 € / 1 Kg","2,99 €",BIMBO
Despensa,Panes y tostadas,Palitos Aceite Oliva 50 Gr,"15,80 € / 1 Kg","0,79 €",QUELY
Despensa,Panes y tostadas,Palitos Pipas 50 Gr,"15,80 € / 1 Kg","0,79 €",QUELY
Despensa,Panes y tostadas,Pan de Leche 8 Unidades 280 Gr,"9,25 € / 1 Kg","2,59 €",PASQUIER
Despensa,Panes y tostadas,Baguette Sin Gluten 175 Gr,"11,49 € / 1 Kg","2,01 €",SCHÄR
Despensa,Panes y tostadas,Crackers de Espelta Caja de 4 Paquetes 240 Gr,"7,08 € / 1 Kg","1,70 €",MASTRIGO
Despensa,Panes y tostadas,Pan Rallado Ajo-Perejil 500 Gr,"2,10 € / 1 Kg","1,05 €",CONSUM
Despensa,Panes y tostadas,Picos Sin Gluten 60 Gr,"23,17 € / 1 Kg","1,39 €",SCHÄR
Despensa,Panes y tostadas,Rosquilletas Con Choco Pack de 2 2 x 80 Gr,"8,44 € / 1 Kg","1,35 €",CONSUM
Despensa,Panes y tostadas,Galleta Artesana Cacahuete 135 Gr,"9,56 € / 1 Kg","1,29 €",BONDIA
Despensa,Panes y tostadas,Pan Tostado Tostas sin Gluten 260 Gr,"19,19 € / 1 Kg","4,99 €",SCHÄR
Despensa,Panes y tostadas,Cracker Naturales 250 Gr,"9,80 € / 1 Kg","2,45 €",RECONDO
Despensa,Panes y tostadas,Rosquilletas Saladas 60 Gr,"15,83 € / 1 Kg","0,95 €",PASTOR
Despensa,Panes y tostadas,Rosquilletas Natural 60 Gr,"15,83 € / 1 Kg","0,95 €",PASTOR
Despensa,Panes y tostadas,Wraps Semillas Paqueta 6 Unidades 240 Gr,"7,04 € / 1 Kg","1,69 €",ZANUY
Despensa,Panes y tostadas,Tostaditas Toque Pasas y Miel 120 Gr,"10,00 € / 1 Kg","1,20 €",CONSUM
Despensa,Panes y tostadas,Mini Chapata Rústica 100 Gr,"23,90 € / 1 Kg","2,39 €",RECONDO
Despensa,Panes y tostadas,Palitos Frutos Secos 2 x 65 gr. 130 Gr,"8,46 € / 1 Kg","1,10 €",HORNO TRAD.
Despensa,Panes y tostadas,Pan de Sésamo Wasa 200 Gr,"12,95 € / 1 Kg","2,59 €",WASA
Despensa,Panes y tostadas,Meditterranium Bites Pizza 80 Gr,"12,38 € / 1 Kg","0,99 €",VELARTE
Despensa,Panes y tostadas,Mini Tortilla Trigo Paquete 8 Unidades 220 Gr,"11,14 € / 1 Kg","2,45 €",OLD EL PASO
Despensa,Panes y tostadas,Galleta Marinera con Aceite de Oliva 200 Gr,"11,75 € / 1 Kg","2,35 €",DAVEIGA
Despensa,Panes y tostadas,Galleta Marinera con Semillas de Chia 200 Gr,"11,75 € / 1 Kg","2,35 €",DAVEIGA
Despensa,Panes y tostadas,Piadinas Pan Italiano 320 Gr,"7,16 € / 1 Kg","2,29 €",ZANUY
Despensa,Panes y tostadas,Crackers Fibra y Sésamo Harina Integral Centeno 240 Gr,"5,21 € / 1 Kg","1,25 €",MASTRIGO
Despensa,Panes y tostadas,Burger Brioche 340 Gr,"5,26 € / 1 Kg","1,79 €",DULCESOL
Despensa,Panes y tostadas,Bruschetta Tomate y Mozzarella 70 Gr,"14,14 € / 1 Kg","0,99 €",KRAMBALS
Despensa,Panes y tostadas,Bruschetta Queso Cremoso 70 Gr,"14,14 € / 1 Kg","0,99 €",KRAMBALS
Despensa,Panes y tostadas,Multipack Snatts Palitos Pipas 160 Gr,"17,19 € / 1 Kg","2,75 €",SNATT'S
Despensa,Panes y tostadas,Pan Tostado 100 % Integral 270 Gr,"9,22 € / 1 Kg","2,49 €",RECONDO
Despensa,Panes y tostadas,Pan de Molde sin Gluten 300 Gr,"11,30 € / 1 Kg","3,39 €",BIMBO
Despensa,Panes y tostadas,Pan Tostado con Lino 100% Integral Dextrin 300 Gr,"11,17 € / 1 Kg","3,35 €",SANTIVERI
Despensa,Panes y tostadas,Pan Tostado Tradicional 100% Integral Dextrin 300 Gr,"11,17 € / 1 Kg","3,35 €",SANTIVERI
Despensa,Panes y tostadas,Pan Sésamo & Sea Salt 190 Gr,"17,32 € / 1 Kg","3,29 €",WASA
Despensa,Panes y tostadas,Pan de Molde Integral con Pipas 675 Gr,"3,63 € / 1 Kg","2,45 €",DULCESOL
Despensa,Panes y tostadas,Pan de Molde Protein K 450 Gr,"8,20 € / 1 Kg","3,69 €",KETTERER
Despensa,Panes y tostadas,Pan Molde Cereales y Semillas 675 Gr,"2,52 € / 1 Kg","1,70 €",CONSUM
Despensa,Panes y tostadas,Cruapan Clásico 380 Gr,"9,71 € / 1 Kg","3,69 €",BIMBO
Despensa,Panes y tostadas,Mini Tartaletas 12 Unidades 84 Gr,"21,31 € / 1 Kg","1,79 €",MELS
Despensa,Panes y tostadas,Palitos Con Queso 55 Gr,"21,64 € / 1 Kg","1,19 €",SNATT'S
Despensa,Panes y tostadas,Rallado Crujiente 400 Gr,"4,63 € / 1 Kg","1,85 €",ESGIR
Despensa,Panes y tostadas,Picos Integrales 230 Gr,"3,87 € / 1 Kg","0,89 €",MENDEZ
Despensa,Panes y tostadas,Tortillas de Trigo 8 Unidades 320 Gr,"3,59 € / 1 Kg","1,15 €",CONSUM
Despensa,Panes y tostadas,Tortillas Wrap de Trigo 6 Unidades 370 Gr,"4,32 € / 1 Kg","1,60 €",CONSUM
Despensa,Panes y tostadas,Pan Hogaza Tradicional Bolsa 450 Gr,"4,42 € / 1 Kg","1,99 €",DULCESOL
Despensa,Panes y tostadas,Picos Finos Bolsa 230 Gr,"3,87 € / 1 Kg","0,89 €",MENDEZ
Despensa,Panes y tostadas,Pan Tostado Proteínas 200 Gr,"12,45 € / 1 Kg","2,49 €",MAS PROTEIN
Despensa,Panes y tostadas,Pan Original 205 Gr,"11,66 € / 1 Kg","2,39 €",WASA
Despensa,Panes y tostadas,Pan Mini Burger 8 Unidades 190 Gr,"6,58 € / 1 Kg","1,25 €",DULCESOL
Despensa,Panes y tostadas,Crackers 42% Integrales de Trigo 250 Gr,"9,80 € / 1 Kg","2,45 €",RECONDO
Despensa,Panes y tostadas,Tortillas Wraps Finas Paquete 6 Unidades 192 Gr,"17,66 € / 1 Kg","3,39 €",OLD EL PASO
Despensa,Panes y tostadas,"Pan Hamburguesa Sin Gluten, 2 Unidades 2 x 80 Gr","11,56 € / 1 Kg","1,85 €",SINBLAT
Despensa,Panes y tostadas,Snatts Bocaditos Jamón y Tomate 110 Gr,"13,55 € / 1 Kg","1,49 €",GREFUSA
Despensa,Panes y tostadas,Pan de Molde 0% Azúcares Añadidos 430 Gr,"3,70 € / 1 Kg","1,59 €",BIMBO
Despensa,Panes y tostadas,Snatts Bocaditos Ajo y Perejil 110 Gr,"13,55 € / 1 Kg","1,49 €",GREFUSA
Despensa,Panes y tostadas,Pan Rallado Sin Gluten 300 Gr,"7,30 € / 1 Kg","2,19 €",GALLO
Despensa,Panes y tostadas,Pan Burger 4 Unidades 200 Gr,"4,45 € / 1 Kg","0,89 €",DULCESOL
Despensa,Panes y tostadas,Hot Dog Rustic 6 Unidades 330 Gr,"4,52 € / 1 Kg","1,49 €",DULCESOL
Despensa,Panes y tostadas,Pan Brioche con Mantequilla 450 Gr,"5,98 € / 1 Kg","2,69 €",DULCESOL
Despensa,Panes y tostadas,Rosquillas Bolsa 230 Gr,"4,74 € / 1 Kg","1,09 €",MENDEZ
Despensa,Panes y tostadas,Pan Rallado Casero 500 Gr,"2,10 € / 1 Kg","1,05 €",CONSUM
Despensa,Panes y tostadas,Rosquilleta Baño de Chocolate 75 Gr,"17,20 € / 1 Kg","1,29 €",PASTOR
Despensa,Panes y tostadas,Pan Tostado 100%Integra 45 Rebanadas 405 Gr,"4,07 € / 1 Kg","1,65 €",CONSUM
Despensa,Panes y tostadas,Pan Tostado Clásico 45 Rebanadas 405 Gr,"3,83 € / 1 Kg","1,55 €",CONSUM
Despensa,Panes y tostadas,Pan Tostado 0% Sal y Azúcares Añadidos 45U 405 Gr,"4,42 € / 1 Kg","1,79 €",CONSUM
Despensa,Panes y tostadas,Saladitos Snatt's 240 Gr,"8,13 € / 1 Kg","1,95 €",GREFUSA
Despensa,Panes y tostadas,Saladitos 250 Gr,"5,20 € / 1 Kg","1,30 €",CONSUM
Despensa,Panes y tostadas,Piquitos Bajos en Sal 250 Gr,"5,60 € / 1 Kg","1,40 €",CONSUM
Despensa,Panes y tostadas,Palitos Tradicionales 56 Gr,"21,25 € / 1 Kg","1,19 €",SNATT'S
Despensa,"Harina, levadura y pan rallado",Harina de Trigo Paquete 1 Kg,"1,15 € / 1 Kg","1,39 €
1,15 €",GALLO
Despensa,"Harina, levadura y pan rallado",Harina de Repostería Paquete 1 Kg,"1,35 € / 1 Kg","1,63 €
1,35 €",GALLO
Despensa,"Harina, levadura y pan rallado",Harina de Fuerza Paquete 1 Kg,"1,49 € / 1 Kg","1,78 €
1,49 €",GALLO
Despensa,"Harina, levadura y pan rallado",Preparado para hornear 5 Sobres 80 Gr,"24,88 € / 1 Kg","2,25 €
1,99 €",ROYAL
Despensa,"Harina, levadura y pan rallado","Levadura Panadería 5 Unidades 27,5 Gr","7,82 € / 100 Gr","2,15 €",ROYAL
Despensa,"Harina, levadura y pan rallado","Gasificante Especial Para Bollería 39,5 Gr","1,39 € / 100 Gr","0,55 €",LA BANDERA
Despensa,"Harina, levadura y pan rallado",Pan Rallado Natural Paquete 500 Gr,"1,40 € / 1 Kg","0,70 €",CONSUM
Despensa,"Harina, levadura y pan rallado",Levadura Fresca Pack de 2 Unidades 2 x 25 Gr,"10,00 € / 1 Kg","0,50 €",LEVANOVA
Despensa,"Harina, levadura y pan rallado",Impulsor repostería 6 sobres de 15gr. 90 Gr,"7,78 € / 1 Kg","0,70 €",CONSUM
Despensa,"Harina, levadura y pan rallado",Harina de Trigo Común Paquete 1 Kg,"0,70 € / 1 Kg","0,70 €",RIO
Despensa,"Harina, levadura y pan rallado",Harina Repostera Paquete 1 Kg,"1,05 € / 1 Kg","1,05 €",RIO
Despensa,"Harina, levadura y pan rallado",Harina de Fuerza Paquete 1 Kg,"0,91 € / 1 Kg","0,91 €",RIO
Despensa,"Harina, levadura y pan rallado",Harina de Maíz Caja 400 Gr,"7,48 € / 1 Kg","2,99 €",MAIZENA
Despensa,"Harina, levadura y pan rallado",Rebozado Crujiente Sin Gluten 200 Gr,"7,95 € / 1 Kg","1,59 €",ESGIR
Despensa,"Harina, levadura y pan rallado",Pan Rallado Crujiente Paquete 380 Gr,"4,08 € / 1 Kg","1,55 €",FRUMEN
Despensa,"Harina, levadura y pan rallado",Harina de Maíz Paquete 1 Kg,"2,55 € / 1 Kg","2,55 €",DOÑAREPA
Despensa,"Harina, levadura y pan rallado","Levadura de Panadería 4 Sobres 4,6 Gr","10,27 € / 100 Gr","1,89 €",VAHINÉ
Despensa,"Harina, levadura y pan rallado",Litines Caja 132 Gr,"14,77 € / 1 Kg","1,95 €",LA BANDERA
Despensa,"Harina, levadura y pan rallado",Harina Fritos Paquete 1 Kg,"1,20 € / 1 Kg","1,20 €",RIO
Despensa,"Harina, levadura y pan rallado",Harina para Rebozar sin Huevo 500 Gr,"3,70 € / 1 Kg","1,85 €",YOLANDA
Despensa,"Harina, levadura y pan rallado",Harina de Arroz Paquete 500 Gr,"2,28 € / 1 Kg","1,14 €",REX
Despensa,"Harina, levadura y pan rallado",Harina Mix sin Gluten 500 Gr Múltiples Usos,"5,70 € / 1 Kg","2,85 €",GALLO
Despensa,"Harina, levadura y pan rallado",Pan Rallado Estilo Japonés Paquete 150 Gr,"11,67 € / 1 Kg","1,75 €",FRUMEN
Despensa,"Harina, levadura y pan rallado",Harina Para Pizza Paquete 500 Gr,"2,58 € / 1 Kg","1,29 €",HARIMSA
Despensa,"Harina, levadura y pan rallado",Harina Integral de Avena Paquete 400 Gr,"4,38 € / 1 Kg","1,75 €",HARIMSA
Despensa,"Harina, levadura y pan rallado",Harina de Trigo Ecológico Paquete 500 Gr,"3,18 € / 1 Kg","1,59 €",HARIMSA
Despensa,"Harina, levadura y pan rallado",Harina Integral Paquete 1 Kg,"1,65 € / 1 Kg","1,65 €",GALLO
Despensa,"Harina, levadura y pan rallado",Pan Rallado Ajo-Perejil 500 Gr,"2,10 € / 1 Kg","1,05 €",CONSUM
Despensa,"Harina, levadura y pan rallado",Harina para Bizcochos Paquete 1 Kg,"1,69 € / 1 Kg","1,69 €",GALLO
Despensa,"Harina, levadura y pan rallado",Harina de Garbanzo Paquete 400 Gr,"4,23 € / 1 Kg","1,69 €",HARIMSA
Despensa,"Harina, levadura y pan rallado",Harina Espelta Integral Paquete 1 Kg,"2,49 € / 1 Kg","2,49 €",GALLO
Despensa,"Harina, levadura y pan rallado",Harina Trigo Sarraceno Alforfón 500 Gr,"6,70 € / 1 Kg","3,35 €",NATUR DACSA
Despensa,"Harina, levadura y pan rallado",Preparado para Rebozar Témpura Sin Huevo 500 Gr,"3,38 € / 1 Kg","1,69 €",HARIMSA
Despensa,"Harina, levadura y pan rallado",Rallado Crujiente 400 Gr,"4,63 € / 1 Kg","1,85 €",ESGIR
Despensa,"Harina, levadura y pan rallado",Pan Rallado Sin Gluten 300 Gr,"7,30 € / 1 Kg","2,19 €",GALLO
Despensa,"Harina, levadura y pan rallado",Pan Rallado Casero 500 Gr,"2,10 € / 1 Kg","1,05 €",CONSUM
Despensa,Lácteos y huevos,Leche Entera Brik 1 L,"1,00 € / 1 L","1,15 €
1,00 €",PULEVA
Despensa,Lácteos y huevos,Leche Desnatada Brik 1 L,"1,00 € / 1 L","1,15 €
1,00 €",PULEVA
Despensa,Lácteos y huevos,Leche Semidesnatada Brik 1 L,"1,00 € / 1 L","1,15 €
1,00 €",PULEVA
Despensa,Lácteos y huevos,"Leche Entera Botella 1,5 L","1,13 € / 1 L","1,78 €
1,69 €",ASTURIANA
Despensa,Lácteos y huevos,"Leche Semidesnatada Botella 1,5 L","1,13 € / 1 L","1,78 €
1,69 €",ASTURIANA
Despensa,Lácteos y huevos,"Leche Desnatada Botella 1,5 L","1,13 € / 1 L","1,78 €
1,69 €",ASTURIANA
Despensa,Lácteos y huevos,"Nata Líquida Montar Brik 0,5 L","5,18 € / 1 L","2,75 €
2,59 €",ASTURIANA
Despensa,Lácteos y huevos,Activia Frutas Bosque Yogur Bífidus P-4 ud. 4 x 120 Gr,"4,77 € / 1 Kg","2,99 €
2,29 €",DANONE
Despensa,Lácteos y huevos,Leche Condensada 740 Gr,"4,53 € / 1 Kg","3,95 €
3,35 €",LA LECHERA
Despensa,Lácteos y huevos,Batido de Vainilla Botella 1 L,"1,49 € / 1 L","1,85 €
1,49 €",CHOLECK
Despensa,Lácteos y huevos,Horchata Botella 1 L,"1,59 € / 1 L","1,89 €
1,59 €",CHUFI
Despensa,Lácteos y huevos,Batido de Cacao Botella 1 L,"1,49 € / 1 L","1,85 €
1,49 €",CHOLECK
Despensa,Lácteos y huevos,Preparado Lácteo Omega 3 1 L,"1,69 € / 1 L","1,90 €
1,69 €",PULEVA
Despensa,Lácteos y huevos,Activia 00% con Piña Bífidus Desnatado P-4ud 4 x 120 Gr,"4,77 € / 1 Kg","2,99 €
2,29 €",DANONE
Despensa,Lácteos y huevos,"Nata Líquida Cocinar Brik 0,5 L","5,18 € / 1 L","2,75 €
2,59 €",ASTURIANA
Despensa,Lácteos y huevos,Activia 00% con Kiwi Bífidus Desnatado P-4 4 x 120 Gr,"4,77 € / 1 Kg","2,99 €
2,29 €",DANONE
Despensa,Lácteos y huevos,Activia Soja Mango y Papaya P-4 ud. 4 x 120 Gr,"4,77 € / 1 Kg","2,99 €
2,29 €",DANONE
Despensa,Lácteos y huevos,Horchata Botella 1 L,"1,39 € / 1 L","1,39 €",CONSUM
Despensa,Lácteos y huevos,Peques3 Crecimiento Preparado Lácteo 1 L,"1,75 € / 1 L","1,95 €
1,75 €",PULEVA
Despensa,Lácteos y huevos,Leche Continuación Brik Peques 2 1 L,"1,75 € / 1 L","1,95 €
1,75 €",PULEVA
Despensa,Lácteos y huevos,Peques3 Crecimiento con Cereales 1 L,"1,75 € / 1 L","1,95 €
1,75 €",PULEVA
Despensa,Lácteos y huevos,Activia 00% Melocotón Bífidus Desnatado P-4 4 x 120 Gr,"4,77 € / 1 Kg","2,99 €
2,29 €",DANONE
Despensa,Lácteos y huevos,Actimel Líquido Natural Azucarado Pack 12 Ud. 12 x 100 Gr,"4,12 € / 1 Kg","5,99 €
4,95 €",DANONE
Despensa,Lácteos y huevos,Actimel Actikids Sabor Fresa Pack 12 ud. 12 x 100 Gr,"4,12 € / 1 Kg","5,99 €
4,95 €",DANONE
Despensa,Lácteos y huevos,Preparado Lácteo Omega 3 con Nueces 1 L,"1,69 € / 1 L","1,95 €
1,69 €",PULEVA
Despensa,Lácteos y huevos,Actimel Líquido 0% Natural Edulcorado 12 x 100 Gr,"4,12 € / 1 Kg","5,99 €
4,95 €",DANONE
Despensa,Lácteos y huevos,Caffè Latte Light sin Lactosa 230 ml,"6,04 € / 1 L","1,79 €
1,39 €",KAIKU
Despensa,Lácteos y huevos,Yogur Dúo Kit Kat Pack de 2 Unidades 2 x 115 Gr,"7,17 € / 1 Kg","1,99 €
1,65 €",NESTLE
Despensa,Lácteos y huevos,Lácteo Fibra Brik 1 L,"1,45 € / 1 L","1,59 €
1,45 €",ASTURIANA
Despensa,Lácteos y huevos,L Casei Fresa Pack de 12 Unidades 12 x 100 Gr,"2,00 € / 1 Kg","2,50 €
2,40 €",CONSUM
Despensa,Lácteos y huevos,Leche NESTLÉ JUNIOR Galleta 1 L,"1,99 € / 1 L","2,35 €
1,99 €",NESTLE
Despensa,Lácteos y huevos,Leche sin Lactosa Semidesnatada Brik 1 L,"1,19 € / 1 L","1,30 €
1,19 €",ASTURIANA
Despensa,Lácteos y huevos,Peques3 Preparado Lácteo Cereales y Cacao 3 x 200 ml,"2,92 € / 1 L","1,95 €
1,75 €",PULEVA
Despensa,Lácteos y huevos,Bebida de Almendras Brik 1 L,"1,59 € / 1 L","1,99 €
1,59 €",ALPRO
Despensa,Lácteos y huevos,Mousse de Chocolate Nestlé Gold 4 x 57 Gr,"9,16 € / 1 Kg","2,39 €
2,09 €",NESTLE
Despensa,Lácteos y huevos,Peques3 Preparado Lácteo Cereales y Fruta 3 x 200 ml,"2,92 € / 1 L","1,95 €
1,75 €",PULEVA
Despensa,Lácteos y huevos,Batido de Fresa Botella 1 L,"1,49 € / 1 L","1,85 €
1,49 €",CHOLECK
Despensa,Lácteos y huevos,Bebida de Chufa Zero Botella 1 L,"1,59 € / 1 L","1,89 €
1,59 €",CHUFI
Despensa,Lácteos y huevos,Activia Avena Nueces Bifidus P-4 U 4 x 115 Gr,"4,98 € / 1 Kg","2,99 €
2,29 €",DANONE
Despensa,Lácteos y huevos,Prep. Lácteo Omega 3 Sin Lactosa Brik 1 L,"1,69 € / 1 L","1,95 €
1,69 €",PULEVA
Despensa,Lácteos y huevos,Activia con Pera Yogur Bífidus P-4 ud. 4 x 120 Gr,"4,77 € / 1 Kg","2,99 €
2,29 €",DANONE
Despensa,Lácteos y huevos,L Casei Natural Azucarado Pack 12 Ud. 12 x 100 Gr,"2,00 € / 1 Kg","2,50 €
2,40 €",CONSUM
Despensa,Lácteos y huevos,L Casei Fresa-Plátano y Galleta Pack 12 ud. 12 x 100 Gr,"2,00 € / 1 Kg","2,50 €
2,40 €",CONSUM
Despensa,Lácteos y huevos,Bebida Avena Brik 1 L,"1,59 € / 1 L","1,99 €
1,59 €",ALPRO
Despensa,Lácteos y huevos,Leche sin Lactosa 0% Desnatada Brik 1 L,"1,19 € / 1 L","1,30 €
1,19 €",ASTURIANA
Despensa,Lácteos y huevos,Smarties Mix In Sabor Vainilla 2 x 128 Gr,"6,44 € / 1 Kg","1,99 €
1,65 €",NESTLE
Despensa,Lácteos y huevos,Batido Cacao Minibrik Pack de 3 3 x 200 ml,"2,15 € / 1 L","1,49 €
1,29 €",CHOLECK
Despensa,Lácteos y huevos,Caffè Latte Mr. Big Capuccino 370 ml,"6,73 € / 1 L","2,49 €",KAIKU
Despensa,Lácteos y huevos,Café con Leche Botella 1 L,"1,85 € / 1 L","2,19 €
1,85 €",PULEVA
Despensa,Lácteos y huevos,Natillas con Sorpresa 70 Gr,"14,43 € / 1 Kg","1,19 €
1,01 €",KIDS WORLD
Despensa,Lácteos y huevos,Nata Montada Spray Bote 250 Gr,"9,00 € / 1 Kg","2,75 €
2,25 €",PULEVA
Despensa,Lácteos y huevos,Nata Montada Spray Ligera Bote 275 Gr,"10,00 € / 1 Kg","2,75 €",ASTURIANA
Despensa,Lácteos y huevos,Yogur Griego Oikos Natural Pack 4 Unidades 4 x 110 Gr,"4,52 € / 1 Kg","2,79 €
1,99 €",DANONE
Despensa,Lácteos y huevos,Yogur Griego Oikos Natural Azucarado 4 x 110 Gr,"4,52 € / 1 Kg","2,79 €
1,99 €",DANONE
Despensa,Lácteos y huevos,Leche sin Lactosa Entera Brik 1 L,"1,19 € / 1 L","1,30 €
1,19 €",ASTURIANA
Despensa,Lácteos y huevos,Leche Calcio Sin Lactosa Desnatada Suprema Brik 1 L,"1,39 € / 1 L","1,51 €
1,39 €",ASTURIANA
Despensa,Lácteos y huevos,Kéfir Natural 500 Gr,"3,58 € / 1 Kg","1,99 €
1,79 €",NESTLE
Despensa,Lácteos y huevos,Café Cappuccino Botella 1 L,"1,85 € / 1 L","2,19 €
1,85 €",PULEVA
Despensa,Lácteos y huevos,Yogur Líquido 0%0% Proteina Fresa-Frambuesa 300 ml,"6,63 € / 1 L","2,49 €
1,99 €",YOPRO DANONE
Despensa,Lácteos y huevos,Yogolino Melocotón y Plátano 0% Azúcar 4 x 100 Gr,"7,48 € / 1 Kg","3,45 €
2,99 €",NESTLE
Despensa,Lácteos y huevos,Yogolino Fresa y Plátano 0% Azúcar 4 x 100 Gr,"7,48 € / 1 Kg","3,45 €
2,99 €",NESTLE
Despensa,Lácteos y huevos,Activia 00% Semillas Chía y Almendra 4 x 115 Gr,"4,98 € / 1 Kg","2,99 €
2,29 €",DANONE
Despensa,Lácteos y huevos,Leche NESTLÉ JUNIOR Cereales 1 L,"1,99 € / 1 L","2,35 €
1,99 €",NESTLE
Despensa,Lácteos y huevos,Kéfir Natural 150 Gr,"6,67 € / 1 Kg","1,29 €
1,00 €",NESTLE
Despensa,Lácteos y huevos,Flan de Queso 4 x 100 Gr,"4,75 € / 1 Kg","2,00 €
1,90 €",CONSUM
Despensa,Lácteos y huevos,Bebida de Avena Barista Brik 1 L,"1,59 € / 1 L","1,85 €
1,59 €",YOSOY
Despensa,Lácteos y huevos,Activia con Fresas Pack de 4 Unidades 4 x 120 Gr,"4,77 € / 1 Kg","2,99 €
2,29 €",DANONE
Despensa,Lácteos y huevos,Activia con Mango Pack de 4 Unidades 4 x 120 Gr,"4,77 € / 1 Kg","2,99 €
2,29 €",DANONE
Despensa,Lácteos y huevos,Caffè Latte con Proteína Mr. Big 370 ml,"6,73 € / 1 L","2,49 €",KAIKU
Despensa,Lácteos y huevos,Postre 0%0% Proteico Plátano y Cacahuete 2 x 160 Gr,"6,22 € / 1 Kg","2,69 €
1,99 €",YOPRO DANONE
Despensa,Lácteos y huevos,Tarta de Queso Tarrina 180 Gr,"8,06 € / 1 Kg","1,69 €
1,45 €",GRANJA RINYA
Despensa,Lácteos y huevos,Café Cortado Botella 1 L,"1,85 € / 1 L","2,19 €
1,85 €",PULEVA
Despensa,Lácteos y huevos,Batido de Cacao Vaso 200 ml,"5,00 € / 1 L","1,48 €
1,00 €",CACAOLAT
Despensa,Lácteos y huevos,Activia 0%0% con Ciruela Bífidus Desnatado P-4 4 x 120 Gr,"4,77 € / 1 Kg","2,99 €
2,29 €",DANONE
Despensa,Lácteos y huevos,Postre 0% Proteico Pudding Caramelo 180 Gr,"7,72 € / 1 Kg","1,79 €
1,39 €",YOPRO DANONE
Despensa,Lácteos y huevos,Café Latte Expresso 205 ml,"6,10 € / 1 L","1,49 €
1,25 €",NESCAFE
Despensa,Lácteos y huevos,Café Latte Capuccino Descafeinado 205 ml,"6,10 € / 1 L","1,49 €
1,25 €",NESCAFE
Despensa,Lácteos y huevos,Nescafé Latte Capuccino Café 205 ml,"6,10 € / 1 L","1,49 €
1,25 €",NESCAFE
Despensa,Lácteos y huevos,Yogur Líquido Straciatella 4 x 160 Gr,"2,80 € / 1 Kg","1,99 €
1,79 €",CONSUM
Despensa,Lácteos y huevos,Bebida de Leche y Avena Brik 1 L,"1,99 € / 1 L","1,99 €",ASTURIANA
Despensa,Lácteos y huevos,Margarina Vegetal Tarrina 400 Gr,"7,13 € / 1 Kg","2,85 €",TULIPAN
Despensa,Lácteos y huevos,Margarina Vegetal Tarrina 225 Gr,"5,55 € / 1 Kg","1,99 €
1,25 €",TULIPAN
Despensa,Lácteos y huevos,Postre 0%0% Proteico Stracciatella 2 x 160 Gr,"6,22 € / 1 Kg","2,69 €
1,99 €",YOPRO DANONE
Despensa,Lácteos y huevos,Bebida Láctea 0%0% Proteína Plátano 4 x 100 Gr,"6,23 € / 1 Kg","2,99 €
2,49 €",YOPRO DANONE
Despensa,Lácteos y huevos,Bebida Láctea 0%0% Proteína Frutos Rojos 4 x 100 ml,"6,23 € / 1 L","2,99 €
2,49 €",YOPRO DANONE
Despensa,Lácteos y huevos,Bebida láctea 0%0% Proteína Stracciatella 300 ml,"6,63 € / 1 L","2,49 €
1,99 €",YOPRO DANONE
Despensa,Lácteos y huevos,Postre Proteico 0%0% Sabor Vainilla 2 x 160 Gr,"6,22 € / 1 Kg","2,69 €
1,99 €",YOPRO DANONE
Despensa,Lácteos y huevos,Plantequilla Tarrina 200 Gr,"6,25 € / 1 Kg","1,99 €
1,25 €",TULIPAN
Despensa,Lácteos y huevos,Leche Semidesnatada Brik 1 L,"1,30 € / 1 L","1,30 €",PASCUAL
Despensa,Lácteos y huevos,Leche Entera Brik 1 L,"1,30 € / 1 L","1,30 €",PASCUAL
Despensa,Lácteos y huevos,Leche Desnatada Brik 1 L,"1,30 € / 1 L","1,30 €",PASCUAL
Despensa,Lácteos y huevos,Postre Sabor Trufa Pack de 2 Unidades 2 x 125 Gr,"6,36 € / 1 Kg","1,59 €",LA LECHERA
Despensa,Lácteos y huevos,Actimel Líquido Natural Azucarado Pack 6 Ud. 6 x 100 Gr,"6,32 € / 1 Kg","3,79 €",DANONE
Despensa,Lácteos y huevos,Yogur Sabor Limón Pack de 4 Unidades 4 x 120 Gr,"2,08 € / 1 Kg","1,00 €",DANONE
Despensa,Lácteos y huevos,Yogur Sabor Fresa Pack de 4 Unidades 4 x 120 Gr,"2,08 € / 1 Kg","1,00 €",DANONE
Despensa,Lácteos y huevos,Activia Natural Yogur Bífidus Pack 4 Un 4 x 120 Gr,"5,81 € / 1 Kg","2,79 €",DANONE
Despensa,Lácteos y huevos,Yogur Natural Pack de 8 Unidades 8 x 120 Gr,"2,07 € / 1 Kg","1,99 €",DANONE
Despensa,Lácteos y huevos,Vitalínea 0%0% Sabor Limón 4 x 120 Gr,"4,15 € / 1 Kg","1,99 €",DANONE
Despensa,Lácteos y huevos,Yogur Natural Azucarado Pack de 8 Unidades 8 x 120 Gr,"2,07 € / 1 Kg","1,99 €",DANONE
Despensa,Lácteos y huevos,Margarina Vegetal Tarrina 250 Gr,"6,76 € / 1 Kg","1,69 €",LIGERESA
Despensa,Lácteos y huevos,Leche Calcio Desnatada Brik 1 L,"1,60 € / 1 L","1,60 €",PULEVA
Despensa,Lácteos y huevos,Vitalínea 0%0% Sabor Fresa 4 x 120 Gr,"4,15 € / 1 Kg","1,99 €",DANONE
Despensa,Lácteos y huevos,Leche Calcio Entera Brik 1 L,"1,60 € / 1 L","1,60 €",PULEVA
Despensa,Lácteos y huevos,Batido de Cacao Botella 1 L,"2,40 € / 1 L","2,40 €",CACAOLAT
Despensa,Lácteos y huevos,Nata Líquida Cocinar Espesa Botellín 250 ml,"7,80 € / 1 L","1,95 €",PRESIDENT
Despensa,Lácteos y huevos,Leche Calcio Semidesnatada Brik 1 L,"1,60 € / 1 L","1,60 €",PULEVA
Despensa,Lácteos y huevos,Leche Desnatada Brik 1 L,"1,14 € / 1 L","1,14 €",ASTURIANA
Despensa,Lácteos y huevos,Leche Semidesnatada Brik 1 L,"1,14 € / 1 L","1,14 €",ASTURIANA
Despensa,Lácteos y huevos,Leche Entera Brik 1 L,"1,14 € / 1 L","1,14 €",ASTURIANA
Despensa,Lácteos y huevos,Nata Líquida Cocinar Slim 200 ml,"6,45 € / 1 L","1,29 €",PULEVA
Despensa,Lácteos y huevos,Vitalínea 0%0% Natural Edulcorado 4 x 120 Gr,"4,15 € / 1 Kg","1,99 €",DANONE
Despensa,Lácteos y huevos,Activia 0% Natural Yogur Bífidus P-4 ud. 4 x 120 Gr,"5,81 € / 1 Kg","2,79 €",DANONE
Despensa,Lácteos y huevos,Suisse Chololate Pack de 6 Unidades 6 x 60 Gr,"4,97 € / 1 Kg","1,79 €",NESQUIK
Despensa,Lácteos y huevos,Crema de Almendras 900 Gr,"7,77 € / 1 Kg","6,99 €",ALMENDRINA
Despensa,Lácteos y huevos,Leche Calcio Semidesnatada Brik 1 L,"1,73 € / 1 L","1,73 €",PASCUAL
Despensa,Lácteos y huevos,Leche Calcio Desnatada Brik 1 L,"1,73 € / 1 L","1,73 €",PASCUAL
Despensa,Lácteos y huevos,"Leche Fresca Entera Botella 1,5 L","1,60 € / 1 L","2,40 €",PULEVA
Despensa,Lácteos y huevos,Preparado Lácteo Folic B Semidesnatado 1 L,"2,00 € / 1 L","2,00 €",FLORA
Despensa,Lácteos y huevos,Leche Condensada 450 Gr,"7,89 € / 1 Kg","3,55 €",LA LECHERA
Despensa,Lácteos y huevos,Leche Condensada Desnatada 450 Gr,"7,89 € / 1 Kg","3,55 €",LA LECHERA
Despensa,Lácteos y huevos,Vitalínea Cremoso Chocolate Pack de 4 Und 4 x 120 Gr,"5,98 € / 1 Kg","2,99 €",DANONE
Despensa,Lácteos y huevos,Preparado Lácteo Max Crecimiento y Desarrollo 1 L,"1,89 € / 1 L","1,89 €",PULEVA
Despensa,Lácteos y huevos,Bebida de Soja Brik 1 L,"1,99 € / 1 L","1,99 €",ALPRO
Despensa,Lácteos y huevos,Mantequilla Ligera Tarrina 250 Gr,"14,60 € / 1 Kg","3,65 €",ASTURIANA
Despensa,Lácteos y huevos,Danacol Beber Fresa 0% Azúcares Añadidos 6 x 100 Gr,"7,48 € / 1 Kg","4,49 €",DANONE
Despensa,Lácteos y huevos,Bebida de Soja con chocolate 1 L,"1,99 € / 1 L","1,99 €",VIVESOY
Despensa,Lácteos y huevos,Danonino Petit Maxi Sabor Fresa Pack de 4 U 4 x 100 Gr,"5,28 € / 1 Kg","2,11 €",DANONE
Despensa,Lácteos y huevos,Danet de Vainilla. Natillas Pack de 4 Und. 4 x 120 Gr,"4,15 € / 1 Kg","1,99 €",DANONE
Despensa,Lácteos y huevos,Nata Líquida Cocinar Espesa Botella 500 ml,"7,00 € / 1 L","3,50 €",PRESIDENT
Despensa,Lácteos y huevos,Batido de Chocolate Botella 1 L,"1,20 € / 1 L","1,20 €",CONSUM
Despensa,Lácteos y huevos,Leche Crecimiento Original Nativa 3 1 L,"2,35 € / 1 L","2,35 €",NESTLE
Despensa,Lácteos y huevos,Leche Calcio Entera Brik 1 L,"1,10 € / 1 L","1,10 €",CONSUM
Despensa,Lácteos y huevos,Leche Calcio. Semidesnatada Brik 1 L,"0,96 € / 1 L","0,96 €",CONSUM
Despensa,Lácteos y huevos,Leche Calcio Desnatada. Brik 1 L,"0,94 € / 1 L","0,94 €",CONSUM
Despensa,Lácteos y huevos,Actimel Líquido 0% Fresa Pack 6 Unidades 6 x 100 Gr,"6,32 € / 1 Kg","3,79 €",DANONE
Despensa,Lácteos y huevos,Flan Huevo Baño María Pack de 4 Unidades 4 x 100 Gr,"3,38 € / 1 Kg","1,35 €",CONSUM
Despensa,Lácteos y huevos,Batido al Cacao Pack de 6 6 x 200 ml,"2,29 € / 1 L","2,75 €",PULEVA
Despensa,Lácteos y huevos,Mantequilla en Porciones 12 Unidades 96 Gr,"17,60 € / 1 Kg","1,69 €",ASTURIANA
Despensa,Lácteos y huevos,Leche Crecimiento Nativa 3 Cereales 1 L,"2,35 € / 1 L","2,35 €",NESTLE
Despensa,Lácteos y huevos,Leche Entera. Brik 1 L,"0,91 € / 1 L","0,91 €",CONSUM
Despensa,Lácteos y huevos,Leche Semidesnatada. Brik 1 L,"0,87 € / 1 L","0,87 €",CONSUM
Despensa,Lácteos y huevos,Leche Desnatada. Brik 1 L,"0,85 € / 1 L","0,85 €",CONSUM
Despensa,Lácteos y huevos,Preparado Lácteo Omega 3 1 L,"1,10 € / 1 L","1,10 €",CONSUM
Despensa,Lácteos y huevos,Activia Natural Azucarado Pack de 4 ud. 4 x 120 Gr,"5,81 € / 1 Kg","2,79 €",DANONE
Despensa,Lácteos y huevos,Huevos M Medianos Docena 1 Dc,"2,00 € / 1 Dc","2,00 €",MONTERDE
Despensa,Lácteos y huevos,Huevos L Grandes Docena 1 Dc,"2,20 € / 1 Dc","2,20 €",MONTERDE
Despensa,Lácteos y huevos,"Huevos L Grandes 1/2 Docena 0,5 Dc","2,40 € / 1 Dc","1,20 €",MONTERDE
Despensa,Lácteos y huevos,Preparado Lácteo Max con Cereales 1 L,"1,89 € / 1 L","1,89 €",PULEVA
Despensa,Lácteos y huevos,Bebida de Soja Natural Ligera 1 L,"1,99 € / 1 L","1,99 €",ALPRO
Despensa,Lácteos y huevos,Batido de Cacao Pack de 6 6 x 200 ml,"1,17 € / 1 L","1,40 €",CONSUM
Despensa,Lácteos y huevos,Mantequilla - Pastilla de 250 Gr,"8,00 € / 1 Kg","2,00 €",CONSUM
Despensa,Lácteos y huevos,Activia 0% Edulcorado Desnatado Natural P-4ud 4 x 120 Gr,"5,81 € / 1 Kg","2,79 €",DANONE
Despensa,Lácteos y huevos,Bebida de Soja Brik 1 L,"1,89 € / 1 L","1,89 €",VIVESOY
Despensa,Lácteos y huevos,Bebida Soja Original Brik Sin Azúcares Añadidos 1 L,"0,80 € / 1 L","0,80 €",CONSUM
Despensa,Lácteos y huevos,Bebida de Soja Enriquecida con Calcio 1 L,"0,70 € / 1 L","0,70 €",CONSUM
Despensa,Lácteos y huevos,"Huevos Camperos 1/2 Docena 0,5 Dc","3,18 € / 1 Dc","1,59 €",MONTERDE
Despensa,Lácteos y huevos,Leche Semidesnatada sin Lactosa 1 L,"1,44 € / 1 L","1,44 €",PASCUAL
Despensa,Lácteos y huevos,Leche Desnatada sin Lactosa 1 L,"1,44 € / 1 L","1,44 €",PASCUAL
Despensa,Lácteos y huevos,Yogur Natural Azucarado S/Lactosa Pack de 4 Ud 4 x 125 Gr,"4,38 € / 1 Kg","2,19 €",KAIKU
Despensa,Lácteos y huevos,Caffè Latte Cappuccino 230 ml,"7,78 € / 1 L","1,79 €",KAIKU
Despensa,Lácteos y huevos,Caffè Latte Espresso 230 ml,"7,78 € / 1 L","1,79 €",KAIKU
Despensa,Lácteos y huevos,Leche Sin Lactosa Semidesnatada 1 L,"0,95 € / 1 L","0,95 €",CONSUM
Despensa,Lácteos y huevos,"Leche Semidesnatada Ecólogica, Brik 1 L","1,45 € / 1 L","1,45 €",PULEVA
Despensa,Lácteos y huevos,Bebida de Soja sabor Vainilla 1 L,"1,09 € / 1 L","1,09 €",CONSUM
Despensa,Lácteos y huevos,Bebida de Soja con Chocolate 1 L,"1,09 € / 1 L","1,09 €",CONSUM
Despensa,Lácteos y huevos,Flan de Huevo Equilibrio Desnatado Pack de 4 U. 4 x 100 Gr,"5,73 € / 1 Kg","2,29 €",REINA
Despensa,Lácteos y huevos,Postre Gelificado Sabor Fresa Pack de 6 U 6 x 100 Gr,"1,67 € / 1 Kg","1,00 €",CONSUM
Despensa,Lácteos y huevos,Leche Entera Sin Lactosa 1 L,"1,44 € / 1 L","1,44 €",PASCUAL
Despensa,Lácteos y huevos,Danonino Street Sabor Fresa Pack de 4 U 4 x 70 Gr,"9,25 € / 1 Kg","2,59 €",DANONE
Despensa,Lácteos y huevos,Batido de Fresa Pack de 6 6 x 200 ml,"1,29 € / 1 L","1,55 €",CONSUM KIDS
Despensa,Lácteos y huevos,Bebida de Arroz Brik 1 L,"1,70 € / 1 L","1,70 €",YOSOY
Despensa,Lácteos y huevos,Bebida de Avena Brik 1 L,"1,65 € / 1 L","1,65 €",YOSOY
Despensa,Lácteos y huevos,Natillas de Vainilla con Galleta Pack de 4 U. 4 x 125 Gr,"2,50 € / 1 Kg","1,25 €",CONSUM
Despensa,Lácteos y huevos,Arroz con Leche Pack de 4 Unidades 4 x 125 Gr,"2,82 € / 1 Kg","1,41 €",CONSUM
Despensa,Lácteos y huevos,Surtido de Flanes Pack de 6 Unidades 6 x 100 Gr,"5,42 € / 1 Kg","3,25 €",REINA
Despensa,Lácteos y huevos,Leche Evaporada Brik 525 Gr,"4,61 € / 1 Kg","2,42 €",IDEAL
Despensa,Lácteos y huevos,Leche de Cabra semidesnatada Botella 1 L,"2,15 € / 1 L","2,15 €",PULEVA
Despensa,Lácteos y huevos,Leche Condensada Entera Lata 1 Kg,"3,90 € / 1 Kg","3,90 €",CONSUM
Despensa,Lácteos y huevos,"Leche Condensada Desnatada Lata 1,04 Kg","3,85 € / 1 Kg","4,00 €",CONSUM
Despensa,Lácteos y huevos,Natillas de Vainilla Pack de 4 Unidades 4 x 125 Gr,"2,10 € / 1 Kg","1,05 €",CONSUM
Despensa,Lácteos y huevos,Natillas de Chocolate Pack de 4 Unidades 4 x 125 Gr,"2,10 € / 1 Kg","1,05 €",CONSUM
Despensa,Lácteos y huevos,Flan de Vainilla Pack de 6 Unidades 6 x 100 Gr,"1,67 € / 1 Kg","1,00 €",CONSUM
Despensa,Lácteos y huevos,Crema para Café Pack de 20 20 x 10 Gr,"5,50 € / 1 Kg","1,10 €",CAMPINA
Despensa,Lácteos y huevos,Danonino Petit Suisse Fresa y Plátano Pack 6 U 6 x 50 Gr,"4,77 € / 1 Kg","1,43 €",DANONE
Despensa,Lácteos y huevos,Danonino Petit Suisse Sabor Fresa Pack de 6 U 6 x 50 Gr,"4,77 € / 1 Kg","1,43 €",DANONE
Despensa,Lácteos y huevos,Postre de Soja Sabor Chocolate 4 x 100 Gr,"4,23 € / 1 Kg","1,69 €",CONSUM
Despensa,Lácteos y huevos,Yogur Natural Azucarado Pack de 12 Unidades 12 x 125 Gr,"1,53 € / 1 Kg","2,29 €",CONSUM
Despensa,Lácteos y huevos,Yogur Natural Pack de 12 Unidades 12 x 125 Gr,"1,53 € / 1 Kg","2,29 €",CONSUM
Despensa,Lácteos y huevos,Yogur 00% con Frutas Pack de 12 Unidades 12 x 125 Gr,"2,13 € / 1 Kg","3,19 €",CONSUM
Despensa,Lácteos y huevos,Cuajada Natural Pack de 4 Unidades 4 x 125 Gr,"2,58 € / 1 Kg","1,29 €",CONSUM
Despensa,Lácteos y huevos,Leche sin Lactosa Desnatada Brik 1 L,"0,93 € / 1 L","0,93 €",CONSUM
Despensa,Lácteos y huevos,Fresh Cream Nata Fresca 200 Gr,"12,25 € / 1 Kg","2,45 €",PRESIDENT
Despensa,Lácteos y huevos,Activia 0% Cremoso Frutas Silvestres Pack 4 4 x 120 Gr,"5,20 € / 1 Kg","2,39 €",DANONE
Despensa,Lácteos y huevos,Activia Cremoso Sabor Lima Limón 4 x 115 Gr,"5,20 € / 1 Kg","2,39 €",DANONE
Despensa,Lácteos y huevos,Cuajada de Oveja 140 Gr,"11,79 € / 1 Kg","1,65 €",GOSHUA
Despensa,Lácteos y huevos,Bebida de Avena Brik 1 L,"1,99 € / 1 L","1,99 €",VIVESOY
Despensa,Lácteos y huevos,Nata Líquida Cocinar Brik 500 ml,"2,90 € / 1 L","1,45 €",CONSUM
Despensa,Lácteos y huevos,Activia 0% Natural Bífidus Desnatado 12 x 120 Gr,"3,53 € / 1 Kg","5,09 €",DANONE
Despensa,Lácteos y huevos,Activia 0% Natural Edulcorado Pack 12 ud. 12 x 120 Gr,"3,53 € / 1 Kg","5,09 €",DANONE
Despensa,Lácteos y huevos,Bebida Avena Calcio Brik 1 L,"1,70 € / 1 L","1,70 €",YOSOY
Despensa,Lácteos y huevos,Bebida de Almendras Brik 1 L,"1,99 € / 1 L","1,99 €",ALMENDROLA
Despensa,Lácteos y huevos,Leche Entera Ecológica Brik 1 L,"1,45 € / 1 L","1,45 €",PULEVA
Despensa,Lácteos y huevos,Bebida de Coco Brik 1 L,"2,29 € / 1 L","2,29 €",ALPRO
Despensa,Lácteos y huevos,Mantequilla Tradicional Tarrina 250 Gr,"14,20 € / 1 Kg","3,55 €",ASTURIANA
Despensa,Lácteos y huevos,Nata sin Lactosa 200 ml,"8,25 € / 1 L","1,65 €",ASTURIANA
Despensa,Lácteos y huevos,Kéfir Vaca 500 Gr,"4,90 € / 1 Kg","2,45 €",EL PASTORET
Despensa,Lácteos y huevos,Preparado Lácteo Max sin Lactosa 1 L,"1,89 € / 1 L","1,89 €",PULEVA
Despensa,Lácteos y huevos,Yogur Sabor Macedonia Pack de 4 Unidades 4 x 120 Gr,"2,08 € / 1 Kg","1,00 €",DANONE
Despensa,Lácteos y huevos,Yogur Fresa Macedonia Plátano y Tarta de Queso 8 x 120 Gr,"2,07 € / 1 Kg","1,99 €",DANONE
Despensa,Lácteos y huevos,Danet de Chocolate Natillas Pack de 4 Und. 4 x 120 Gr,"4,15 € / 1 Kg","1,99 €",DANONE
Despensa,Lácteos y huevos,Danonino Petit Maxi Fresa y Plátano Pack 4 U 4 x 100 Gr,"5,28 € / 1 Kg","2,11 €",DANONE
Despensa,Lácteos y huevos,Flan de Huevo al Baño María 4 x 110 Gr,"4,98 € / 1 Kg","2,19 €",REINA
Despensa,Lácteos y huevos,Yogur Sabores Pack de 12 Unidades 12 x 125 Gr,"1,37 € / 1 Kg","2,05 €",CONSUM
Despensa,Lácteos y huevos,Batido Shake Vaso 200 ml,"8,20 € / 1 L","1,64 €",COLA CAO
Despensa,Lácteos y huevos,Leche Merengada Canela y Limón Brik 1 L,"1,90 € / 1 L","1,90 €",RAM
Despensa,Lácteos y huevos,Batido 0% Shake Vaso 200 ml,"8,20 € / 1 L","1,64 €",COLA CAO
Despensa,Lácteos y huevos,Yogur Desnatado Chocolate Fondant Pack4 4 x 125 Gr,"4,98 € / 1 Kg","2,49 €",SVELTESSE
Despensa,Lácteos y huevos,Caffè Latte Descafeinado 230 ml,"7,78 € / 1 L","1,79 €",KAIKU
Despensa,Lácteos y huevos,Caffè Latte Vainilla 230 ml,"7,78 € / 1 L","1,79 €",KAIKU
Despensa,Lácteos y huevos,Postre Gelificado Sabor Multifrutas Pack 6 6 x 100 Gr,"1,67 € / 1 Kg","1,00 €",CONSUM
Despensa,Lácteos y huevos,Natillas con Galleta Pack de 8 Unidades 8 x 125 Gr,"3,45 € / 1 Kg","3,45 €",REINA
Despensa,Lácteos y huevos,Bebida Avena Ecológica Brik 1 L,"1,99 € / 1 L","1,99 €",YOSOY
Despensa,Lácteos y huevos,Danet de Vainilla Natillas Pack de 8 Und. 8 x 120 Gr,"3,95 € / 1 Kg","3,79 €",DANONE
Despensa,Lácteos y huevos,Copa de Chocolate Nata Pack de 2 Unidades 2 x 110 Gr,"7,23 € / 1 Kg","1,59 €",DANONE
Despensa,Lácteos y huevos,Café Refrigerado Caramel Starbucks Macchiato 220 ml,"9,05 € / 1 L","1,99 €",STARBUCKS
Despensa,Lácteos y huevos,Arroz con Leche Pack de 4 Unidades 4 x 130 Gr,"4,02 € / 1 Kg","2,09 €",REINA
Despensa,Lácteos y huevos,Postre Sabor Galleta Pack de 2 Unidades 2 x 125 Gr,"6,36 € / 1 Kg","1,59 €",LA LECHERA
Despensa,Lácteos y huevos,Yogur Griego con Capa Mora - Frambuesa 4 x 125 Gr,"3,70 € / 1 Kg","1,85 €",CONSUM
Despensa,Lácteos y huevos,Activia 0% Cremoso Vainilla de Madagascar 4 x 115 Gr,"5,20 € / 1 Kg","2,39 €",DANONE
Despensa,Lácteos y huevos,Nata Cocina Pack de 3 Minibrik 3 x 200 ml,"2,92 € / 1 L","1,75 €",CONSUM
Despensa,Lácteos y huevos,Nata Montar Brik 500 ml,"3,30 € / 1 L","1,65 €",CONSUM
Despensa,Lácteos y huevos,"Huevo Campero L 1/2 Docena 0,5 Dc","4,02 € / 1 Dc","2,01 €",MONTERDE
Despensa,Lácteos y huevos,Yogur Sabor Coco Pack de 4 Unidades 4 x 120 Gr,"2,08 € / 1 Kg","1,00 €",DANONE
Despensa,Lácteos y huevos,Danacol Beber Natural 0% Azucares Añadidos 6 x 100 Gr,"7,48 € / 1 Kg","4,49 €",DANONE
Despensa,Lácteos y huevos,Nata Montar Pack de 3 Minibrik 3 x 200 ml,"3,25 € / 1 L","1,95 €",CONSUM
Despensa,Lácteos y huevos,Actimel Actikids 6+2 Sabor Fresa-Plátano 8 x 100 Gr,"4,74 € / 1 Kg","3,79 €",DANONE
Despensa,Lácteos y huevos,Leche en Polvo 1% de Materia Grasa 1 Kg,"8,45 € / 1 Kg","8,45 €",ASTURIANA
Despensa,Lácteos y huevos,Petit para Llevar Sabor Fresa Pack de 4 U 4 x 80 Gr,"4,66 € / 1 Kg","1,49 €",CONSUM KIDS
Despensa,Lácteos y huevos,Preparado cocinar Vegetal Soja 250 ml,"7,00 € / 1 L","1,75 €",ALPRO
Despensa,Lácteos y huevos,"Huevo XL Jumbo 1/2 Docena 0,5 Dc","4,04 € / 1 Dc","2,02 €",MONTERDE
Despensa,Lácteos y huevos,Preparado Lácteo Max con Cacao y Cereales P3 3 x 200 ml,"2,98 € / 1 L","1,79 €",PULEVA
Despensa,Lácteos y huevos,Batido al Cacao Botella 1 L,"2,05 € / 1 L","2,05 €",PULEVA
Despensa,Lácteos y huevos,Mantequilla Fácil Untar Ligera sin Lactosa Tarrina 250 Gr,"14,60 € / 1 Kg","3,65 €",ASTURIANA
Despensa,Lácteos y huevos,Danacol Beber Tropical 0% Azucares Añadidos 6 x 100 Gr,"7,48 € / 1 Kg","4,49 €",DANONE
Despensa,Lácteos y huevos,Danacol Natural 0% Azucares Añadidos 12 x 100 Gr,"6,08 € / 1 Kg","7,29 €",DANONE
Despensa,Lácteos y huevos,Danacol Sabor Fresa 0% Azucares Añadidos 12 x 100 Gr,"6,08 € / 1 Kg","7,29 €",DANONE
Despensa,Lácteos y huevos,Leche Condensada Entera 370 Gr,"6,22 € / 1 Kg","2,30 €",CONSUM
Despensa,Lácteos y huevos,Mousse de Café Pack de 4 Unidades 4 x 59 Gr,"8,43 € / 1 Kg","1,99 €",LA LECHERA
Despensa,Lácteos y huevos,Cuajada Natural Azucarada Pack de 2 U 2 x 135 Gr,"5,52 € / 1 Kg","1,49 €",DANONE
Despensa,Lácteos y huevos,Batido Cacao 0% Botella 1 L,"2,50 € / 1 L","2,50 €",CACAOLAT
Despensa,Lácteos y huevos,Bebida de Almendra sin Azúcar 1 L,"1,99 € / 1 L","1,99 €",ALMENDROLA
Despensa,Lácteos y huevos,Horchata Brik 1 L,"1,20 € / 1 L","1,20 €",OR XATA
Despensa,Lácteos y huevos,Leche Evaporada Pack de 3 3 x 200 ml,"2,72 € / 1 L","1,63 €",BENESTARE
Despensa,Lácteos y huevos,Leche Sin Lactosa Entera 1 L,"0,99 € / 1 L","0,99 €",CONSUM
Despensa,Lácteos y huevos,Nesquik Shake para Beber 180 ml,"8,28 € / 1 L","1,49 €",NESTLE
Despensa,Lácteos y huevos,Leche Sin Lactosa Desnatada Botella 1 L,"1,42 € / 1 L","1,42 €",PULEVA
Despensa,Lácteos y huevos,Leche Sin Lactosa Semidesnatada Botella 1 L,"1,42 € / 1 L","1,42 €",PULEVA
Despensa,Lácteos y huevos,Batido de Chocolate sin Lactosa Pack de 6 6 x 200 ml,"2,49 € / 1 L","2,99 €",PULEVA
Despensa,Lácteos y huevos,Yogur Original con Fresas Pack 2 Und. 2 x 135 Gr,"6,88 € / 1 Kg","1,79 €",DANONE
Despensa,Lácteos y huevos,Yogur Original Natural Azucarado Pack 2 Ud. 2 x 135 Gr,"6,12 € / 1 Kg","1,59 €",DANONE
Despensa,Lácteos y huevos,Yogur Original Natural Pack de 2 Unidades 2 x 135 Gr,"6,12 € / 1 Kg","1,59 €",DANONE
Despensa,Lácteos y huevos,Leche Condensada Entera Sirvefácil 450 Gr,"5,89 € / 1 Kg","2,65 €",CONSUM
Despensa,Lácteos y huevos,Leche Condensada Desnatada Sirvefácil 450 Gr,"6,56 € / 1 Kg","2,95 €",CONSUM
Despensa,Lácteos y huevos,Preparado Lácteo con Fibra Brik 1 L,"1,55 € / 1 L","1,55 €",PULEVA
Despensa,Lácteos y huevos,Yogur Cremoso 00% Natural Edulcorado 4 x 125 Gr,"2,10 € / 1 Kg","1,05 €",CONSUM
Despensa,Lácteos y huevos,Batido de Cacao Minibrik Pack de 6 6 x 200 ml,"2,90 € / 1 L","3,48 €",CACAOLAT
Despensa,Lácteos y huevos,Yogur Natural Artesano 500 Gr,"5,30 € / 1 Kg","2,65 €",EL PASTORET
Despensa,Lácteos y huevos,Leche Calcio sin Lactosa Semidesnatada Brik 1 L,"1,60 € / 1 L","1,60 €",PULEVA
Despensa,Lácteos y huevos,"Huevo Codorniz Cartón 18 Unidades 1,5 Dc","1,10 € / 1 Dc","1,65 €",MONTERDE
Despensa,Lácteos y huevos,Dulce de Leche Lata 397 Gr,"9,04 € / 1 Kg","3,59 €",LA LECHERA
Despensa,Lácteos y huevos,Tocino de Cielo Pack de 2 Unidades 2 x 100 Gr,"10,25 € / 1 Kg","2,05 €",REINA
Despensa,Lácteos y huevos,Bebida de Soja sin Azúcares Añadidos Brik 1 L,"1,35 € / 1 L","1,35 €",CONSUM ECO
Despensa,Lácteos y huevos,Bebida de Avena Brik 1 L,"1,49 € / 1 L","1,49 €",CONSUM ECO
Despensa,Lácteos y huevos,Yogur Griego Oikos con Manzana - Canela 2 x 110 Gr,"8,14 € / 1 Kg","1,79 €",DANONE
Despensa,Lácteos y huevos,Yogur Griego Oikos con Caramelo P-2 ud 2 x 110 Gr,"8,14 € / 1 Kg","1,79 €",DANONE
Despensa,Lácteos y huevos,Leche Entera Ecológica 1 L,"1,23 € / 1 L","1,23 €",CONSUM ECO
Despensa,Lácteos y huevos,Leche Semidesnatada Ecológica 1 L,"1,23 € / 1 L","1,23 €",CONSUM ECO
Despensa,Lácteos y huevos,Bebida de Almendras 0% Azúcar Brik 1 L,"1,35 € / 1 L","1,35 €",CONSUM
Despensa,Lácteos y huevos,Postre de Soja con Fruta Panaché de frutas 4 x 100 Gr,"4,63 € / 1 Kg","1,85 €",CONSUM
Despensa,Lácteos y huevos,Horchata Fresca Xufatopía 750 ml,"2,67 € / 1 L","2,00 €",BY PANACH
Despensa,Lácteos y huevos,Yogur Bífidus 00% con Melocotón P-4 ud. 4 x 125 Gr,"2,70 € / 1 Kg","1,35 €",CONSUM
Despensa,Lácteos y huevos,Yogur Bífidus 00% con Frutas del Bosque 4 x 125 Gr,"2,70 € / 1 Kg","1,35 €",CONSUM
Despensa,Lácteos y huevos,Yogur Bífidus 00% Natural Edulcorado 4 x 125 Gr,"1,98 € / 1 Kg","0,99 €",CONSUM
Despensa,Lácteos y huevos,Yogur Bífidus 00% Natural Pack 4 Unidades 4 x 125 Gr,"1,90 € / 1 Kg","0,95 €",CONSUM
Despensa,Lácteos y huevos,Yogur Bífidus con Cereales y Muesli 4 x 125 Gr,"2,70 € / 1 Kg","1,35 €",CONSUM
Despensa,Lácteos y huevos,Leche Entera Minibrick pack 6 6 x 200 ml,"2,34 € / 1 L","2,81 €",PASCUAL
Despensa,Lácteos y huevos,Leche sin Lactosa Entera Botella 1 L,"1,42 € / 1 L","1,42 €",PULEVA
Despensa,Lácteos y huevos,Yogur Bífidus 00% con Cereales y Muesli 4 x 125 Gr,"2,70 € / 1 Kg","1,35 €",CONSUM
Despensa,Lácteos y huevos,Bebida de Almendras Sin Azúcar Brik 1 L,"1,99 € / 1 L","1,99 €",ALPRO
Despensa,Lácteos y huevos,Jugo de Coco para Cocinar Lata 400 ml,"3,50 € / 1 L","1,40 €",AMPRO
Despensa,Lácteos y huevos,Batido Sabor Vainilla Botella 1 L,"1,20 € / 1 L","1,20 €",CONSUM
Despensa,Lácteos y huevos,Café Refrigerado Capuccino 250 ml,"3,16 € / 1 L","0,79 €",CONSUM
Despensa,Lácteos y huevos,Café Refrigerado Light 250 ml,"3,80 € / 1 L","0,95 €",CONSUM
Despensa,Lácteos y huevos,Café Refrigerado Machiatto 250 ml,"3,56 € / 1 L","0,89 €",CONSUM
Despensa,Lácteos y huevos,Bebida de Avena Minibrick 3 x 250 ml,"2,80 € / 1 L","2,10 €",YOSOY
Despensa,Lácteos y huevos,Café con Leche Deliss Botellín 220 ml,"5,77 € / 1 L","1,27 €",PULEVA
Despensa,Lácteos y huevos,Café con Leche Cappucino Botellín 220 ml,"5,77 € / 1 L","1,27 €",PULEVA
Despensa,Lácteos y huevos,Jugo de Coco Ligero para Cocinar Lata 400 ml,"3,98 € / 1 L","1,59 €",AMPRO
Despensa,Lácteos y huevos,Horchata Fresca Xufatopía 250 ml,"4,00 € / 1 L","1,00 €",BY PANACH
Despensa,Lácteos y huevos,Margarina Light Oliva Tarrina 250 Gr,"5,40 € / 1 Kg","1,35 €",CONSUM
Despensa,Lácteos y huevos,Fácil de Untar con Mantequilla 250 Gr,"8,60 € / 1 Kg","2,15 €",CONSUM
Despensa,Lácteos y huevos,Pannacotta Caramelo Pack de 2 Unidades 2 x 100 Gr,"9,25 € / 1 Kg","1,85 €",D.PASTICCERI
Despensa,Lácteos y huevos,"Huevo Campero Cocido 1/2 Docena 0,5 Dc","3,98 € / 1 Dc","1,99 €",MONTERDE
Despensa,Lácteos y huevos,Profiteroles de Nata Pack de 2 Unidades 2 x 90 Gr,"9,72 € / 1 Kg","1,75 €",D.PASTICCERI
Despensa,Lácteos y huevos,Skyr High Protein Desnatado Natural 150 Gr,"5,67 € / 1 Kg","0,85 €",EHRMANN
Despensa,Lácteos y huevos,Tiramisú Pack de 2 Unidades 2 x 80 Gr,"7,81 € / 1 Kg","1,25 €",CONSUM
Despensa,Lácteos y huevos,"Huevo Campero XL 1/2 Docena 0,5 Dc","4,42 € / 1 Dc","2,21 €",MONTERDE
Despensa,Lácteos y huevos,Yogur de Vaca Ecológico Natural Pack 2 Unidades 2 x 125 Gr,"6,20 € / 1 Kg","1,55 €",CONSUM ECO
Despensa,Lácteos y huevos,Postre Soja con Mango Sin Azúcares Añadidos 400 Gr,"6,48 € / 1 Kg","2,59 €",ALPRO
Despensa,Lácteos y huevos,Bebida de Avena sin Azúcar Brik 1 L,"1,99 € / 1 L","1,99 €",ALPRO
Despensa,Lácteos y huevos,Mousse de Chocolate con Leche 4 x 60 Gr,"4,38 € / 1 Kg","1,05 €",CONSUM
Despensa,Lácteos y huevos,Bebida de Arroz Ecológico Brik 1 L,"1,99 € / 1 L","1,99 €",YOSOY
Despensa,Lácteos y huevos,Bebida de Avena Chocolate Brik 1 L,"2,10 € / 1 L","2,10 €",YOSOY
Despensa,Lácteos y huevos,Café Espresso Refrigerado 250 ml,"3,16 € / 1 L","0,79 €",CONSUM
Despensa,Lácteos y huevos,Margarina Ligera Tarrina 500 Gr,"2,80 € / 1 Kg","1,40 €",CONSUM
Despensa,Lácteos y huevos,Margarina Vegetal Tarrina 500 Gr,"2,90 € / 1 Kg","1,45 €",CONSUM
Despensa,Lácteos y huevos,Bebida de Avena y Nueces Brik 1 L,"2,45 € / 1 L","2,45 €",YOSOY
Despensa,Lácteos y huevos,Kéfir Natural Pack 6 Unidades 6 x 100 Gr,"4,32 € / 1 Kg","2,59 €",NESTLE
Despensa,Lácteos y huevos,Yogur Griego Natural Pack de 4 Unidades 4 x 125 Gr,"2,24 € / 1 Kg","1,12 €",CONSUM
Despensa,Lácteos y huevos,Yogur Griego Natural Azucarado 4 x 125 Gr,"2,24 € / 1 Kg","1,12 €",CONSUM
Despensa,Lácteos y huevos,Yogur Griego Stracciatella P-4 ud 4 x 125 Gr,"2,66 € / 1 Kg","1,33 €",CONSUM
Despensa,Lácteos y huevos,Yogur Griego con Fresa Pack de 4 Unidades 4 x 125 Gr,"2,58 € / 1 Kg","1,29 €",CONSUM
Despensa,Lácteos y huevos,"Leche Entera Botella 1,5 L","0,98 € / 1 L","1,47 €",CONSUM
Despensa,Lácteos y huevos,"Leche Semidesnatada Botella 1,5 L","0,94 € / 1 L","1,41 €",CONSUM
Despensa,Lácteos y huevos,"Leche Desnatada Botella 1,5 L","0,92 € / 1 L","1,38 €",CONSUM
Despensa,Lácteos y huevos,Nata para Montar 500 ml - Refrigerada,"5,50 € / 1 L","2,75 €",ASTURIANA
Despensa,Lácteos y huevos,Yogur 00% Natural Pack de 4 Unidades 4 x 125 Gr,"1,54 € / 1 Kg","0,77 €",CONSUM
Despensa,Lácteos y huevos,Yogur 00% Natural Edulcorado 4 Unidades 4 x 125 Gr,"1,54 € / 1 Kg","0,77 €",CONSUM
Despensa,Lácteos y huevos,"Leche Semidesnatada Botella 2,2 L","1,11 € / 1 L","2,45 €",ASTURIANA
Despensa,Lácteos y huevos,Yogur Natural Pack de 4 Unidades 4 x 125 Gr,"1,58 € / 1 Kg","0,79 €",CONSUM
Despensa,Lácteos y huevos,Yogur Natural Azucarado Pack 4 Unidades 4 x 125 Gr,"1,58 € / 1 Kg","0,79 €",CONSUM
Despensa,Lácteos y huevos,Yogur 00% Sabor Fresa Pack de 4 Unidades 4 x 125 Gr,"1,90 € / 1 Kg","0,95 €",CONSUM
Despensa,Lácteos y huevos,Yogur 00% Sabor Limón Pack de 4 Unidades 4 x 125 Gr,"1,90 € / 1 Kg","0,95 €",CONSUM
Despensa,Lácteos y huevos,Yogur Sabor Fresa Pack 4 Unidades 4 x 125 Gr,"1,58 € / 1 Kg","0,79 €",CONSUM
Despensa,Lácteos y huevos,Yogur Sabor Macedonia Pack de 4 Unidades 4 x 125 Gr,"1,58 € / 1 Kg","0,79 €",CONSUM
Despensa,Lácteos y huevos,Yogur Sabor Coco Pack de 4 Unidades 4 x 125 Gr,"1,58 € / 1 Kg","0,79 €",CONSUM
Despensa,Lácteos y huevos,Yogur Sabor Limón Pack de 4 Unidades 4 x 125 Gr,"1,58 € / 1 Kg","0,79 €",CONSUM
Despensa,Lácteos y huevos,Batido de Chocolate 90% Leche Pack de 6 6 x 200 ml,"1,38 € / 1 L","1,65 €",CONSUM
Despensa,Lácteos y huevos,Batido de Chocolate Zero Minibrik Pack de 6 6 x 200 ml,"2,49 € / 1 L","2,99 €",PULEVA
Despensa,Lácteos y huevos,"Huevo Campero M Decena 0,83 Dc","2,64 € / 1 Dc","2,19 €",MONTERDE
Despensa,Lácteos y huevos,"Huevo Campero L Decena 0,83 Dc","3,65 € / 1 Dc","3,03 €",MONTERDE
Despensa,Lácteos y huevos,Yogur Sabor Fresa sin Lactosa P-4 unidades 4 x 125 Gr,"3,00 € / 1 Kg","1,50 €",CONSUM
Despensa,Lácteos y huevos,Bebida de Almendra sin Azúcar Brik 1 L,"1,99 € / 1 L","1,99 €",VIVESOY
Despensa,Lácteos y huevos,Kéfir Desnatado 0% Leche de Vaca 500 Gr,"4,90 € / 1 Kg","2,45 €",PASTORET
Despensa,Lácteos y huevos,Batido de Cacao Energy Minibrick Pack de 3 3 x 200 ml,"3,15 € / 1 L","1,89 €",COLA CAO
Despensa,Lácteos y huevos,Bebida de Arroz y Avellanas Brik 1 L,"2,10 € / 1 L","2,10 €",YOSOY
Despensa,Lácteos y huevos,Yogur Griego Oikos Sabor Lima Limón 4 x 110 Gr,"6,34 € / 1 Kg","2,79 €",DANONE
Despensa,Lácteos y huevos,Preparado para Cocinar Vegetal Avena Ecológico 200 ml,"8,95 € / 1 L","1,79 €",IDEAL
Despensa,Lácteos y huevos,Batido de Cacao Botellín Pack de 3 Más 1 4 x 200 ml,"3,33 € / 1 L","2,66 €",CACAOLAT
Despensa,Lácteos y huevos,Yogur Natural con Azúcar de Caña 4 x 125 Gr,"1,58 € / 1 Kg","0,79 €",CONSUM
Despensa,Lácteos y huevos,Kéfir Natural Líquido 500 Gr,"3,18 € / 1 Kg","1,59 €",CONSUM
Despensa,Lácteos y huevos,Yogur Natural 00% sin Lactosa 4 x 125 Gr,"2,80 € / 1 Kg","1,40 €",CONSUM
Despensa,Lácteos y huevos,Postre de Soja Natural 4 x 100 Gr,"3,13 € / 1 Kg","1,25 €",CONSUM
Despensa,Lácteos y huevos,Yogur Sabor Plátano Pack de 4 Unidades 4 x 120 Gr,"2,08 € / 1 Kg","1,00 €",DANONE
Despensa,Lácteos y huevos,"Huevo Ecológico L-XL 1/2 Docena 0,5 Dc","5,98 € / 1 Dc","2,99 €",MONTERDE
Despensa,Lácteos y huevos,Yogur Natural de Cabra Pack de 2 Unidades 2 x 125 Gr,"7,56 € / 1 Kg","1,89 €",GRANJA RINYA
Despensa,Lácteos y huevos,Flan de Café Pack de 4 Unidades 4 x 100 Gr,"5,48 € / 1 Kg","2,19 €",REINA
Despensa,Lácteos y huevos,Bebida de Avena con Calcio Brik 1 L,"1,20 € / 1 L","1,20 €",CONSUM
Despensa,Lácteos y huevos,Bebida de Arroz con Calcio Brik 1 L,"1,10 € / 1 L","1,10 €",CONSUM
Despensa,Lácteos y huevos,Nata Spray sin Lactosa Bote 250 ml,"11,00 € / 1 L","2,75 €",ASTURIANA
Despensa,Lácteos y huevos,Mousse Dúo Chocolate Blanco y con Leche 4 x 59 Gr,"8,43 € / 1 Kg","1,99 €",LA LECHERA
Despensa,Lácteos y huevos,Batido con Toppings de Galleta Vaso 200 ml,"8,80 € / 1 L","1,76 €",OREO
Despensa,Lácteos y huevos,Yogucol 0% Sabor Fresa 8 x 100 Gr,"3,74 € / 1 Kg","2,99 €",CONSUM
Despensa,Lácteos y huevos,Postre Gelificado 00% Sabor Fresa 4 x 100 Gr,"1,75 € / 1 Kg","0,70 €",CONSUM
Despensa,Lácteos y huevos,Postre Gelificado 00% Sabor Tropical 4 x 100 Gr,"1,75 € / 1 Kg","0,70 €",CONSUM
Despensa,Lácteos y huevos,Bebida Láctea 0%0% Proteína Sabor Chocolate 330 ml,"5,61 € / 1 L","1,85 €",CONSUM
Despensa,Lácteos y huevos,Bebida de Soja sin Azúcar Brik 1 L,"1,99 € / 1 L","1,99 €",ALPRO
Despensa,Lácteos y huevos,Bebida Avena con Café Vaso 230 ml,"5,00 € / 1 L","1,15 €",LA VEVIDA
Despensa,Lácteos y huevos,Gelatina Proteína 00% Plus Sabor Frutos Rojos 4 x 100 Gr - Refrigerado,"3,88 € / 1 Kg","1,55 €",CONSUM
Despensa,Lácteos y huevos,Flan Vainilla 00% Pack de 4 Unidades 4 x 100 Gr,"2,88 € / 1 Kg","1,15 €",CONSUM
Despensa,Lácteos y huevos,Yogur Natural Pack 2 Unidades 2 x 125 Gr,"4,76 € / 1 Kg","1,19 €",CONSUM
Despensa,Lácteos y huevos,Yogur Natural Azucarado 2 x 125 Gr,"4,76 € / 1 Kg","1,19 €",CONSUM
Despensa,Lácteos y huevos,Yogur con Fresa Pack 2 Unidades 2 x 125 Gr,"5,16 € / 1 Kg","1,29 €",CONSUM
Despensa,Lácteos y huevos,Yogur con Melocotón Pack 2 Unidad 2 x 125 Gr,"5,16 € / 1 Kg","1,29 €",CONSUM
Despensa,Lácteos y huevos,Leche Fresca Semidesnatada 1 L,"1,69 € / 1 L","1,69 €",PULEVA
Despensa,Lácteos y huevos,Yogur Plátano y Fresa Pack 2 Tarritos 240 Gr,"11,63 € / 1 Kg","2,79 €",HERO BABY
Despensa,Lácteos y huevos,Postre Proteico 0% Sabor Chocolate 200 Gr,"7,75 € / 1 Kg","1,55 €",CONSUM
Despensa,Lácteos y huevos,Postre Proteico 0% Sabor Vainilla 200 Gr,"7,75 € / 1 Kg","1,55 €",CONSUM
Despensa,Lácteos y huevos,Yogur Sabor Vainilla con Bolitas de Chocolate 2 x 122 Gr,"4,51 € / 1 Kg","1,10 €",CONSUM KIDS
Despensa,Lácteos y huevos,Huevos S/M Medianos 24 Unidades 2 Dc,"1,90 € / 1 Dc","3,80 €",MONTERDE
Despensa,Lácteos y huevos,"Maxi Petit Fresa, Plátano y Fresa-Plátano 6 x 100 Gr","2,48 € / 1 Kg","1,49 €",CONSUM KIDS
Despensa,Lácteos y huevos,Nata Montada Spray Bote 250 Gr,"6,00 € / 1 Kg","1,50 €",CHANTILLY
Despensa,Lácteos y huevos,Clara de Huevo Botella 300 ml,"5,17 € / 1 L","1,55 €",MONTERDE
Despensa,Lácteos y huevos,Clara de Huevo Botella 1 L,"2,60 € / 1 L","2,60 €",MONTERDE
Despensa,Lácteos y huevos,Margarina Oliva Tarrina 225 Gr,"8,84 € / 1 Kg","1,99 €",FLORA
Despensa,Lácteos y huevos,Bebida de Avena 0% Azúcar Brik 1 L,"1,85 € / 1 L","1,85 €",YOSOY
Despensa,Lácteos y huevos,Coulant de Chocolate 2 x 90 Gr,"13,61 € / 1 Kg","2,45 €",MAISON
Despensa,Lácteos y huevos,Fácil Untar con Sal Tarrina 200 Gr,"19,95 € / 1 Kg","3,99 €",LURPAK
Despensa,Lácteos y huevos,"Leche Entera Botella 2,2 L","1,11 € / 1 L","2,45 €",ASTURIANA
Despensa,Lácteos y huevos,Postre Soja Frutos Rojos con Datiles sin azúcar 400 Gr,"6,48 € / 1 Kg","2,59 €",ALPRO
Despensa,Lácteos y huevos,Mousse Proteína 0% Sabor Chocolate 150 Gr,"10,60 € / 1 Kg","1,59 €",VALIO
Despensa,Lácteos y huevos,Copa Chocolate Proteica 200 Gr - Refrigerado,"9,45 € / 1 Kg","1,89 €",EHRMANN
Despensa,Lácteos y huevos,Bebida de Avena Chocolate Minibrick 3 x 250 ml,"3,07 € / 1 L","2,30 €",YOSOY
Despensa,Lácteos y huevos,Yogur Líquido 00% Mango-Maracuyá 1000 Gr,"1,50 € / 1 Kg","1,50 €",CONSUM
Despensa,Lácteos y huevos,Yogur Líquido con Fresa 1000 Gr,"1,45 € / 1 Kg","1,45 €",CONSUM
Despensa,Lácteos y huevos,Yogur Líquido con Frutas del Bosque 1500 Gr,"1,37 € / 1 Kg","2,05 €",CONSUM
Despensa,Lácteos y huevos,Yogur Líquido con Fresa-Plátano 1500 Gr,"1,37 € / 1 Kg","2,05 €",CONSUM
Despensa,Lácteos y huevos,Yogur Líquido 00% con Fresa 1000 Gr,"1,50 € / 1 Kg","1,50 €",CONSUM
Despensa,Lácteos y huevos,Yogur Líquido con Piña-Coco 1000 Gr,"1,45 € / 1 Kg","1,45 €",CONSUM
Despensa,Lácteos y huevos,Yogur Líquido Melocotón-Maracuyá 1000 Gr,"1,45 € / 1 Kg","1,45 €",CONSUM
Despensa,Lácteos y huevos,Yogur Líquido con Fresa-Plátano 1000 Gr,"1,45 € / 1 Kg","1,45 €",CONSUM
Despensa,Lácteos y huevos,Margarina Proactive Tarrina 225 Gr,"13,11 € / 1 Kg","2,95 €",FLORA
Despensa,Lácteos y huevos,Yogur Líquido Natural Azucarado 1000 Gr,"1,45 € / 1 Kg","1,45 €",CONSUM
Despensa,Lácteos y huevos,Postre de Coco Natural 350 Gr,"7,40 € / 1 Kg","2,59 €",ALPRO
Despensa,Lácteos y huevos,Margarina Vegetal Tarrina 400 Gr,"7,38 € / 1 Kg","2,95 €",FLORA
Despensa,Lácteos y huevos,Bebida Láctea con Fresa 12 x 100 Gr,"2,04 € / 1 Kg","2,45 €",CONSUM
Despensa,Lácteos y huevos,Huevo L/XL Docena 1 Dc,"3,09 € / 1 Dc","3,09 €",MONTERDE
Despensa,Lácteos y huevos,Leche Semi sin Lactosa Minibrick Pack de 3 3 x 200 ml,"2,17 € / 1 L","1,30 €",ASTURIANA
Despensa,Lácteos y huevos,"Leche Desnatada Brik 1,5 L","1,03 € / 1 L","1,55 €",RIO
Despensa,Lácteos y huevos,"Leche Semidesnatada Brik 1,5 L","1,03 € / 1 L","1,55 €",RIO
Despensa,Lácteos y huevos,"Leche Entera Brik 1,5 L","1,03 € / 1 L","1,55 €",RIO
Despensa,Lácteos y huevos,Bebida de Almendra Barista Brik 1 L,"1,99 € / 1 L","1,99 €",ALMENDROLA
Despensa,Lácteos y huevos,Bebida No es Leche Avena y Soja Brik 1 L,"1,85 € / 1 L","1,85 €",YOSOY
Despensa,Lácteos y huevos,Bebida de Avena Sin Azúcar Brik 1 L,"1,99 € / 1 L","1,99 €",VIVESOY
Despensa,Lácteos y huevos,Proteico Natural 0%0% Plus 500 Gr - Refrigerado,"3,10 € / 1 Kg","1,55 €",CONSUM
Despensa,Lácteos y huevos,Yogur Griego Natural 500 Gr,"4,50 € / 1 Kg","2,25 €",REINA
Despensa,Lácteos y huevos,Yogur Griego con Nueces Azucarado 4 x 125 Gr,"3,18 € / 1 Kg","1,59 €",CONSUM
Despensa,Lácteos y huevos,Yogur Griego con Limón Azucarado 4 x 125 Gr,"2,58 € / 1 Kg","1,29 €",CONSUM
Despensa,Lácteos y huevos,Actimel Natural 0%0% Pack 6 6 x 100 Gr,"6,32 € / 1 Kg","3,79 €",DANONE
Despensa,Lácteos y huevos,Puleva Buenas Noches Brik 1 L,"1,65 € / 1 L","1,65 €",PULEVA
Despensa,Lácteos y huevos,Bebida Láctea 0%0% Proteína Sabor Vainilla 330 ml,"5,61 € / 1 L","1,85 €",CONSUM
Despensa,Lácteos y huevos,Bebida de Avena Barista Brik 1 L,"2,19 € / 1 L","2,19 €",VIVESOY
Despensa,Lácteos y huevos,Batido de Cacao Energy Botellin pack de4 4 x 188 ml,"3,52 € / 1 L","2,65 €",COLA CAO
Despensa,Lácteos y huevos,"Leche Desnatada Botella 2,2 L","1,11 € / 1 L","2,45 €",ASTURIANA
Despensa,Lácteos y huevos,Bebida de Soja Chocolate P3 3 x 250 ml,"3,72 € / 1 L","2,79 €",ALPRO
Despensa,Lácteos y huevos,Mousse Proteína 0% Sabor Capuccino 150 Gr,"10,60 € / 1 Kg","1,59 €",VALIO
Despensa,Lácteos y huevos,Proteico 0%0% Sabor Fresa 4 x 100 Gr,"3,48 € / 1 Kg","1,39 €",MARGUI
Despensa,Lácteos y huevos,Proteico 0%0% Sabor Arándano 4 x 100 Gr,"3,48 € / 1 Kg","1,39 €",MARGUI
Despensa,Lácteos y huevos,Leche Desnatada Sin Lactosa Proteina 1 L,"1,65 € / 1 L","1,65 €",PULEVA
Despensa,Lácteos y huevos,Bebida de Almendra con Calcio Brik 1 L,"1,35 € / 1 L","1,35 €",CONSUM
Despensa,Lácteos y huevos,Bebida de Avellana con Calcio Brik 1 L,"1,35 € / 1 L","1,35 €",CONSUM
Despensa,Lácteos y huevos,Postre de Soja con Coco 400 Gr,"5,73 € / 1 Kg","2,29 €",ALPRO
Despensa,Lácteos y huevos,Postre Soja Sabor Vainilla 400 Gr,"5,73 € / 1 Kg","2,29 €",ALPRO
Despensa,Lácteos y huevos,Postre de Soja con Arándanos 400 Gr,"5,73 € / 1 Kg","2,29 €",ALPRO
Despensa,Lácteos y huevos,Kéfir Natural 500 Gr,"2,80 € / 1 Kg","1,40 €",MARGUI
Despensa,Lácteos y huevos,Batido de Cacao Energy 0% pack 4 4 x 188 ml,"3,71 € / 1 L","2,79 €",COLA CAO
Despensa,Lácteos y huevos,Flan de Clara de Huevo Rico en Proteínas 0%0% 2 x 160 Gr,"6,53 € / 1 Kg","2,09 €",REINA
Despensa,Lácteos y huevos,"Huevo Ecológico Decena Diferentes Calibres 0,83 Dc","4,81 € / 1 Dc","3,99 €",MONTERDE
Despensa,Lácteos y huevos,Yogur 0%0% Proteína Sabor Stracciatella 4 x 105 Gr,"4,74 € / 1 Kg","1,99 €",DANONE
Despensa,Lácteos y huevos,Yogur 0%0% Proteína Natural 4 x 105 Gr,"4,74 € / 1 Kg","1,99 €",DANONE
Despensa,Lácteos y huevos,Copa Cacao y Nata 4 x 115 Gr,"3,04 € / 1 Kg","1,40 €",CONSUM
Despensa,Lácteos y huevos,Yogur con Frutas Pack de 8 unidades 8 x 125 Gr,"2,10 € / 1 Kg","2,10 €",CONSUM
Despensa,Lácteos y huevos,Yogur Sabor Galleta Pack de 4 unidades 4 x 120 Gr,"2,08 € / 1 Kg","1,00 €",DANONE
Despensa,Lácteos y huevos,Postre de Soja Skyr Sabor Fresa 400 Gr,"6,48 € / 1 Kg","2,59 €",ALPRO
Despensa,Lácteos y huevos,Crema Catalana Pack de 2 Unidades 2 x 100 Gr,"8,95 € / 1 Kg","1,79 €",DHUL
Despensa,Cocina internacional,Tortillas de Trigo Paquete 8 Unidades 326 Gr,"6,42 € / 1 Kg","2,45 €
2,09 €",OLD EL PASO
Despensa,Cocina internacional,Sazonador para Fajita 30 Gr,"3,96 € / 100 Gr","1,39 €
1,19 €",OLD EL PASO
Despensa,Cocina internacional,Fideos Orientales Pollo Yatekomo 60 Gr,"25,83 € / 1 Kg","1,55 €",G.BLANCA
Despensa,Cocina internacional,Gyoza de Carne al Vapor 170 Gr,"22,57 € / 1 Kg","3,79 €
3,25 €",TA-TUNG
Despensa,Cocina internacional,Fideos Orientales Curry Yatekomo 61 Gr,"26,07 € / 1 Kg","1,59 €",G.BLANCA
Despensa,Cocina internacional,Tortillas Wraps de Trigo Paquete 6 Unidades 350 Gr,"8,26 € / 1 Kg","3,39 €
2,89 €",OLD EL PASO
Despensa,Cocina internacional,Alga Sushi Nori 11 Gr,"16,27 € / 100 Gr","2,35 €
1,79 €",BLUE DRAGON
Despensa,Cocina internacional,Tortilla Pocket Paquete 8 Unidades 223 Gr,"12,96 € / 1 Kg","3,39 €
2,89 €",OLD EL PASO
Despensa,Cocina internacional,Tortillas Integrales 8 Unidades 320 Gr,"4,53 € / 1 Kg","1,55 €
1,45 €",CONSUM
Despensa,Cocina internacional,Tacos de Maíz y Trigo 8 Unidades 200 Gr,"8,25 € / 1 Kg","2,05 €
1,65 €",MISSION
Despensa,Cocina internacional,Nachos Tortilla Chips Bolsa 200 Gr,"11,25 € / 1 Kg","2,25 €",MISSION
Despensa,Cocina internacional,Arroz 3 Delicias 250 Gr,"10,20 € / 1 Kg","2,99 €
2,55 €",TA-TUNG
Despensa,Cocina internacional,Obleas de Arroz Paquete 150 Gr,"9,94 € / 1 Kg","1,99 €
1,49 €",YANG-TSE
Despensa,Cocina internacional,Tortilla Chip Sal 200 Gr,"8,25 € / 1 Kg","1,65 €",ZANUY
Despensa,Cocina internacional,Yakisoba de Pollo Yatekomo 93 Gr,"20,97 € / 1 Kg","1,95 €",G.BLANCA
Despensa,Cocina internacional,Yakisoba Classic Yatekomo 93 Gr,"20,97 € / 1 Kg","1,95 €",G.BLANCA
Despensa,Cocina internacional,Platanitos Maduros Bolsa 71 Gr,"19,01 € / 1 Kg","1,35 €",SOLDANZA
Despensa,Cocina internacional,Rollitos de Primavera 280 Gr,"9,96 € / 1 Kg","2,79 €",TA-TUNG
Despensa,Cocina internacional,Yuquitas Bolsa 45 Gr,"3,00 € / 100 Gr","1,35 €",SOLDANZA
Despensa,Cocina internacional,Tortillas de Trigo Integrales 6 Unidades 350 Gr,"9,69 € / 1 Kg","3,39 €",OLD EL PASO
Despensa,Cocina internacional,Chili con Carne Lata 418 Gr,"11,46 € / 1 Kg","4,79 €",OLD EL PASO
Despensa,Cocina internacional,Fajita Kit 500 Gr,"11,98 € / 1 Kg","5,99 €",OLD EL PASO
Despensa,Cocina internacional,Sazonador Guacamole 20 Gr,"6,95 € / 100 Gr","1,39 €",OLD EL PASO
Despensa,Cocina internacional,Harina de Maíz Paquete 1 Kg,"2,55 € / 1 Kg","2,55 €",DOÑAREPA
Despensa,Cocina internacional,Sazonador Burritos Sobre 40 Gr,"3,48 € / 100 Gr","1,39 €",OLD EL PASO
Despensa,Cocina internacional,Wasabi Pasta 45 Gr,"5,98 € / 100 Gr","2,69 €",BLUE DRAGON
Despensa,Cocina internacional,Tallarines de Arroz 250 Gr,"8,60 € / 1 Kg","2,15 €",GO-TAN
Despensa,Cocina internacional,"Sopa Deshidratada Thaï Fideos, Setas y Coco 69 Gr","24,49 € / 1 Kg","1,69 €",KNORR
Despensa,Cocina internacional,Tortilla Nachips Bolsa 185 Gr,"14,86 € / 1 Kg","2,75 €",OLD EL PASO
Despensa,Cocina internacional,Fideos Chinos Con Huevo 250 Gr,"6,68 € / 1 Kg","1,67 €",SOUBRY
Despensa,Cocina internacional,Nachos con Chia Paquete 130 Gr,"10,77 € / 1 Kg","1,40 €",ZANUY
Despensa,Cocina internacional,Nachos de Maíz Fritos Sabor Natural 300 Gr,"8,83 € / 1 Kg","2,65 €",MEXIFOODS
Despensa,Cocina internacional,Platanitos Salados Bolsa 71 Gr,"19,01 € / 1 Kg","1,35 €",SOLDANZA
Despensa,Cocina internacional,Fideos Vermicelli Bolsa 250 Gr,"7,96 € / 1 Kg","1,99 €",YANG-TSE
Despensa,Cocina internacional,Frijoles Negros Guisados Bote 425 Gr,"5,39 € / 1 Kg","2,29 €",GOYA
Despensa,Cocina internacional,Wraps Semillas Paqueta 6 Unidades 240 Gr,"7,04 € / 1 Kg","1,69 €",ZANUY
Despensa,Cocina internacional,Fideos Orientales Hot&Spicy Yatekomo 60 Gr,"26,50 € / 1 Kg","1,59 €",G.BLANCA
Despensa,Cocina internacional,Mini Tortilla Trigo Paquete 8 Unidades 220 Gr,"11,14 € / 1 Kg","2,45 €",OLD EL PASO
Despensa,Cocina internacional,"Prosecco D.O.C.Treviso GI17 0,75 L","12,92 € / 1 L","9,69 €",MIONETTO
Despensa,Cocina internacional,Arroz Sushi Paquete 500 Gr,"3,64 € / 1 Kg","1,82 €",TILDASUNDARI
Despensa,Cocina internacional,Crema de Sesamo Tahini Tarro 200 Gr,"14,75 € / 1 Kg","2,95 €",EOS
Despensa,Cocina internacional,Arroz con Pollo al Curry 280 Gr,"10,18 € / 1 Kg","2,85 €",DELINATUR
Despensa,Cocina internacional,Pollo y Almendras con arroz 280 Gr,"11,75 € / 1 Kg","3,29 €",DELINATUR
Despensa,Cocina internacional,Gyoza de Pollo al Vapor 170 Gr,"26,32 € / 1 Kg","3,79 €",TA-TUNG
Despensa,Cocina internacional,Salsa Tikka Masala Frasco 450 Gr,"6,64 € / 1 Kg","2,99 €",PATAK´S
Despensa,Cocina internacional,Salsa Guacamole Frasco 320 Gr,"10,59 € / 1 Kg","3,39 €",OLD EL PASO
Despensa,Cocina internacional,Salsa de Queso Frasco 320 Gr,"11,22 € / 1 Kg","3,59 €",OLD EL PASO
Despensa,Cocina internacional,Salsa Mejicana Frasco 312 Gr,"10,87 € / 1 Kg","3,39 €",OLD EL PASO
Despensa,Cocina internacional,Pollo Tikka Masala con Cuscús 280 Gr,"11,75 € / 1 Kg","3,29 €",DELINATUR
Despensa,Cocina internacional,Cochinita Pibil 180 Gr,"19,44 € / 1 Kg","3,50 €",PEKIS
Despensa,Cocina internacional,Tortillas de Maíz Sin Gluten 6 Unidades 216 Gr,"15,69 € / 1 Kg","3,39 €",OLD EL PASO
Despensa,Cocina internacional,Salsa Mexicana Queso Tarro 300 Gr,"5,63 € / 1 Kg","1,69 €",CONSUM
Despensa,Cocina internacional,Salsa Mexicana Tarro 300 Gr,"5,63 € / 1 Kg","1,69 €",CONSUM
Despensa,Cocina internacional,Salsa Guacamole Tarro 300 Gr,"5,63 € / 1 Kg","1,69 €",CONSUM
Despensa,Cocina internacional,Tortillas de Maíz y Trigo de Trigo. 8 Unidades 335 Gr,"10,12 € / 1 Kg","3,39 €",OLD EL PASO
Despensa,Cocina internacional,Nachos Mexican Bolsa 150 Gr,"6,33 € / 1 Kg","0,95 €",CONSUM
Despensa,Cocina internacional,Sazonador para Burritos 30 Gr,"3,30 € / 100 Gr","0,99 €",CONSUM
Despensa,Cocina internacional,Sazonador para Fajitas 30 Gr,"3,30 € / 100 Gr","0,99 €",CONSUM
Despensa,Cocina internacional,Tortillas de Trigo 8 Unidades 320 Gr,"3,59 € / 1 Kg","1,15 €",CONSUM
Despensa,Cocina internacional,Tortillas de Maíz 10 Unidades 250 Gr,"7,96 € / 1 Kg","1,99 €",CONSUM
Despensa,Cocina internacional,Tortillas Wrap de Trigo 6 Unidades 370 Gr,"4,32 € / 1 Kg","1,60 €",CONSUM
Despensa,Cocina internacional,Nachos Blancos Bolsa 150 Gr,"6,00 € / 1 Kg","0,90 €",CONSUM
Despensa,Cocina internacional,Jalapeños en Rodajas Bote 125 Gr,"18,32 € / 1 Kg","2,29 €",CONSUM
Despensa,Cocina internacional,Frijoles Rojos Guisados en Salsa 425 Gr,"5,39 € / 1 Kg","2,29 €",GOYA
Despensa,Cocina internacional,Doritos Dippas Bolsa 150 Gr,"13,27 € / 1 Kg","1,99 €",DORITOS
Despensa,Cocina internacional,Fideos Vermicellis de Arroz 250 Gr,"9,40 € / 1 Kg","2,35 €",TIGER KHAN
Despensa,Cocina internacional,Salsa Agripicante con Chili Dulce 300 ml,"9,67 € / 1 L","2,90 €",TIGER KHAN
Despensa,Cocina internacional,Aceite de Sésamo Botella 200 ml,"19,00 € / 1 L","3,80 €",TIGER KHAN
Despensa,Cocina internacional,Sriracha Mayo Botella 200 ml,"16,45 € / 1 L","3,29 €",FLYING DRAGO
Despensa,Cocina internacional,Fideos Asiáticos Udon Paquete 300 Gr,"8,50 € / 1 Kg","2,55 €",TIGER KHAN
Despensa,Cocina internacional,Vinagre de Arroz Botella 200 ml,"11,45 € / 1 L","2,29 €",TIGER KHAN
Despensa,Cocina internacional,Pan de Gamba Bolsa 50 Gr,"27,00 € / 1 Kg","1,35 €",ZANUY
Despensa,Cocina internacional,Salsa de Ostras Botella 300 ml,"9,50 € / 1 L","2,85 €",TIGER KHAN
Despensa,Cocina internacional,Salsa Hoisin Botella 300 ml,"11,97 € / 1 L","3,59 €",TIGER KHAN
Despensa,Cocina internacional,Salsa Soja Baja en Sal y Sin Gluten 150 ml,"13,27 € / 1 L","1,99 €",TIGER KHAN
Despensa,Cocina internacional,Tortillas Wraps Finas Paquete 6 Unidades 192 Gr,"17,66 € / 1 Kg","3,39 €",OLD EL PASO
Despensa,Cocina internacional,Fideos Orientales Sabor Teriyaki 130 Gr,"15,00 € / 1 Kg","1,95 €",MAGGI
Despensa,Cocina internacional,Salsa Teriyaki Botella 300 ml,"9,17 € / 1 L","2,75 €",TIGER KHAN
Despensa,Cocina internacional,Tallarines al Wok 250 Gr,"11,96 € / 1 Kg","2,99 €",TA-TUNG
Despensa,Cocina internacional,Fideos Yakisoba 250 Gr,"15,96 € / 1 Kg","3,99 €",TA-TUNG
Despensa,Cocina internacional,Salsa Agridulce Frasco 300 ml,"9,83 € / 1 L","2,95 €",TIGER KHAN
Despensa,Cocina internacional,Yatekomo de Gambas Vaso 60 Gr,"25,83 € / 1 Kg","1,55 €",G.BLANCA
Despensa,Cocina internacional,Jengibre Rosa Bote 110 Gr,"24,09 € / 1 Kg","2,65 €",TIGER KHAN
Despensa,Cocina internacional,Tostones Patacones Bolsa 60 Gr,"22,50 € / 1 Kg","1,35 €",SOLDANZA
Despensa,Nutrición y dietética,"Tortitas Arroz Sabor Yogur Paquete 130,4 Gr","14,19 € / 1 Kg","2,29 €
1,85 €",BICENTURY
Despensa,Nutrición y dietética,Tortitas de Arroz Chocolate Negro 130 Gr,"14,23 € / 1 Kg","2,29 €
1,85 €",BICENTURY
Despensa,Nutrición y dietética,Tortitas de Arroz Chocolate con Leche 130 Gr,"14,23 € / 1 Kg","2,29 €
1,85 €",BICENTURY
Despensa,Nutrición y dietética,Yogur Líquido 0%0% Proteina Fresa-Frambuesa 300 ml,"6,63 € / 1 L","2,49 €
1,99 €",YOPRO DANONE
Despensa,Nutrición y dietética,Real Whey Chocolate 100% Whey Protein 400 Gr,"37,25 € / 1 Kg","14,90 €",PROZIS
Despensa,Nutrición y dietética,Monohidrato de Creatina 150 Gr,"119,93 € / 1 Kg","17,99 €",PROZIS
Despensa,Nutrición y dietética,Tortita Arroz Integral con Chocolate Negro 130 Gr,"15,77 € / 1 Kg","2,55 €
2,05 €",BICENTURY
Despensa,Nutrición y dietética,Postre 0%0% Proteico Plátano y Cacahuete 2 x 160 Gr,"6,22 € / 1 Kg","2,69 €
1,99 €",YOPRO DANONE
Despensa,Nutrición y dietética,100% Real Whey Protein Cookies and Cream 400 Gr,"37,25 € / 1 Kg","14,90 €",PROZIS
Despensa,Nutrición y dietética,30% Protein Bar Brownie 3 uds 90 Gr,"35,56 € / 1 Kg","3,20 €",JUST LOADING
Despensa,Nutrición y dietética,30% Protein Bar Stracciatella 3 uds 90 Gr,"35,00 € / 1 Kg","3,15 €",JUST LOADING
Despensa,Nutrición y dietética,Aminoácidos BCAA Cápsulas 90 U,"0,11 € / 1 U","9,99 €",PROZIS
Despensa,Nutrición y dietética,Postre 0% Proteico Pudding Caramelo 180 Gr,"7,72 € / 1 Kg","1,79 €
1,39 €",YOPRO DANONE
Despensa,Nutrición y dietética,Postre 0%0% Proteico Stracciatella 2 x 160 Gr,"6,22 € / 1 Kg","2,69 €
1,99 €",YOPRO DANONE
Despensa,Nutrición y dietética,Bebida Láctea 0%0% Proteína Plátano 4 x 100 Gr,"6,23 € / 1 Kg","2,99 €
2,49 €",YOPRO DANONE
Despensa,Nutrición y dietética,Bebida Láctea 0%0% Proteína Frutos Rojos 4 x 100 ml,"6,23 € / 1 L","2,99 €
2,49 €",YOPRO DANONE
Despensa,Nutrición y dietética,Bebida láctea 0%0% Proteína Stracciatella 300 ml,"6,63 € / 1 L","2,49 €
1,99 €",YOPRO DANONE
Despensa,Nutrición y dietética,Postre Proteico 0%0% Sabor Vainilla 2 x 160 Gr,"6,22 € / 1 Kg","2,69 €
1,99 €",YOPRO DANONE
Despensa,Nutrición y dietética,Tortitas de Arroz Integral Paquete 130 Gr,"13,46 € / 1 Kg","1,75 €",BICENTURY
Despensa,Nutrición y dietética,Tortitas Maiz Sin Glutén Paquete 130 Gr,"13,46 € / 1 Kg","1,75 €",BICENTURY
Despensa,Nutrición y dietética,"Tortita Maíz Jordi Cruz Seta, Trufa y Queso 123,5 Gr","18,54 € / 1 Kg","2,29 €",BICENTURY
Despensa,Nutrición y dietética,Tortitas Mini de Maíz Sabor Jamón Ibérico 70 Gr,"22,71 € / 1 Kg","1,59 €",BICENTURY
Despensa,Nutrición y dietética,"Tortitas Sabor Tomate Paquete 123,5 Gr","18,54 € / 1 Kg","2,29 €",BICENTURY
Despensa,Nutrición y dietética,"Tortitas Sabor Queso Paquete 123,5 Gr","18,54 € / 1 Kg","2,29 €",BICENTURY
Despensa,Nutrición y dietética,"Tortitas Arroz Vitalday 115,2 Gr","9,55 € / 1 Kg","1,10 €",GULLON
Despensa,Nutrición y dietética,"Tortitas Maíz Vitalday 108,8 Gr","12,78 € / 1 Kg","1,39 €",GULLON
Despensa,Nutrición y dietética,Galletas Leche Chocolate Yoghourt 230 Gr,"11,26 € / 1 Kg","2,59 €",GERBLE
Despensa,Nutrición y dietética,Levadura de Cerveza Bolsa 150 Gr,"25,27 € / 1 Kg","3,79 €",NATURTIERRA
Despensa,Nutrición y dietética,Sabor Chocolate 225 Gr,"32,40 € / 1 Kg","7,29 €",BICENTURY
Despensa,Nutrición y dietética,Galletas Soja y Naranja 280 Gr,"9,25 € / 1 Kg","2,59 €",GERBLE
Despensa,Nutrición y dietética,Crema Sustitutiva Chocolate Intenso 2 x 210 Gr,"17,36 € / 1 Kg","7,29 €",BIMANAN
Despensa,Nutrición y dietética,Lecitina de Soja con Chía 200 Gr,"23,95 € / 1 Kg","4,79 €",NATURTIERRA
Despensa,Nutrición y dietética,Snack cereales Chocolate Negro 120 Gr,"24,92 € / 1 Kg","2,99 €",BICENTURY
Despensa,Nutrición y dietética,Snack cereales Chocolate con Leche 120 Gr,"24,92 € / 1 Kg","2,99 €",BICENTURY
Despensa,Nutrición y dietética,Snack cereales Chocolate Blanco 120 Gr,"24,92 € / 1 Kg","2,99 €",BICENTURY
Despensa,Nutrición y dietética,Tortita Arroz y Quinoa Ecológica 120 Gr,"15,75 € / 1 Kg","1,89 €",ECOCESTA
Despensa,Nutrición y dietética,Tortitas Arroz Chocolate Blanco y Frutos Rojos 184 Gr,"19,32 € / 1 Kg","2,55 €",BICENTURY
Despensa,Nutrición y dietética,Tortitas Arroz Chocolate Con Trozos de Avellana 198 Gr,"17,96 € / 1 Kg","2,55 €",BICENTURY
Despensa,Nutrición y dietética,Tortita maíz Jordi Cruz Jamón Ibérico 123.5 gr,"18,54 € / 1 Kg","2,29 €",BICENTURY
Despensa,Nutrición y dietética,Skyr High Protein Desnatado Natural 150 Gr,"5,67 € / 1 Kg","0,85 €",EHRMANN
Despensa,Nutrición y dietética,"Tortita Sabor Miel y Mostaza 123,5 Gr","18,54 € / 1 Kg","2,29 €",BICENTURY
Despensa,Nutrición y dietética,Barrita Proteína Chocolate Corny 35 Gr,"5,11 € / 100 Gr","1,79 €",CORNY
Despensa,Nutrición y dietética,Crema de Cacahuete 500 Gr,"5,90 € / 1 Kg","2,95 €",JUST LOADING
Despensa,Nutrición y dietética,Energy Flapjack Avena y Capuccino 60 Gr,"20,00 € / 1 Kg","1,20 €",JUST LOADING
Despensa,Nutrición y dietética,Energy Bars Almendra y Banana Pack de 3 75 Gr,"30,00 € / 1 Kg","2,25 €",JUST LOADING
Despensa,Nutrición y dietética,Energy Gels Fresa y Kiwi Pack de 3 90 Gr,"21,67 € / 1 Kg","1,95 €",JUST LOADING
Despensa,Nutrición y dietética,Gummy Power Cafeína Pack de 3 90 Gr,"30,56 € / 1 Kg","2,75 €",JUST LOADING
Despensa,Nutrición y dietética,"Tortitas Jordi Cruz Barbacoa 123,5 Gr","18,54 € / 1 Kg","2,29 €",BICENTURY
Despensa,Nutrición y dietética,Snack Chocolate Blanco y Trocitos Frutos Rojos 90 Gr,"33,22 € / 1 Kg","2,99 €",BICENTURY
Despensa,Nutrición y dietética,Tortitas de Arroz Integral Paquete 130 Gr,"9,15 € / 1 Kg","1,19 €",CONSUM
Despensa,Nutrición y dietética,Tortitas de Maíz Paquete 130 Gr,"9,15 € / 1 Kg","1,19 €",CONSUM
Despensa,Nutrición y dietética,Tortitas Arroz Integral con Chocolate Negro 130 Gr,"12,69 € / 1 Kg","1,65 €",CONSUM
Despensa,Nutrición y dietética,"Tortitas de Maíz con Chocolate Negro 90,4 Gr","13,83 € / 1 Kg","1,25 €",CONSUM
Despensa,Nutrición y dietética,Bebida Láctea 0%0% Proteína Sabor Chocolate 330 ml,"5,61 € / 1 L","1,85 €",CONSUM
Despensa,Nutrición y dietética,Semillas Molidas de Lino 200 Gr,"20,95 € / 1 Kg","4,19 €",ECOCESTA
Despensa,Nutrición y dietética,Gelatina Proteína 00% Plus Sabor Frutos Rojos 4 x 100 Gr - Refrigerado,"3,88 € / 1 Kg","1,55 €",CONSUM
Despensa,Nutrición y dietética,Energy Gels Cola con Cafeína Pack de 3 120 Gr,"22,92 € / 1 Kg","2,75 €",JUST LOADING
Despensa,Nutrición y dietética,Semilla Sésamo Tostado Ecológico 250 Gr,"11,96 € / 1 Kg","2,99 €",CONSUM ECO
Despensa,Nutrición y dietética,Semilla Lino Dorado Ecológico 250 Gr,"7,12 € / 1 Kg","1,78 €",CONSUM ECO
Despensa,Nutrición y dietética,Energy Bars Dátiles Coco y Nueces Pack 3 120 Gr,"22,92 € / 1 Kg","2,75 €",JUST LOADING
Despensa,Nutrición y dietética,Semilla Chía Ecológica 250 Gr,"8,80 € / 1 Kg","2,20 €",CONSUM ECO
Despensa,Nutrición y dietética,Postre Proteico 0% Sabor Chocolate 200 Gr,"7,75 € / 1 Kg","1,55 €",CONSUM
Despensa,Nutrición y dietética,Postre Proteico 0% Sabor Vainilla 200 Gr,"7,75 € / 1 Kg","1,55 €",CONSUM
Despensa,Nutrición y dietética,Cacahuete Desgrasado en Polvo 180 Gr,"15,28 € / 1 Kg","2,75 €",JUST LOADING
Despensa,Nutrición y dietética,Choco Butter Whey Protein 200 Gr,"22,45 € / 1 Kg","4,49 €",PROZIS
Despensa,Nutrición y dietética,Mousse Proteína 0% Sabor Chocolate 150 Gr,"10,60 € / 1 Kg","1,59 €",VALIO
Despensa,Nutrición y dietética,Copa Chocolate Proteica 200 Gr - Refrigerado,"9,45 € / 1 Kg","1,89 €",EHRMANN
Despensa,Nutrición y dietética,Jalea Real con Ginseng Caja 12 Unidades 120 ml,"41,25 € / 1 L","4,95 €",NATURTIERRA
Despensa,Nutrición y dietética,Jalea Real con Propóleo Caja 12 Unidades 120 ml,"41,25 € / 1 L","4,95 €",NATURTIERRA
Despensa,Nutrición y dietética,Barrita 30% Proteina Chocolate 50 Gr,"35,80 € / 1 Kg","1,79 €",CORNY
Despensa,Nutrición y dietética,Batido OptiPro Chocolate 330 ml,"4,82 € / 1 L","1,59 €",RIO
Despensa,Nutrición y dietética,Batido Optipro Vainilla 330 ml,"4,82 € / 1 L","1,59 €",RIO
Despensa,Nutrición y dietética,Batido Optipro Café con Leche 330 ml,"4,82 € / 1 L","1,59 €",RIO
Despensa,Nutrición y dietética,L-Carnitine 60 U,"0,15 € / 1 U","8,99 €",JUST LOADING
Despensa,Nutrición y dietética,Proteico Natural 0%0% Plus 500 Gr - Refrigerado,"3,10 € / 1 Kg","1,55 €",CONSUM
Despensa,Nutrición y dietética,Barrita Proteica de Cacahuete Billion 65 Gr,"26,00 € / 1 Kg","1,69 €",PROZIS
Despensa,Nutrición y dietética,Bebida Láctea 0%0% Proteína Sabor Vainilla 330 ml,"5,61 € / 1 L","1,85 €",CONSUM
Despensa,Nutrición y dietética,Mousse Proteína 0% Sabor Capuccino 150 Gr,"10,60 € / 1 Kg","1,59 €",VALIO
Despensa,Nutrición y dietética,Proteico 0%0% Sabor Fresa 4 x 100 Gr,"3,48 € / 1 Kg","1,39 €",MARGUI
Despensa,Nutrición y dietética,Proteico 0%0% Sabor Arándano 4 x 100 Gr,"3,48 € / 1 Kg","1,39 €",MARGUI
Despensa,Nutrición y dietética,Flan de Clara de Huevo Rico en Proteínas 0%0% 2 x 160 Gr,"6,53 € / 1 Kg","2,09 €",REINA
Despensa,Nutrición y dietética,Yogur 0%0% Proteína Sabor Stracciatella 4 x 105 Gr,"4,74 € / 1 Kg","1,99 €",DANONE
Despensa,Nutrición y dietética,Yogur 0%0% Proteína Natural 4 x 105 Gr,"4,74 € / 1 Kg","1,99 €",DANONE
Bebidas,Aguas,"Agua Mineral Natural. Botella 1,5 L","0,39 € / 1 L","0,59 €",LANJARON
Bebidas,Aguas,"Agua Mineral Natural. Botella 1,5 L","0,49 € / 1 L","0,73 €",FONT VELLA
Bebidas,Aguas,"Agua Mineral Natural Tapón Sport 0,33 L","1,18 € / 1 L","0,49 €
0,39 €",AQUAREL
Bebidas,Aguas,Agua Mineral Natural Botella 1 L,"0,65 € / 1 L","0,69 €
0,65 €",FONT VELLA
Bebidas,Aguas,"Agua Mineral Natural Garrafa 6,25 L","0,32 € / 1 L","2,29 €
1,99 €",FONT VELLA
Bebidas,Aguas,"Agua Mineral Natural Botella 1,5 L","0,60 € / 1 L","0,90 €",SOLAN CABRAS
Bebidas,Aguas,"Refresco Agua Aromatiza Limón Botella 1,5 L","0,69 € / 1 L","1,15 €
1,03 €",F.PRIMAVERA
Bebidas,Aguas,Agua Mineral Natural de Mineralización Muy débil Bezoya 5 L,"0,40 € / 1 L","2,21 €
1,99 €",BEZOYA
Bebidas,Aguas,"Agua Mineral Natural de Mineralización Muy débil Bezoya 0,5 L","1,08 € / 1 L","0,59 €
0,54 €",BEZOYA
Bebidas,Aguas,Agua Mineral Natural Botella 1 L,"0,56 € / 1 L","0,75 €
0,56 €",CABREIROA
Bebidas,Aguas,"Agua Mineral Natural de Mineralización Muy débil Bezoya 1,5 L","0,49 € / 1 L","0,74 €",BEZOYA
Bebidas,Aguas,Agua Mineral con Gas Botella Cristal 1 L,"1,49 € / 1 L","1,49 €",VICHY
Bebidas,Aguas,"Agua Mineral Natural Tapón Rosca 0,5 L","1,28 € / 1 L","0,64 €",FONT VELLA
Bebidas,Aguas,"Agua Mineral Natural Tapón Sport 0,33 L","1,64 € / 1 L","0,54 €",FONT VELLA
Bebidas,Aguas,Agua Mineral Natural Garrafa 5 L,"0,34 € / 1 L","1,70 €",AQUAREL
Bebidas,Aguas,"Agua Mineral Natural. Botella 1,5 L","0,39 € / 1 L","0,59 €",AQUAREL
Bebidas,Aguas,"Agua Mineral Natural Tapón Sport 0,33 L","0,73 € / 1 L","0,24 €",CONSUM
Bebidas,Aguas,"Agua Mineral Natural. Tapón Rosca 0,5 L","0,44 € / 1 L","0,22 €",CONSUM
Bebidas,Aguas,"Agua Mineral Natural. Botella 1,5 L","0,17 € / 1 L","0,25 €",CONSUM
Bebidas,Aguas,Agua Mineral Natural Garrafa 8 L,"0,11 € / 1 L","0,89 €",CONSUM
Bebidas,Aguas,"Agua Mineral Natural. Botella 1,5 L","0,39 € / 1 L","0,59 €",AQUABONA
Bebidas,Aguas,"Agua Mineral Natural Tapón Rosca 0,5 L","1,50 € / 1 L","0,75 €",SOLAN CABRAS
Bebidas,Aguas,"Agua Mineral con Gas Botella 1,5 L","0,27 € / 1 L","0,41 €",CONSUM
Bebidas,Aguas,"Agua Mineral con Gas Botella 0,5 L","0,54 € / 1 L","0,27 €",CONSUM
Bebidas,Aguas,"Agua Mineral Natural de Mineralización Muy débil Bezoya T.Sport 0,33 L","1,64 € / 1 L","0,54 €",BEZOYA
Bebidas,Aguas,"Agua Mineral Natural Botella 2,5 L","0,56 € / 1 L","1,39 €",FONT VELLA
Bebidas,Aguas,"Agua Mineral Natural. Botella 1,5 L","0,53 € / 1 L","0,79 €",BENASAL
Bebidas,Aguas,Agua Mineral con Gas Botella Pet 1 L,"1,36 € / 1 L","1,36 €",S.PELLEGRINO
Bebidas,Aguas,Agua Mineral Con Gas Botella 1 L,"1,14 € / 1 L","1,14 €",FONTER
Bebidas,Aguas,"Agua con Gas Lata 0,33 L","3,24 € / 1 L","1,07 €",VICHY
Bebidas,Aguas,"Agua Mineral con Gas Botella Pet 0,5 L","2,08 € / 1 L","1,04 €",PERRIER
Bebidas,Aguas,"Agua con Gas Pet 1,2 L","1,46 € / 1 L","1,75 €",VICHY
Bebidas,Aguas,"Agua Mineral con Gas Botella 0,5 L","1,58 € / 1 L","0,79 €",FONTER
Bebidas,Aguas,Agua Mineral con Gas Botella Pet 1 L,"1,46 € / 1 L","1,46 €",PERRIER
Bebidas,Aguas,"Agua Mineral con Gas Pack de 6 6 x 0,25 L","3,27 € / 1 L","5,89 €",VICHY
Bebidas,Aguas,"Agua con Gas Botella 0,5 L","2,46 € / 1 L","1,23 €",VICHY
Bebidas,Aguas,Agua Mineral Natural Botella 1 L,"0,40 € / 1 L","0,40 €",CONSUM
Bebidas,Aguas,Agua Mineral Natural Garrafa 5 L,"0,14 € / 1 L","0,69 €",CONSUM
Bebidas,Aguas,"Refresco Agua Con Gas Limón Botella 1,2 L","1,59 € / 1 L","1,91 €",VICHY
Bebidas,Aguas,"Agua Mineral Natural Botella 0,75 L","1,25 € / 1 L","0,94 €",FONT VELLA
Bebidas,Aguas,"Refresco Agua con Gas Limón Botella 0,5 L","2,00 € / 1 L","1,00 €",M. PERRIER
Bebidas,Aguas,"Agua Mineral Natural Tapón Sport 0,75 L","0,93 € / 1 L","0,70 €",AQUAREL
Bebidas,Aguas,"Refresco Agua y Zumo Limón Zero Botella 1,25 L","1,43 € / 1 L","1,79 €",FONT VELLA
Bebidas,Aguas,"Agua Mineral con Gas Botella Cristal 0,75 L","2,13 € / 1 L","1,60 €",SOLAN CABRAS
Bebidas,Aguas,Agua Mineral Natural de Mineralización Muy débil Bezoya 1 L,"0,67 € / 1 L","0,67 €",BEZOYA
Bebidas,Aguas,"Agua Mineral Natural Botella 1,5 L","1,49 € / 1 L","2,24 €",EVIAN
Bebidas,Aguas,Agua Mineral Natural de Mineralización muy débil Bezoya Bag in Box 8 L,"0,44 € / 1 L","3,49 €",BEZOYA
Bebidas,Aguas,"Agua Natural Mineralización Muy Débil 1,5 L","0,26 € / 1 L","0,39 €",TELENO
Bebidas,Aguas,"Agua Natural Mineralización Muy Débil 0,5 L","0,54 € / 1 L","0,27 €",TELENO
Bebidas,Aguas,"Agua Mineral con Gas Botella Pet 0,5 L","2,12 € / 1 L","1,06 €",PELLEGRINO
Bebidas,Aguas,"Agua Mineral Natural Pet 0,5 L","1,10 € / 1 L","0,55 €",AQUABONA
Bebidas,Aguas,Agua Mineral Natural Garrafa 5 L,"0,22 € / 1 L","1,08 €",TELENO
Bebidas,Aguas,"Agua Mineral Natural Tapón Sport 0,5 L","1,18 € / 1 L","0,59 €",CABREIROA
Bebidas,Cavas y sidras,"Cava Brut Nature D.O.Cava 0,75 L","8,65 € / 1 L","7,59 €
6,49 €",DOM.THARSYS
Bebidas,Cavas y sidras,"Cava Brut Gran Cremant D.O.Cava 0,75 L","7,00 € / 1 L","5,95 €
5,25 €",CODORNIU
Bebidas,Cavas y sidras,"Cava Brut Nature D.O.Cava 0,75 L","5,99 € / 1 L","4,95 €
4,49 €",CONDE CARALT
Bebidas,Cavas y sidras,"Cava Brut D.O.Cava 0,75 L","8,65 € / 1 L","7,59 €
6,49 €",DOM.THARSYS
Bebidas,Cavas y sidras,"Cava Brut Pack 3 D.O.Cava 3 x 0,2 L","14,98 € / 1 L","9,95 €
8,99 €",ANNA CODORNI
Bebidas,Cavas y sidras,"Cava Brut Nature D.O.Cava 0,75 L","6,66 € / 1 L","5,99 €
4,99 €",BISILA
Bebidas,Cavas y sidras,"Cava Brut D.O. Cava 0,75 L","6,66 € / 1 L","5,99 €
4,99 €",JAUME SERRA
Bebidas,Cavas y sidras,"Espumoso Brut Blanc de Blancs 0,75 L","3,59 € / 1 L","2,99 €
2,69 €",CAST. LIRIA
Bebidas,Cavas y sidras,"C.Semi Nevada P3 D.O.Cava 3 x 0,2 L","11,58 € / 1 L","6,95 €",FREIXENET
Bebidas,Cavas y sidras,"Vino espumoso Semi Seco 0,75 L","4,33 € / 1 L","3,25 €",DUBOIS
Bebidas,Cavas y sidras,"Cava Brut Nature D.O.Cava 0,75 L","5,67 € / 1 L","4,25 €",JAUME SERRA
Bebidas,Cavas y sidras,"Cava Semi Carta Nevada D.O.Cava 0,75 L","9,27 € / 1 L","6,95 €",FREIXENET
Bebidas,Cavas y sidras,"Cava Brut Nature D.O.Cava 0,75 L","4,40 € / 1 L","3,30 €",DOMN.DUQUES
Bebidas,Cavas y sidras,"Sidra Extra Dorada 0,75 L","4,07 € / 1 L","3,05 €",EL GAITERO
Bebidas,Cavas y sidras,"Cava Brut Nature G.Rsva D.O.Cava 0,75 L","27,27 € / 1 L","20,45 €",JUVE CAMPS
Bebidas,Cavas y sidras,"Cava Brut Nature D.O.Cava 0,75 L","6,60 € / 1 L","4,95 €",BACH
Bebidas,Cavas y sidras,"Cava Brut D.O.Cava 0,75 L","12,47 € / 1 L","9,35 €",CODORNIU
Bebidas,Cavas y sidras,"Cava Brut D.O.Cava 0,75 L","7,07 € / 1 L","5,30 €",C. NUBIOLA
Bebidas,Cavas y sidras,"Cava Brut Reserva D.O.Cava 0,75 L","12,67 € / 1 L","9,50 €",SEG.VIUDAS
Bebidas,Cavas y sidras,"Cava Brut Nature Reserv D.O.Cava 0,75 L","13,32 € / 1 L","9,99 €",FREIXENET
Bebidas,Cavas y sidras,"Moscatel Espumoso 0,75 L","5,93 € / 1 L","4,45 €",REYMOS
Bebidas,Cavas y sidras,"Cava Brut D.O.Cava 0,75 L","9,27 € / 1 L","6,95 €",CARTA NEVADA
Bebidas,Cavas y sidras,"Cava Brut D.O.Cava 0,75 L","10,65 € / 1 L","7,99 €",CORDON NEGRO
Bebidas,Cavas y sidras,"Cava Rosado Brut D.O.Cava 0,75 L","6,60 € / 1 L","4,95 €",BACH
Bebidas,Cavas y sidras,"Agua de Valencia 0,75 L","9,32 € / 1 L","6,99 €",GALA D'OR
Bebidas,Cavas y sidras,"Cava Brut Nature D.O.Cava 0,75 L","12,47 € / 1 L","9,35 €",CODORNIU
Bebidas,Cavas y sidras,"Cava Semi Seco D.O.Cava 0,75 L","4,40 € / 1 L","3,30 €",DOMN.DUQUES
Bebidas,Cavas y sidras,"Cava Brut Nature D.O.Cava 0,75 L","14,39 € / 1 L","10,79 €",D.DE LA VEGA
Bebidas,Cavas y sidras,"Sidra Natural Asturiana 0,7 L","2,79 € / 1 L","1,95 €",GOBERNADOR
Bebidas,Cavas y sidras,"Cava Brut D.O.Cava 0,75 L","8,79 € / 1 L","6,59 €",IDILICUM
Bebidas,Cavas y sidras,"Ice Cuvee Rosado D.O.Cava 0,75 L","13,32 € / 1 L","9,99 €",FREIXENET
Bebidas,Cavas y sidras,"Freixenet sin Alcohol 0,75 L","9,27 € / 1 L","6,95 €",FREIXENET
Bebidas,Cavas y sidras,"Sidra Plateada 0,75 L","3,13 € / 1 L","2,35 €",EL GAITERO
Bebidas,Cavas y sidras,"Cava Brut Reserva D.O.Cava 0,37 L","15,97 € / 1 L","5,99 €",EXPRESSION
Bebidas,Cavas y sidras,"Sidra sin Alcohol 0,75 L","3,27 € / 1 L","2,45 €",EL GAITERO
Bebidas,Cavas y sidras,"Cava Rose D.O. Cava 0,75 L","9,27 € / 1 L","6,95 €",CARTA NEVADA
Bebidas,Cavas y sidras,"Sidra Extra Ecológica y Vegana 0,75 L","3,72 € / 1 L","2,79 €",MAELOC
Bebidas,Cavas y sidras,"Sidra 0,75 L","2,13 € / 1 L","1,60 €",MAYADOR
Bebidas,Cavas y sidras,"Sidra sin Alcohol 0,75 L","2,47 € / 1 L","1,85 €",MAYADOR
Bebidas,Cavas y sidras,"Sidra Pack 6 unidades 6 x 0,25 L","3,33 € / 1 L","4,99 €",MAYADOR
Bebidas,Cavas y sidras,"Sidra Natural 0,7 L","2,79 € / 1 L","1,95 €",M.BUSTO
Bebidas,Cavas y sidras,"Cava Brut Nature D.O. Cava 0,75 L","7,32 € / 1 L","5,49 €",LADRON LUNAS
Bebidas,Cavas y sidras,"Sidra Rosé 0,75 L","4,47 € / 1 L","3,35 €",EL GAITERO
Bebidas,Cavas y sidras,"Espumoso Blue Moscato 0,75 L","3,00 € / 1 L","2,25 €",PLATINO
Bebidas,Cavas y sidras,"Cava Brut D.O. Cava 0,75 L","3,93 € / 1 L","2,95 €",MONTECASINO
Bebidas,Cavas y sidras,Cava Semi Seco D.O. Cava 200 ml,"8,25 € / 1 L","1,65 €",MONTECASINO
Bebidas,Cavas y sidras,"Cava Brut Nature D.O. Cava 0,75 L","5,33 € / 1 L","4,00 €",MONTECASINO
Bebidas,Cavas y sidras,"Cava Semi Seco D.O. Cava 0,75 L","3,93 € / 1 L","2,95 €",MONTECASINO
Bebidas,Cavas y sidras,"Cava Rosado D.O. Cava 0,75 L","4,33 € / 1 L","3,25 €",MONTECASINO
Bebidas,Cavas y sidras,Cava Brut D.O. Cava 200 ml,"8,25 € / 1 L","1,65 €",MONTECASINO
Bebidas,Cavas y sidras,Cava Benjamín D.O. Cava 3 x 200 ml,"11,25 € / 1 L","6,75 €",CODORNIU
Bebidas,Cavas y sidras,"Cava Rose D.O. Cava 0,75 L","9,00 € / 1 L","6,75 €",CODORNIU
Bebidas,Cavas y sidras,"Champagne Brut Región de Champagne 0,75 L","34,65 € / 1 L","25,99 €",D'ARMANVILLE
Bebidas,Cavas y sidras,"Cava Brut Reserva D.O. Cava 0,75 L","26,60 € / 1 L","19,95 €",ARS COLLECTA
Bebidas,Cavas y sidras,"Cava Brut D.O. Cava 0,75 L","6,60 € / 1 L","4,95 €",TORRE ORIA
Bebidas,Cervezas,"Cerveza Botella Cristal Pack de 12 12 x 0,25 L","2,13 € / 1 L","6,39 €",SAN MIGUEL
Bebidas,Cervezas,"Cerveza Danesa Lata 0,33 L","2,09 € / 1 L","0,85 €
0,69 €",CARLSBERG
Bebidas,Cervezas,"Cerveza Lata 0,33 L","2,24 € / 1 L","0,74 €",MAHOU CLASIC
Bebidas,Cervezas,"Cerveza Botella Cristal pack-6 6 x 0,25 L","2,13 € / 1 L","4,15 €
3,19 €",MAHOU 5 ESTR
Bebidas,Cervezas,"Cerveza Extra Lata 0,33 L","2,39 € / 1 L","0,99 €
0,79 €",VOLL DAMM
Bebidas,Cervezas,"Cerveza Lata 0,33 L","1,79 € / 1 L","0,59 €",SAN MIGUEL
Bebidas,Cervezas,"Cerveza Holandesa Pack de 6 Botellas 6 x 0,25 L","2,39 € / 1 L","3,99 €
3,59 €",HEINEKEN
Bebidas,Cervezas,"Cerveza Lata 5 Estrellas 0,33 L","2,58 € / 1 L","0,85 €",MAHOU 5 ESTR
Bebidas,Cervezas,"Cerveza Shandy Lata. 0,33 L","2,00 € / 1 L","0,85 €
0,66 €",CRUZCAMPO
Bebidas,Cervezas,"Cerveza Lata 0,33 L","2,21 € / 1 L","0,73 €",ALHAMBRA
Bebidas,Cervezas,Cerveza Mexicana Botella 355 ml,"3,58 € / 1 L","1,50 €
1,27 €",CORONA
Bebidas,Cervezas,"Cerveza Clasica Lata. 0,33 L","1,48 € / 1 L","0,49 €",AMSTEL
Bebidas,Cervezas,"Cerveza Celiacos Botella 0,33 L","3,24 € / 1 L","1,25 €
1,07 €",AMBAR
Bebidas,Cervezas,"Cerveza Tostada Lata 0,33 L","1,97 € / 1 L","0,85 €
0,65 €",AMSTEL ORO
Bebidas,Cervezas,Cerveza Botella Cristal 1 L,"1,39 € / 1 L","1,39 €",AMSTEL
Bebidas,Cervezas,"Cerveza Especial Lata 0,33 L","1,97 € / 1 L","0,85 €
0,65 €",CRUZCAMPO
Bebidas,Cervezas,"Cerveza Artesana Botellín 0,33 L","4,10 € / 1 L","1,49 €
1,35 €",LA MARI
Bebidas,Cervezas,"Cerveza Artesana Botellín 0,33 L","3,79 € / 1 L","1,39 €
1,25 €",BORINOT
Bebidas,Cervezas,"Cerveza Export Lata 0,33 L","2,30 € / 1 L","0,95 €
0,76 €",AMBAR
Bebidas,Cervezas,"Cerveza Barrica Original Botella 0,33 L","5,91 € / 1 L","1,95 €",MAHOU
Bebidas,Cervezas,Cerveza Lata 330 ml,"1,79 € / 1 L","0,59 €",AMSTEL
Bebidas,Cervezas,"Cerveza con Tequila Lata 0,33 L","2,88 € / 1 L","1,25 €
0,95 €",DESPERADOS
Bebidas,Cervezas,"Cerveza Tostada 0,0 Lata 0,33 L","1,91 € / 1 L","0,79 €
0,63 €",MAHOU
Bebidas,Cervezas,"Cerveza Tostada Botella 12 x 0,25 L","2,12 € / 1 L","7,44 €
6,36 €",TURIA
Bebidas,Cervezas,"Cerveza Holandesa 0,0 Botella 6 x 0,25 L","2,39 € / 1 L","3,99 €
3,59 €",HEINEKEN
Bebidas,Cervezas,"Cerveza Botella Cristal Pack-12 12 x 0,25 L","2,30 € / 1 L","7,80 €
6,90 €",E.GALICIA
Bebidas,Cervezas,"Cerveza Lata 0,33 L","1,97 € / 1 L","0,85 €
0,65 €",EL ÁGUILA
Bebidas,Cervezas,"Cerveza sin Filtrar Botella 0,33 L","2,70 € / 1 L","0,99 €
0,89 €",EL ÁGUILA
Bebidas,Cervezas,"Cider Lata Manzana 0,33 L","3,60 € / 1 L","1,45 €
1,19 €",L.MANZANAS
Bebidas,Cervezas,"Cerveza Magna Lata 0,33 L","1,97 € / 1 L","0,81 €
0,65 €",SAN MIGUEL
Bebidas,Cervezas,"Cerveza 0,0% Tostada Lata 0,33 L","1,97 € / 1 L","0,85 €
0,65 €",AMSTEL ORO
Bebidas,Cervezas,"Cerveza Tostada 0,0 Pack de 6 botellas 6 x 0,25 L","2,29 € / 1 L","4,29 €
3,43 €",MAHOU
Bebidas,Cervezas,"Cerveza Americana Botella 0,33 L","3,49 € / 1 L","1,29 €
1,15 €",MILLER
Bebidas,Cervezas,"Cerveza Checa Botella 0,33 L","3,49 € / 1 L","1,29 €
1,15 €",STAROPRAMEN
Bebidas,Cervezas,"Cerveza Clásica Tostada Lata 0,33 L","1,27 € / 1 L","0,42 €",AMSTEL
Bebidas,Cervezas,"Cerveza Holandesa Lata 0,33 L","1,88 € / 1 L","0,82 €
0,62 €",HEINEKEN SIL
Bebidas,Cervezas,"Cerveza Artesana Rubia Botella 0,33 L","3,30 € / 1 L","1,25 €
1,09 €",18/70 RUBIA
Bebidas,Cervezas,"Cerveza Botella Pack de 6 6 x 0,25 L","2,17 € / 1 L","4,05 €
3,25 €",EST.DAMM
Bebidas,Cervezas,"Cerveza Rosé Lata 0,33 L","2,24 € / 1 L","0,89 €
0,74 €",MAHOU
Bebidas,Cervezas,"C.Artesanal Pale Ale Sin Gluten 0,33 L","2,39 € / 1 L","0,99 €
0,79 €",C.VOLADORES
Bebidas,Cervezas,"Cerveza Lata. 0,33 L","2,58 € / 1 L","0,85 €",EST.DAMM
Bebidas,Cervezas,Cerveza Botella Cristal 1 L,"1,79 € / 1 L","1,79 €",SAN MIGUEL
Bebidas,Cervezas,"Cerveza Lata 0,5 L","2,30 € / 1 L","1,15 €",SAN MIGUEL
Bebidas,Cervezas,"Cerveza Holandesa Lata 0,33 L","2,48 € / 1 L","0,82 €",HEINEKEN
Bebidas,Cervezas,"Cerveza Botella Cristal Pack-6 6 x 0,25 L","2,39 € / 1 L","3,59 €",MAHOU CLASIC
Bebidas,Cervezas,Cerveza Botella Cristal 1 L,"1,85 € / 1 L","1,85 €",MAHOU CLASIC
Bebidas,Cervezas,"Cerveza Americana Lata 0,33 L","2,76 € / 1 L","0,91 €",BUDWEISER
Bebidas,Cervezas,"Cerveza sin Alcohol 0,0 Pack de 6 Botellas 6 x 0,25 L","2,16 € / 1 L","3,24 €",SAN MIGUEL
Bebidas,Cervezas,"Cerveza con Tequila Botella 0,33 L","4,52 € / 1 L","1,49 €",DESPERADOS
Bebidas,Cervezas,"Cerveza sin Alcohol Lata 0,33 L","2,12 € / 1 L","0,70 €",MAHOU
Bebidas,Cervezas,"Cerveza sin Alcohol 0,0 Lata 0,33 L","2,09 € / 1 L","0,69 €",SAN MIGUEL
Bebidas,Cervezas,"Cerveza Reserva 1925 Botella Cristal Pack-6 6 x 0,33 L","4,00 € / 1 L","7,92 €",ALHAMBRA
Bebidas,Cervezas,"Cerveza Trigo Alemana Botella 0,5 L","3,50 € / 1 L","1,75 €",FRANZISKANER
Bebidas,Cervezas,"Cerveza Especial Botella. 0,33 L","4,30 € / 1 L","1,42 €",A.K.DAMM
Bebidas,Cervezas,"Cerveza Especial Lata 0,33 L","2,58 € / 1 L","0,85 €",ALHAMBRA
Bebidas,Cervezas,Cerveza Botella Cristal 1 L,"1,05 € / 1 L","1,05 €",ADLERBRAU
Bebidas,Cervezas,"Cerveza Botella Cristal Pack de 6 6 x 0,25 L","1,43 € / 1 L","2,15 €",ADLERBRAU
Bebidas,Cervezas,"Cerveza sin Alcohol Lata 0,33 L","1,06 € / 1 L","0,35 €",ADLERBRAU
Bebidas,Cervezas,"Cerveza Lata 0,33 L","0,94 € / 1 L","0,31 €",ADLERBRAU
Bebidas,Cervezas,"Cerveza Lata 0,5 L","0,98 € / 1 L","0,49 €",ADLERBRAU
Bebidas,Cervezas,"Cerveza sin Alcohol Limón Lata 0,33 L","1,36 € / 1 L","0,45 €",ADLERBRAU
Bebidas,Cervezas,"Cerveza Especial Lata 0,33 L","1,15 € / 1 L","0,38 €",ADLERBRAU
Bebidas,Cervezas,"Cerveza Especial Abadía Botella 0,33 L","5,91 € / 1 L","1,95 €",GRIMBERGEN
Bebidas,Cervezas,"Cerveza Gran Reserva 0,33 L","3,91 € / 1 L","1,29 €",CRUZCAMPO
Bebidas,Cervezas,"Cerveza Lata 0,33 L","0,91 € / 1 L","0,30 €",AGUILA NEGRA
Bebidas,Cervezas,"Cerveza Radler Limón Lata 0,33 L","2,27 € / 1 L","0,75 €",AMSTEL
Bebidas,Cervezas,"Cerveza Botella Cristal Pack-6 6 x 0,2 L","3,08 € / 1 L","3,69 €",E.GALICIA
Bebidas,Cervezas,"Cerveza Tostada Lata 0,33 L","2,48 € / 1 L","0,82 €",TURIA
Bebidas,Cervezas,"Cerveza Lata 0,5 L","2,30 € / 1 L","1,15 €",AMSTEL
Bebidas,Cervezas,"Cerveza 0,0% Lata 0,33 L","2,27 € / 1 L","0,75 €",AMSTEL
Bebidas,Cervezas,"Cerveza sin Gluten Botella 0,33 L","3,18 € / 1 L","1,05 €",SAN MIGUEL
Bebidas,Cervezas,"Cerveza Maestra Lata 0,33 L","3,00 € / 1 L","0,99 €",MAHOU
Bebidas,Cervezas,"Cerveza Botella Cristal Pack 12 12 x 0,25 L","2,04 € / 1 L","6,12 €",AMSTEL
Bebidas,Cervezas,"Cerveza Shandy Pack de 6 Botellas 6 x 0,25 L","2,17 € / 1 L","3,25 €",CRUZCAMPO
Bebidas,Cervezas,"Cerveza Danesa Pack de 6 Botellas 6 x 0,25 L","3,43 € / 1 L","5,15 €",CARLSBERG
Bebidas,Cervezas,"Cerveza Celiacos S/A 00 Botella 0,33 L","3,79 € / 1 L","1,25 €","AMBAR 0,0"
Bebidas,Cervezas,"Cerveza Negra Irlandesa Lata 0,44 L","6,57 € / 1 L","2,89 €",GUINNESS
Bebidas,Cervezas,"Cerveza Reserva Roja Botella Cristal Pack-4 4 x 0,33 L","4,54 € / 1 L","5,99 €",ALHAMBRA
Bebidas,Cervezas,"Cerveza Holandesa 0,0 Lata 0,33 L","2,48 € / 1 L","0,82 €",HEINEKEN
Bebidas,Cervezas,"Cerveza Artesana Botella 0,33 L","4,70 € / 1 L","1,55 €",TYRIS
Bebidas,Cervezas,"Cerveza sin Gluten Lata 0,33 L","2,76 € / 1 L","0,91 €",DAURA
Bebidas,Cervezas,"Cerveza con Mojito Botella 0,33 L","4,52 € / 1 L","1,49 €",DESPERADOS
Bebidas,Cervezas,Cerveza Clásica Botella Cristal 1 L,"1,39 € / 1 L","1,39 €",AMSTEL
Bebidas,Cervezas,"Cerveza Tostada Lata 0,33 L","1,67 € / 1 L","0,55 €",ADLERBRAU
Bebidas,Cervezas,"Cider Manzana 0,25 L","4,60 € / 1 L","1,15 €",L.MANZANAS
Bebidas,Cervezas,"Cider Red Berries 0,25 L","4,60 € / 1 L","1,15 €",L.MANZANAS
Bebidas,Cervezas,"Cerveza Radler 0,0 Lata 0,33 L","1,97 € / 1 L","0,65 €",AMSTEL
Bebidas,Cervezas,"Cerveza sin Alcohol 0,0 Pack de 6 Botellas 6 x 0,25 L","2,43 € / 1 L","3,65 €",E.GALICIA
Bebidas,Cervezas,"Cerveza Artesana 0,33 L","8,94 € / 1 L","2,95 €",LA SOCARRADA
Bebidas,Cervezas,"Cerveza Maestra Dunkel Botella 0,33 L","4,52 € / 1 L","1,49 €",MAHOU
Bebidas,Cervezas,"Cerveza IPA Artesana Botella 0,33 L","5,12 € / 1 L","1,69 €",TYRIS
Bebidas,Cervezas,"Cerveza Red Vintage Botella Cristal Pack-6 6 x 0,33 L","3,98 € / 1 L","7,89 €",1906
Bebidas,Cervezas,"Cerveza Blonde Abadía Botella 0,33 L","6,64 € / 1 L","2,19 €",LEFFE
Bebidas,Cervezas,"Cerveza IPA Lata 5 Estrelllas 0,33 L","3,61 € / 1 L","1,19 €",MAHOU
Bebidas,Cervezas,"Cerveza Especial Lata 0,33 L","2,58 € / 1 L","0,85 €",AMBAR
Bebidas,Cervezas,"Cerveza IPA Yakima V. Lata 0,33 L","4,39 € / 1 L","1,45 €",SAN MIGUEL
Bebidas,Cervezas,"Cerveza sin Filtrar Lata 0,33 L","2,88 € / 1 L","0,95 €",EL ÁGUILA
Bebidas,Cervezas,"Cerveza Radler 0,0 Tostada Lata 0,33 L","2,27 € / 1 L","0,75 €",AMSTEL
Bebidas,Cervezas,"Cerveza Artesana 0,33 L","6,03 € / 1 L","1,99 €",MALA VIDA
Bebidas,Cervezas,"Cerveza Belga Chrome Lata 0,5 L","2,78 € / 1 L","1,39 €",GORDON
Bebidas,Cervezas,"Cerveza Selecta Lata 0,33 L","3,00 € / 1 L","0,99 €",SAN MIGUEL
Bebidas,Cervezas,"Cerveza Lata 0,33 L","2,70 € / 1 L","0,89 €",ROSA BLANCA
Bebidas,Cervezas,"Cerveza Artesana Botella 0,33 L","3,00 € / 1 L","0,99 €",CONSENTIDA
Bebidas,Cervezas,"Cerveza Artesana Botella 0,33 L","3,00 € / 1 L","0,99 €",MANITO
Bebidas,Cervezas,"Cerveza Artesana IPA Lata 0,33 L","3,61 € / 1 L","1,19 €",C.VOLADORES
Bebidas,Cervezas,"Cerveza Trigo Alemana Lata 0,5 L","3,98 € / 1 L","1,99 €",PAULANER
Bebidas,Cervezas,"Cerveza Dorada Pack de 6 botellas 6 x 0,2 L","2,63 € / 1 L","3,15 €",EL ÁGUILA
Bebidas,Cervezas,"Cerveza Sabor Mezcal Botella 0,33 L","3,00 € / 1 L","0,99 €",MESCALINA
Bebidas,Cervezas,"Cerveza Tostada 0,0 Pack de 6 botellas 6 x 0,25 L","2,86 € / 1 L","4,29 €",E.GALICIA
Bebidas,Cervezas,"Cerveza Ipa Lata 0,5 L","4,30 € / 1 L","2,15 €",HOBGOBLIN
Bebidas,Cervezas,"Cerveza Tostada 0,0 Lata 0,33 L","2,27 € / 1 L","0,75 €",SAN MIGUEL
Bebidas,Cervezas,"Cerveza 0,0 Tostada Pack de 6 botellas 6 x 0,25 L","3,19 € / 1 L","4,79 €",AMSTEL ORO
Bebidas,Cervezas,"Cerveza Tostada Pack de 6 botellas 6 x 0,25 L","3,19 € / 1 L","4,79 €",AMSTEL ORO
Bebidas,Cervezas,"Cerveza Lata 0,33 L","2,61 € / 1 L","0,86 €",E.GALICIA
Bebidas,Cervezas,"Cerveza Reserva 1925 Botella Cristal Pack-6 6 x 0,22 L","4,05 € / 1 L","5,34 €",ALHAMBRA
Bebidas,Cervezas,"Cerveza Holandesa Lata 0,5 L","2,98 € / 1 L","1,49 €",HEINEKEN
Bebidas,Cervezas,"Cerveza Lata 0,5 L","2,38 € / 1 L","1,19 €",EL ÁGUILA
Bebidas,Cervezas,"Cerveza sin Filtrar Lata 0,5 L","2,98 € / 1 L","1,49 €",EL ÁGUILA
Bebidas,Cervezas,"Cerveza Extra Pack de 6 Botellas 6 x 0,25 L","3,59 € / 1 L","5,39 €",VOLL DAMM
Bebidas,Cervezas,"Cerveza Tostada 0,0 Lata 0,33 L","1,45 € / 1 L","0,48 €",HOCHSTER
Bebidas,Cervezas,"Cerveza Radler Limón Lata 0,33 L","1,21 € / 1 L","0,40 €",HOCHSTER
Bebidas,Cervezas,"Cerveza 0,0% Lata 0,33 L","1,06 € / 1 L","0,35 €",HOCHSTER
Bebidas,Cervezas,"Cerveza Tostada Pack de 6 Botellas 6 x 0,25 L","2,59 € / 1 L","3,89 €",TURIA
Bebidas,Cervezas,"Cerveza Lager Lata 0,33 L","1,09 € / 1 L","0,36 €",HOCHSTER
Bebidas,Cervezas,"Cerveza 0%0 Pack de 6 Botellas 6 x 0,25 L","1,40 € / 1 L","2,10 €",HOCHSTER
Bebidas,Cervezas,"Cerveza Doble IPA Lata 0,33 L","4,09 € / 1 L","1,35 €",HOPPY FLOWER
Bebidas,Cervezas,"Cerveza Reserva botella Pack 6 6 x 0,2 L","4,16 € / 1 L","4,99 €",1906
Bebidas,Finos y dulces,"Mistela Moscatel D.O. Valencia 0,75 L","5,32 € / 1 L","4,25 €
3,99 €",TURIS
Bebidas,Finos y dulces,"Mistela Selección D.O. Valencia 0,75 L","5,32 € / 1 L","4,25 €
3,99 €",TURIS
Bebidas,Finos y dulces,"Moscatel 0,75 L","4,80 € / 1 L","3,60 €",SOL MEDITERR
Bebidas,Finos y dulces,"Vino Fino D.O.Montilla Moriles 0,75 L","3,53 € / 1 L","2,65 €",SOÑADOR
Bebidas,Finos y dulces,Vino Dulce Kina 1 L,"6,35 € / 1 L","6,35 €",SAN CLEMENTE
Bebidas,Finos y dulces,"Vino Tinto Dulce D.O.Malaga 0,75 L","11,72 € / 1 L","8,79 €",MAL.VIRGEN
Bebidas,Finos y dulces,"Vino Fino D.O.Jerez 0,75 L","9,73 € / 1 L","7,30 €",TIO PEPE
Bebidas,Finos y dulces,"Vino Oporto Fine Tawny 0,75 L","12,92 € / 1 L","9,69 €",OSBORNE
Bebidas,Finos y dulces,"Vino Dulce Pedro Ximene D.O.Montilla Moriles 0,75 L","7,67 € / 1 L","5,75 €",CRUZ CONDE
Bebidas,Finos y dulces,"Vino Fino Seco D.O.Montilla Moriles 0,75 L","3,60 € / 1 L","2,70 €",CRUZ CONDE
Bebidas,Finos y dulces,"Vino Cream Dulce 0,75 L","4,25 € / 1 L","3,19 €",CRUZ CONDE
Bebidas,Finos y dulces,"Manzanilla D.O.Sanlucar Barrameda 0,75 L","5,53 € / 1 L","4,15 €",LA SEÑORITA
Bebidas,Gaseosas y sodas,"Gaseosa. Botella 1,5 L","0,80 € / 1 L","1,20 €",LA CASERA
Bebidas,Gaseosas y sodas,"Gaseosa Botella 0,5 L","1,62 € / 1 L","0,81 €",LA CASERA
Bebidas,Gaseosas y sodas,"Gaseosa Lata 0,33 L","1,88 € / 1 L","0,62 €",LA CASERA
Bebidas,Gaseosas y sodas,"Gaseosa Botella 1,5 L","0,33 € / 1 L","0,50 €",CONSUM
Bebidas,Gaseosas y sodas,"Gaseosa Botella 0,5 L","0,64 € / 1 L","0,32 €",CONSUM
Bebidas,Gaseosas y sodas,"Soda Sifón Botella 1,5 L","1,07 € / 1 L","1,60 €",SANI
Bebidas,Isotónicas y energéticas,"Bebida Energética Lata 0,25 L","6,36 € / 1 L","1,59 €",RED BULL
Bebidas,Isotónicas y energéticas,"Bebida Isotónica Naranja Lata 0,33 L","2,42 € / 1 L","0,80 €",AQUARIUS
Bebidas,Isotónicas y energéticas,"Bebida Isotónica Limón Lata 0,33 L","2,42 € / 1 L","0,80 €",AQUARIUS
Bebidas,Isotónicas y energéticas,"Bebida Energética Green Lata 0,5 L","2,90 € / 1 L","1,79 €
1,45 €",MONSTER
Bebidas,Isotónicas y energéticas,"Bebida Isotónica Limón Zero Lata 0,33 L","2,43 € / 1 L","0,89 €
0,80 €",AQUARIUS
Bebidas,Isotónicas y energéticas,"Bebida Energetica 0,5 L","2,50 € / 1 L","1,25 €",BURN
Bebidas,Isotónicas y energéticas,"Bebida Energética Lata 0,25 L","1,60 € / 1 L","0,45 €
0,40 €",CONTACT
Bebidas,Isotónicas y energéticas,"Bebida Energética Light Lata 0,25 L","1,60 € / 1 L","0,45 €
0,40 €",CONTACT
Bebidas,Isotónicas y energéticas,"Bebida Energética Light Lata 0,25 L","6,36 € / 1 L","1,59 €",RED BULL
Bebidas,Isotónicas y energéticas,"Bebida Energética Light Ultra Lata 0,5 L","2,90 € / 1 L","1,79 €
1,45 €",MONSTER
Bebidas,Isotónicas y energéticas,"Bebida Isotónica Naranja Zero Lata 0,33 L","2,43 € / 1 L","0,89 €
0,80 €",AQUARIUS
Bebidas,Isotónicas y energéticas,"Bebida Energética Sandía Lata 0,25 L","4,96 € / 1 L","1,35 €
1,24 €",RED BULL
Bebidas,Isotónicas y energéticas,"Bebida Energética Albaricoque Lata 0,25 L","4,96 € / 1 L","1,35 €
1,24 €",RED BULL
Bebidas,Isotónicas y energéticas,"Bebida Isotónica Ice Storm Botella 0,5 L","2,90 € / 1 L","1,45 €",POWERADE
Bebidas,Isotónicas y energéticas,"Bebida Isotónica Naranja Botella 0,5 L","2,90 € / 1 L","1,45 €",AQUARIUS
Bebidas,Isotónicas y energéticas,"Bebida Isotónica Limón Botella 0,5 L","2,90 € / 1 L","1,45 €",AQUARIUS
Bebidas,Isotónicas y energéticas,"Bebida Isotónica Limón Botella 1,5 L","1,33 € / 1 L","1,99 €",AQUARIUS
Bebidas,Isotónicas y energéticas,"Bebida Isotónica Naranja Botella 1,5 L","1,33 € / 1 L","1,99 €",AQUARIUS
Bebidas,Isotónicas y energéticas,"Bebida Isotónica Limón Zero Botella 1,5 L","1,33 € / 1 L","1,99 €",AQUARIUS
Bebidas,Isotónicas y energéticas,"Bebida Isotónica Naranja Zero Botella 1,5 L","1,33 € / 1 L","1,99 €",AQUARIUS
Bebidas,Isotónicas y energéticas,"Bebida Energética Lata 0,35 L","5,69 € / 1 L","1,99 €",RED BULL
Bebidas,Isotónicas y energéticas,"Bebida Energética Lata 0,5 L","1,50 € / 1 L","0,75 €",CONTACT
Bebidas,Isotónicas y energéticas,"Bebida Energética Light Absolutely Zero Lata 0,5 L","3,58 € / 1 L","1,79 €",MONSTER
Bebidas,Isotónicas y energéticas,"Bebida Energética Pet 1,5 L","1,07 € / 1 L","1,60 €",CONTACT
Bebidas,Isotónicas y energéticas,"Iso Go! Red Botella 0,5 L","1,20 € / 1 L","0,60 €",CONSUM
Bebidas,Isotónicas y energéticas,"Iso Go! Blue Botella 0,5 L","1,20 € / 1 L","0,60 €",CONSUM
Bebidas,Isotónicas y energéticas,"Iso Go! Naranja Botella 1,5 L","0,67 € / 1 L","1,00 €",CONSUM
Bebidas,Isotónicas y energéticas,"Iso Go! Cítrico Botella 1,5 L","0,67 € / 1 L","1,00 €",CONSUM
Bebidas,Isotónicas y energéticas,"Iso Go! Cítrico Lata 0,33 L","1,36 € / 1 L","0,45 €",CONSUM
Bebidas,Isotónicas y energéticas,"Iso Go! Naranja Lata 0,33 L","1,36 € / 1 L","0,45 €",CONSUM
Bebidas,Isotónicas y energéticas,"Iso Go! Cítrico Cero Botella 1,5 L","0,67 € / 1 L","1,00 €",CONSUM
Bebidas,Isotónicas y energéticas,"Isotonico Azul Botella 1,5 L","1,03 € / 1 L","1,55 €",UPGRADE
Bebidas,Isotónicas y energéticas,"Bebida Energética Mango Loco Lata 0,5 L","3,58 € / 1 L","1,79 €",MONSTER
Bebidas,Isotónicas y energéticas,Isotónico Limón Polvo 5 x 30 Gr,"30,00 € / 1 Kg","4,50 €",LOADING
Bebidas,Isotónicas y energéticas,"Bebida Alto Rendimiento Melón Manía 0,5 L","3,98 € / 1 L","1,99 €",REIGN
Bebidas,Isotónicas y energéticas,"Bebida Energética Ultra Fiesta 0,5 L","3,58 € / 1 L","1,79 €",MONSTER
Bebidas,Isotónicas y energéticas,"Bebida Alto Rendimiento Berry 0,5 L","3,98 € / 1 L","1,99 €",REIGN
Bebidas,Isotónicas y energéticas,"Bebida Energética Watermelon 0,5 L","3,58 € / 1 L","1,79 €",MONSTER
Bebidas,Isotónicas y energéticas,"Bebida Energética Piña-Coco Lata 0,25 L","1,96 € / 1 L","0,49 €",CONTACT
Bebidas,Isotónicas y energéticas,"Bebida Energetica Lata Monarch 0,5 L","3,58 € / 1 L","1,79 €",MONSTER
Bebidas,Isotónicas y energéticas,"Bebida Energética Zero Hamilton Lata 0,5 L","3,58 € / 1 L","1,79 €",MONSTER
Bebidas,Isotónicas y energéticas,"Bebida Energetica Lata Ultra Gold Zero 0,5 L","3,58 € / 1 L","1,79 €",MONSTER
Bebidas,Isotónicas y energéticas,"Bebida Energética Cero Green lata 0,5 L","3,58 € / 1 L","1,79 €",MONSTER
Bebidas,Licores y vermouth,"Ginebra 0,7 L","18,50 € / 1 L","13,95 €
12,95 €",BEEFEATER
Bebidas,Licores y vermouth,Centenario 1 L,"8,89 € / 1 L","9,35 €
8,89 €",TERRY
Bebidas,Licores y vermouth,"Vodka 0,7 L","6,64 € / 1 L","4,95 €
4,65 €",SHARUSKA
Bebidas,Licores y vermouth,Vermut Blanco 1 L,"9,69 € / 1 L","10,69 €
9,69 €",MARTINI
Bebidas,Licores y vermouth,"Licor Vodka Red 0,7 L","7,84 € / 1 L","6,00 €
5,49 €",SHARUSKA
Bebidas,Licores y vermouth,"Whisky Scotch 0,7 L","17,13 € / 1 L","12,99 €
11,99 €",J&B
Bebidas,Licores y vermouth,"Crema de Whisky 0,7 L","19,99 € / 1 L","15,49 €
13,99 €",BAILEYS
Bebidas,Licores y vermouth,Vermut Rojo 1 L,"9,69 € / 1 L","10,69 €
9,69 €",MARTINI
Bebidas,Licores y vermouth,"Ginebra 0,7 L","14,27 € / 1 L","11,50 €
9,99 €",GORDON'S
Bebidas,Licores y vermouth,"Ron Añejo Dominicano 0,7 L","7,84 € / 1 L","5,95 €
5,49 €",CALIBRE 38
Bebidas,Licores y vermouth,"Licor Vodka Blue 0,7 L","7,84 € / 1 L","6,00 €
5,49 €",SHARUSKA
Bebidas,Licores y vermouth,"Licor de Hierbas 0,7 L","12,50 € / 1 L","10,29 €
8,75 €",RUAVIEJA
Bebidas,Licores y vermouth,"Whisky Scotch 0,7 L","17,79 € / 1 L","12,99 €
12,45 €",BALLANTINES
Bebidas,Licores y vermouth,Anisette Dulce 1 L,"9,95 € / 1 L","10,25 €
9,95 €",M.BRIZARD
Bebidas,Licores y vermouth,Whisky Scotch 1 L,"19,35 € / 1 L","19,35 €",BALLANTINES
Bebidas,Licores y vermouth,Bebida Espirituosa 1 L,"8,89 € / 1 L","9,79 €
8,89 €",SOBERANO
Bebidas,Licores y vermouth,"Brandy Reserva 0,7 L","37,86 € / 1 L","26,50 €",CARLOS I
Bebidas,Licores y vermouth,"Brandy 0,7 L","17,13 € / 1 L","11,99 €",MAGNO
Bebidas,Licores y vermouth,"Whisky Regal Scotch Premiun 12 Años 0,7 L","37,84 € / 1 L","29,55 €
26,49 €",CHIVAS
Bebidas,Licores y vermouth,"Whisky Scocth Black. 12 Años 0,7 L","38,55 € / 1 L","29,99 €
26,99 €",J.WALKER
Bebidas,Licores y vermouth,"Whisky Scotch 0,7 L","18,55 € / 1 L","14,99 €
12,99 €",WHITE LABEL
Bebidas,Licores y vermouth,"Licor Cointreau 0,7 L","24,41 € / 1 L","17,95 €
17,09 €",COINTREAU
Bebidas,Licores y vermouth,"Ron Venezolano 0,7 L","18,56 € / 1 L","14,49 €
12,99 €",CACIQUE
Bebidas,Licores y vermouth,"Tequila Especial Oro 0,7 L","23,57 € / 1 L","16,50 €",JOSE CUERVO
Bebidas,Licores y vermouth,"Ginebra 0,7 L","28,50 € / 1 L","22,39 €
19,95 €",BOMBAY SAPPH
Bebidas,Licores y vermouth,"Aperitivo de Anís 0,7 L","16,41 € / 1 L","12,70 €
11,49 €",RICARD
Bebidas,Licores y vermouth,"Crema Orujo 0,7 L","15,98 € / 1 L","13,19 €
11,19 €",RUAVIEJA
Bebidas,Licores y vermouth,"Mojito 0,7 L","7,43 € / 1 L","5,49 €
5,20 €",PERLA CARIBE
Bebidas,Licores y vermouth,"Licor de Ponche 0,7 L","16,43 € / 1 L","11,50 €",CABALLERO
Bebidas,Licores y vermouth,"Ron Blanco 0,7 L","18,28 € / 1 L","13,99 €
12,79 €",BACARDI
Bebidas,Licores y vermouth,Vermut Rojo 1 L,"7,95 € / 1 L","7,95 €",YZAGUIRRE
Bebidas,Licores y vermouth,Whisky Scotch 1 L,"16,99 € / 1 L","18,49 €
16,99 €",J&B
Bebidas,Licores y vermouth,"Ginebra Valenciana 0,7 L","17,85 € / 1 L","13,90 €
12,49 €",69 BROSSES
Bebidas,Licores y vermouth,"Vodka Caramelo 0,7 L","7,84 € / 1 L","5,70 €
5,49 €",SHARUSKA
Bebidas,Licores y vermouth,"Ginebra Strawberry 0,7 L","23,50 € / 1 L","16,45 €",P.DE INDIAS
Bebidas,Licores y vermouth,"Licor Crema de Arroz 0,7 L","13,50 € / 1 L","10,50 €
9,45 €",5FANECADES
Bebidas,Licores y vermouth,"Ron Especial 7 Años 0,7 L","28,56 € / 1 L","23,99 €
19,99 €",HAVANA CLUB
Bebidas,Licores y vermouth,"Ginebra 0,7 L","37,86 € / 1 L","26,50 €",NORDÉS
Bebidas,Licores y vermouth,"Licor Crema de Arroz con Cazalla 0,7 L","13,50 € / 1 L","10,50 €
9,45 €",5FANECADES
Bebidas,Licores y vermouth,Vermut Blanco 1 L,"7,95 € / 1 L","7,95 €",CINZANO
Bebidas,Licores y vermouth,Vermut Rojo 1 L,"7,95 € / 1 L","7,95 €",CINZANO
Bebidas,Licores y vermouth,"Vermut Blanco 0,75 L","6,12 € / 1 L","5,19 €
4,59 €",VITTORE
Bebidas,Licores y vermouth,"Vermut Rojo 0,75 L","6,12 € / 1 L","5,19 €
4,59 €",VITTORE
Bebidas,Licores y vermouth,"Ginebra Cítrica 0,7 L","9,99 € / 1 L","7,49 €
6,99 €",PREMIUM 38
Bebidas,Licores y vermouth,Anís Dulce Botella 1 L,"11,35 € / 1 L","11,89 €
11,35 €",CHINCHON
Bebidas,Licores y vermouth,"Aperitivo Fiero 0,75 L","12,25 € / 1 L","10,39 €
9,19 €",MARTINI
Bebidas,Licores y vermouth,Whisky Nacional 1 L,"15,25 € / 1 L","15,25 €",DYC
Bebidas,Licores y vermouth,"Gin Strawberry Botella Pet 0,7 L","9,98 € / 1 L","8,99 €
6,99 €",ROSEE
Bebidas,Licores y vermouth,"Ginebra Light 0,7 L","18,50 € / 1 L","13,95 €
12,95 €",BEEFEATER
Bebidas,Licores y vermouth,"Ginebra Blackberry 0,7 L","23,50 € / 1 L","16,45 €",P.DE INDIAS
Bebidas,Licores y vermouth,"Gin-Tonic Lata 0,25 L","12,40 € / 1 L","3,10 €",BOMBAY SAPPH
Bebidas,Licores y vermouth,"Licor Café 0,7 L","7,85 € / 1 L","5,99 €
5,49 €",CANTEIRA N.
Bebidas,Licores y vermouth,"Crema Whisky 0,7 L","8,57 € / 1 L","6,25 €
6,00 €",ALEMBIC
Bebidas,Licores y vermouth,"Orujo Blanco 0,7 L","9,55 € / 1 L","7,10 €
6,69 €",CANTEIRA N.
Bebidas,Licores y vermouth,"Licor de Hierbas 0,7 L","8,27 € / 1 L","6,10 €
5,79 €",CANTEIRA N.
Bebidas,Licores y vermouth,"Whisky Scotch 10 Años 0,7 L","27,13 € / 1 L","20,99 €
18,99 €",BALLANTINES
Bebidas,Licores y vermouth,"Ron Dominicano Imperial 0,7 L","42,85 € / 1 L","33,50 €
29,99 €",BARCELÓ
Bebidas,Licores y vermouth,"Whisky 8 Años 0,7 L","20,14 € / 1 L","14,10 €",DYC
Bebidas,Licores y vermouth,"Combinado Whisky Cola Lata 0,33 L","6,67 € / 1 L","2,70 €
2,20 €",COCA-COLA
Bebidas,Licores y vermouth,"Vermut Rojo 0,75 L","6,66 € / 1 L","5,99 €
4,99 €",CON UN PAR
Bebidas,Licores y vermouth,"Ginebra Beefeater Black 0,7 L","22,21 € / 1 L","17,99 €
15,55 €",BEEFEATER
Bebidas,Licores y vermouth,Ginebra 1 L,"12,50 € / 1 L","12,50 €",LARIOS
Bebidas,Licores y vermouth,"Whisky Scotch 0,7 L","15,70 € / 1 L","10,99 €",WIL.LAWSONS
Bebidas,Licores y vermouth,"Ron 0,7 L","13,21 € / 1 L","9,25 €",NEGRITA
Bebidas,Licores y vermouth,Vermut Rojo 1 L,"2,50 € / 1 L","2,50 €",VIDAL
Bebidas,Licores y vermouth,"Bebida Refrescante 0,75 L","4,65 € / 1 L","3,49 €",CHAMPIN
Bebidas,Licores y vermouth,Bebida Espirituosa Solera 1 L,"6,00 € / 1 L","6,00 €",ALFONSO I
Bebidas,Licores y vermouth,"Ginebra 0,7 L","23,56 € / 1 L","16,49 €",SEAGRAM´S
Bebidas,Licores y vermouth,"Whisky Scotch 0,7 L","9,99 € / 1 L","6,99 €",GLENWOOD
Bebidas,Licores y vermouth,Anis Seco 1 L,"8,49 € / 1 L","8,49 €",FERRI
Bebidas,Licores y vermouth,Bebida Espirituosa 1 L,"9,35 € / 1 L","9,35 €",VETERANO
Bebidas,Licores y vermouth,"Whisky Scotch Red 0,7 L","20,71 € / 1 L","14,50 €",J.WALKER
Bebidas,Licores y vermouth,Vermut Blanco 1 L,"2,50 € / 1 L","2,50 €",VIDAL
Bebidas,Licores y vermouth,Whisky Scotch 1 L,"16,50 € / 1 L","16,50 €",CUTTY SARK
Bebidas,Licores y vermouth,"Ron Blanco 0,7 L","7,50 € / 1 L","5,25 €",CALIBRE 38
Bebidas,Licores y vermouth,"Ginebra 0,7 L","22,14 € / 1 L","15,50 €",TANQUERAY
Bebidas,Licores y vermouth,"Licor Hierbas 0,7 L","19,79 € / 1 L","13,85 €",JÄGERMEISTER
Bebidas,Licores y vermouth,"Vodka 0,7 L","16,13 € / 1 L","11,29 €",ERISTOFF
Bebidas,Licores y vermouth,"Brandy 5 Años 0,7 L","13,93 € / 1 L","9,75 €",TORRES
Bebidas,Licores y vermouth,"Whisky Nacional 0,7 L","16,14 € / 1 L","11,30 €",DYC
Bebidas,Licores y vermouth,Pacharán 1 L,"11,10 € / 1 L","11,10 €",ZOCO
Bebidas,Licores y vermouth,"Licor 43 0,7 L","21,29 € / 1 L","14,90 €",43
Bebidas,Licores y vermouth,"Brandy Reserva 0,7 L","36,93 € / 1 L","25,85 €",C.MENDOZA
Bebidas,Licores y vermouth,"Cocktail Whisky Peche 0,7 L","11,36 € / 1 L","7,95 €",YATCHING
Bebidas,Licores y vermouth,"Whisky Malta 12 Años 0,7 L","42,79 € / 1 L","29,95 €",CARDHU
Bebidas,Licores y vermouth,"Whisky Tennessee 0,7 L","33,21 € / 1 L","23,25 €",JACK DANIELS
Bebidas,Licores y vermouth,"Ron Añejo Dominicano 0,7 L","22,43 € / 1 L","15,70 €",BRUGAL
Bebidas,Licores y vermouth,"Licor de Crema Catalana 0,7 L","13,84 € / 1 L","9,69 €",MELODY
Bebidas,Licores y vermouth,"Ron Dominicano 0,7 L","21,36 € / 1 L","14,95 €",BARCELÓ
Bebidas,Licores y vermouth,Aperitivo Licor de Café 1 L,"5,90 € / 1 L","5,90 €",CEROL
Bebidas,Licores y vermouth,"Ron Caribeño 0,7 L","18,00 € / 1 L","12,60 €",MALIBU
Bebidas,Licores y vermouth,"Licor Almendra Amaretto 0,7 L","24,14 € / 1 L","16,90 €",DISARONNO
Bebidas,Licores y vermouth,"Vodka 0,7 L","21,36 € / 1 L","14,95 €",ABSOLUT
Bebidas,Licores y vermouth,"Whisky Irlandés 0,7 L","27,50 € / 1 L","19,25 €",JAMESON
Bebidas,Licores y vermouth,Anis Seco 1 L,"12,30 € / 1 L","12,30 €",TENIS
Bebidas,Licores y vermouth,Anis Dulce 1 L,"7,19 € / 1 L","7,19 €",FERRI
Bebidas,Licores y vermouth,"Brandy Solera Reserva 0,7 L","8,43 € / 1 L","5,90 €",ALFONSO I
Bebidas,Licores y vermouth,Licor de Ponche 1 L,"8,00 € / 1 L","8,00 €",WILLIAMS
Bebidas,Licores y vermouth,"Licor de Manzana Verde 0,7 L","5,13 € / 1 L","3,59 €",GINERS
Bebidas,Licores y vermouth,"Licor de Melocotón 0,7 L","5,13 € / 1 L","3,59 €",GINERS
Bebidas,Licores y vermouth,"Whisky Bourbon Americano 0,7 L","22,14 € / 1 L","15,50 €",JIM BEAN
Bebidas,Licores y vermouth,"Licor Limoncello 0,7 L","22,29 € / 1 L","15,60 €",VILLA MASSA
Bebidas,Licores y vermouth,"Ginebra 12 0,7 L","23,57 € / 1 L","16,50 €",LARIOS
Bebidas,Licores y vermouth,"Anís Dulce 0,7 L","11,84 € / 1 L","8,29 €",MONO
Bebidas,Licores y vermouth,"Licor de Manzana Sin Alcohol 0,7 L","7,36 € / 1 L","5,15 €",GRANPOMIER
Bebidas,Licores y vermouth,"Licor Limoncello 0,7 L","10,41 € / 1 L","7,29 €",BELLAMARE
Bebidas,Licores y vermouth,"Brandy Gran Reserva 0,7 L","14,14 € / 1 L","9,90 €",ALFONSO I
Bebidas,Licores y vermouth,Vodka 1 L,"15,59 € / 1 L","15,59 €",SMIRNOFF
Bebidas,Licores y vermouth,"Ginebra 0,7 L","42,14 € / 1 L","29,50 €",M.MILLER´S
Bebidas,Licores y vermouth,"Anís Dulce 0,7 L","13,21 € / 1 L","9,25 €",CASTELLANA
Bebidas,Licores y vermouth,"Ron Añejo Dominicano 5 Años 0,7 L","11,41 € / 1 L","7,99 €",CALIBRE 38
Bebidas,Licores y vermouth,"Ron Caramelo 0,7 L","8,99 € / 1 L","6,29 €",CALIBRE 38
Bebidas,Licores y vermouth,"Licor Hierbas 0,7 L","14,27 € / 1 L","9,99 €",JAKE MATE
Bebidas,Licores y vermouth,"Ron Miel Botella 0,7 L","9,27 € / 1 L","6,49 €",CALIBRE 38
Bebidas,Licores y vermouth,"Aperitivo 0,7 L","19,14 € / 1 L","13,40 €",APEROL
Bebidas,Licores y vermouth,"Ginebra Rosé 0,7 L","23,57 € / 1 L","16,50 €",LARIOS
Bebidas,Licores y vermouth,"Carajillo de Ron 0,7 L","11,41 € / 1 L","7,99 €",3 COLORES
Bebidas,Licores y vermouth,"Whisky Bourbon 0,7 L","13,27 € / 1 L","9,29 €",BOWL.GREEN
Bebidas,Licores y vermouth,Ron Añejo 1 L,"7,59 € / 1 L","7,59 €",CALIBRE 38
Bebidas,Licores y vermouth,"Ginebra Premium 0,7 L","36,43 € / 1 L","25,50 €",BULLDOG
Bebidas,Licores y vermouth,"Ginebra Strawberry 0,7 L","10,93 € / 1 L","7,65 €",PREMIUM 38
Bebidas,Licores y vermouth,"Ginebra Premium 0,7 L","16,43 € / 1 L","11,50 €",38
Bebidas,Licores y vermouth,"Licor Crema de Arroz 0,7 L","9,93 € / 1 L","6,95 €",HUERTA ONDA
Bebidas,Licores y vermouth,"Vodka Premium 0,7 L","16,43 € / 1 L","11,50 €",SHARUSKA
Bebidas,Licores y vermouth,Whisky Escocés 1 L,"13,50 € / 1 L","13,50 €",H.QUEEN
Bebidas,Licores y vermouth,"Licor Crema de Arroz Con Fresas 0,7 L","9,93 € / 1 L","6,95 €",HUERTA ONDA
Bebidas,Licores y vermouth,"Bitter con Alcohol 0,7 L","21,71 € / 1 L","15,20 €",CAMPARI
Bebidas,Licores y vermouth,"Tequila 0,7 L","26,43 € / 1 L","18,50 €",ROSE
Bebidas,Licores y vermouth,"Whisky Malta 12 Años 0,7 L","55,57 € / 1 L","38,90 €",GLENFIDDICH
Bebidas,Licores y vermouth,"Piña Colada 0,7 L","8,29 € / 1 L","5,80 €",CALIBRE 38
Bebidas,Licores y vermouth,"Piña Colada sin Alcohol 0,7 L","5,71 € / 1 L","4,00 €",CALIBRE 38
Bebidas,Licores y vermouth,"Ron Botella 0,7 L","24,84 € / 1 L","17,39 €",SANTA TERESA
Bebidas,Licores y vermouth,Pacharán Navarro I.G.Pacharán Navarro 1 L,"6,90 € / 1 L","6,90 €",NAPAROA
Bebidas,Licores y vermouth,"Ginebra Pure Dry 0,7 L","8,56 € / 1 L","5,99 €",38
Bebidas,Licores y vermouth,"Crema de Limoncello 0,7 L","9,43 € / 1 L","6,60 €",FRANCESCOLI
Bebidas,Licores y vermouth,"Crema de Meloncello 0,7 L","9,99 € / 1 L","6,99 €",FRANCESCOLI
Bebidas,Licores y vermouth,Vodka Colores Pack 5 x 20 ml,"3,95 € / 100 ml","3,95 €",COOL SHOT
Bebidas,Licores y vermouth,"Licor Whisky Canela 0,7 L","11,41 € / 1 L","7,99 €",SPICE MONKEY
Bebidas,Licores y vermouth,"Cajón Gin Fresa 0,4 L","23,23 € / 1 L","9,29 €",GIN ROSEE
Bebidas,Licores y vermouth,"Tequila Blanco 0,7 L","13,56 € / 1 L","9,49 €",38
Bebidas,Licores y vermouth,"Whisky Escoces 3 Años 0,7 L","10,70 € / 1 L","7,49 €",BOWL.GREEN
Bebidas,Licores y vermouth,"Vodka White Botella Pet 0,7 L","12,84 € / 1 L","8,99 €",ROSEE
Bebidas,Licores y vermouth,"Vermut Rojo Reserva 0,75 L","9,72 € / 1 L","7,29 €",VITTORE
Bebidas,Licores y vermouth,"Ron Añejo Cubano 3 Años 0,7 L","19,41 € / 1 L","13,59 €",HAVANA CLUB
Bebidas,Licores y vermouth,"Tequila Reposado 0,7 L","15,00 € / 1 L","10,50 €",38
Bebidas,Licores y vermouth,"Ginebra Mint Botella 0,7 L","12,84 € / 1 L","8,99 €",ROSEE
Bebidas,Licores y vermouth,Anís Seco 48º 1 L,"9,49 € / 1 L","9,49 €",100 PECADOS
Bebidas,Licores y vermouth,"Ron Carta Negra 0,7 L","19,99 € / 1 L","13,99 €",BACARDI
Bebidas,Licores y vermouth,"Whisky 0,7 L","11,41 € / 1 L","7,99 €",REBEL MONKEY
Bebidas,Licores y vermouth,"Crema de Fresas Tequila Botella 0,7 L","15,57 € / 1 L","10,90 €",BUITRAL
Bebidas,Licores y vermouth,"Ginebra Blackberry 0,7 L","11,00 € / 1 L","7,70 €",PREMIUM 38
Bebidas,Licores y vermouth,Vermut Artesano Selección 1 L,"3,45 € / 1 L","3,45 €",VIDAL
Bebidas,Licores y vermouth,"Crema Orujo 0,7 L","8,93 € / 1 L","6,25 €",CANTEIRA N.
Bebidas,Licores y vermouth,"Bitter con Alcohol Soda Pack de 3 3 x 0,2 L","8,98 € / 1 L","5,39 €",CINZANO
Bebidas,Licores y vermouth,"Cajón Whisky con Cánela 0,4 L","23,23 € / 1 L","9,29 €",SPICE MONKEY
Bebidas,Licores y vermouth,"Gin Fresa Tonic Botella 0,33 L","3,48 € / 1 L","1,15 €",ROSEE
Bebidas,Licores y vermouth,"Ron Extra Viejo Dominicano 0,7 L","32,14 € / 1 L","22,50 €",BRUGAL
Bebidas,Licores y vermouth,"Gin-tonic Botella 0,33 L","3,48 € / 1 L","1,15 €",WHITE
Bebidas,Licores y vermouth,"Whisky Escocés 0,7 L","8,56 € / 1 L","5,99 €",R.BROTHERS
Bebidas,Licores y vermouth,"Vermut Rojo sin Alcohol 0,75 L","15,40 € / 1 L","11,55 €",MARTINI
Bebidas,Licores y vermouth,"Licor de Manzana Verde sin Alcohol 0,7 L","4,00 € / 1 L","2,80 €",CALIBRE 38
Bebidas,Licores y vermouth,"Licor de Mora sin Alcohol 0,7 L","4,00 € / 1 L","2,80 €",CALIBRE 38
Bebidas,Licores y vermouth,"Cachaza 0,7 L","21,07 € / 1 L","14,75 €",51
Bebidas,Licores y vermouth,"Licor de Crema Mango y Tequila 0,7 L","10,70 € / 1 L","7,49 €",38
Bebidas,Licores y vermouth,"Peppermint 0,7 L","9,27 € / 1 L","6,49 €",LE CASTEUR
Bebidas,Licores y vermouth,"Licor de Crema Chocolate y Tequila 0,7 L","10,70 € / 1 L","7,49 €",38
Bebidas,Refrescos,"Tónica Zero Lata 0,33 L","2,88 € / 1 L","0,95 €",SCHWEPPES
Bebidas,Refrescos,"Refresco Cola Light Lata 0,33 L","2,70 € / 1 L","0,89 €",COCA-COLA
Bebidas,Refrescos,"Refresco Cola Lata 0,33 L","2,27 € / 1 L","0,75 €",PEPSI-COLA
Bebidas,Refrescos,"Tónica Lata 0,33 L","2,88 € / 1 L","0,95 €",SCHWEPPES
Bebidas,Refrescos,"Refresco Lima Limón Lata 0,33 L","1,79 € / 1 L","0,59 €",SEVEN UP
Bebidas,Refrescos,"Refresco Cola Sin Cafeina Lata 0,33 L","2,09 € / 1 L","0,89 €
0,69 €",COCA-COLA
Bebidas,Refrescos,Refresco Limón Botella 2 L,"0,78 € / 1 L","1,79 €
1,55 €",FANTA
Bebidas,Refrescos,"Refresco Te Lata 0,33 L","3,00 € / 1 L","0,99 €",NESTEA
Bebidas,Refrescos,"Refresco Cola Zero Lata 0,33 L","2,27 € / 1 L","0,75 €",PEPSI-COLA
Bebidas,Refrescos,Tónica Botella 1 L,"1,70 € / 1 L","1,90 €
1,70 €",SCHWEPPES
Bebidas,Refrescos,Refresco Cola Bipack Indivisible 2 x 2 L,"0,93 € / 1 L","3,90 €
3,70 €",COCA-COLA
Bebidas,Refrescos,"Tónica Lata 0,25 L","2,00 € / 1 L","0,50 €",NORDIC MIST
Bebidas,Refrescos,Refresco Cola Light Bipack Indivisible 2 x 2 L,"0,93 € / 1 L","3,90 €
3,70 €",COCA-COLA
Bebidas,Refrescos,"Refresco Limón Lata 0,33 L","2,88 € / 1 L","0,95 €",SCHWEPPES
Bebidas,Refrescos,Refresco Cola Zero Bipack Indivisible 2 x 2 L,"0,93 € / 1 L","3,90 €
3,70 €",COCA-COLA
Bebidas,Refrescos,"Refresco Té Limón Botella 1,5 L","1,17 € / 1 L","1,99 €
1,75 €",NESTEA
Bebidas,Refrescos,"Refresco Té Limón sin Azúcar Botella 1,5 L","1,17 € / 1 L","1,99 €
1,75 €",NESTEA
Bebidas,Refrescos,"Refresco Naranja Sin Gas Botella 1,5 L","0,87 € / 1 L","1,69 €
1,30 €",TRINA
Bebidas,Refrescos,"Tónica Lata 0,25 L","3,16 € / 1 L","0,79 €",SCHWEPPES
Bebidas,Refrescos,Refresco Limón Original Botella 1 L,"1,70 € / 1 L","1,90 €
1,70 €",SCHWEPPES
Bebidas,Refrescos,"Refresco de Lima-Limón Lata 0,33 L","1,79 € / 1 L","0,59 €",SPRITE
Bebidas,Refrescos,Refresco Naranja Bipack Indivisible 2 x 2 L,"0,75 € / 1 L","3,50 €
3,00 €",FANTA
Bebidas,Refrescos,"Refresco Limón Pet Zero 1,5 L","0,87 € / 1 L","1,69 €
1,30 €",TRINA
Bebidas,Refrescos,Refresco Lima Limón Botella 2 L,"0,65 € / 1 L","1,59 €
1,29 €",SEVEN UP
Bebidas,Refrescos,"Refresco Limón Sin Gas Botella 1,5 L","0,87 € / 1 L","1,69 €
1,30 €",TRINA
Bebidas,Refrescos,"Refresco Naranja Pet Zero 1,5 L","0,87 € / 1 L","1,69 €
1,30 €",TRINA
Bebidas,Refrescos,"Refresco Tropical Sin Gas Botella 1,5 L","0,87 € / 1 L","1,69 €
1,30 €",TRINA
Bebidas,Refrescos,"Ginger Ale Lata 0,25 L","3,16 € / 1 L","0,79 €",SCHWEPPES
Bebidas,Refrescos,Té Limón Instantáneo Sin Azúcar 8 sobres 8 L,"0,23 € / 1 L","1,85 €",LOADING
Bebidas,Refrescos,Refresco Fr. Rojos Instantáneo Sin Azúcar 8 L,"0,23 € / 1 L","1,85 €",LOADING
Bebidas,Refrescos,"Tónica Hibiscus Botellín 0,2 L","8,75 € / 1 L","1,75 €",SCHWEPPES
Bebidas,Refrescos,"Refresco Cola Zero Cherry Lata 0,33 L","2,09 € / 1 L","0,89 €
0,69 €",COCA-COLA
Bebidas,Refrescos,Refresco Cola Zero Zero Bipack Indivisible 2 x 2 L,"0,93 € / 1 L","3,90 €
3,70 €",COCA-COLA
Bebidas,Refrescos,Tónica Zero Botella 1 L,"1,70 € / 1 L","1,90 €
1,70 €",SCHWEPPES
Bebidas,Refrescos,"Refresco Té Melocotón Botella 1,5 L","0,66 € / 1 L","1,30 €
0,99 €",DON SIMON
Bebidas,Refrescos,"Refresco Té Limón Botella 1,5 L","0,66 € / 1 L","1,30 €
0,99 €",DON SIMON
Bebidas,Refrescos,"Refresco Cola Zero Lata 0,33 L","2,70 € / 1 L","0,89 €",COCA-COLA
Bebidas,Refrescos,"Refresco Cola Zero Zero Lata 0,33 L","2,70 € / 1 L","0,89 €",COCA-COLA
Bebidas,Refrescos,"Refresco Cola Lata 0,33 L","2,70 € / 1 L","0,89 €",COCA-COLA
Bebidas,Refrescos,Refresco Cola Zero Botella 1 L,"1,00 € / 1 L","1,25 €
1,00 €",PEPSI-COLA
Bebidas,Refrescos,Refresco Cola Botella 1 L,"1,00 € / 1 L","1,25 €
1,00 €",PEPSI-COLA
Bebidas,Refrescos,"Tónica Botella 0,2 L","5,30 € / 1 L","1,06 €",SCHWEPPES
Bebidas,Refrescos,"Tónica Pink Botella 0,2 L","5,30 € / 1 L","1,06 €",SCHWEPPES
Bebidas,Refrescos,"Tonica Zero Lata 0,25 L","2,00 € / 1 L","0,65 €
0,50 €",NORDIC MIST
Bebidas,Refrescos,"Tonica Toque Lima Botellin 0,2 L","8,75 € / 1 L","1,75 €",SCHWEPPES
Bebidas,Refrescos,"Tonica Pink Zero Lata 0,33 L","2,88 € / 1 L","0,95 €",SCHWEPPES
Bebidas,Refrescos,"Kombucha Frutos Rojos Botella 0,25 L","7,80 € / 1 L","1,95 €",MUN
Bebidas,Refrescos,"Kombucha Jengibre Y Limón Botella 0,25 L","7,80 € / 1 L","1,95 €",MUN
Bebidas,Refrescos,"Refresco Cola Botella 0,5 L","2,90 € / 1 L","1,45 €",COCA-COLA
Bebidas,Refrescos,"Bitter sin Alcohol Lata 0,33 L","3,00 € / 1 L","0,99 €",KAS
Bebidas,Refrescos,Refresco Cola Botella 2 L,"1,00 € / 1 L","1,99 €",COCA-COLA
Bebidas,Refrescos,"Refresco Naranja Lata 0,33 L","2,27 € / 1 L","0,75 €",FANTA
Bebidas,Refrescos,Refresco Naranja Botella 2 L,"0,90 € / 1 L","1,79 €",FANTA
Bebidas,Refrescos,"Refresco Limón Lata 0,33 L","2,27 € / 1 L","0,75 €",FANTA
Bebidas,Refrescos,Refresco Cola sin Cafeína Botella 2 L,"1,00 € / 1 L","1,99 €",COCA-COLA
Bebidas,Refrescos,"Refresco Cola Light Lata 0,33 L","2,27 € / 1 L","0,75 €",PEPSI-COLA
Bebidas,Refrescos,"Refresco Cola Light sin Cafeína Lata 0,33 L","2,70 € / 1 L","0,89 €",COCA-COLA
Bebidas,Refrescos,"Refresco Té sin Azúcar Lata 0,33 L","3,00 € / 1 L","0,99 €",NESTEA
Bebidas,Refrescos,"Refresco Naranja sin Gas Lata. 0,33 L","2,00 € / 1 L","0,66 €",TRINA
Bebidas,Refrescos,"Refresco Limón sin Gas Lata. 0,33 L","2,00 € / 1 L","0,66 €",TRINA
Bebidas,Refrescos,"Refresco Naranja Botella 0,5 L","2,90 € / 1 L","1,45 €",FANTA
Bebidas,Refrescos,Refresco Naranja Zero Botella 2 L,"0,90 € / 1 L","1,79 €",FANTA
Bebidas,Refrescos,"Refresco Naranja Zero Lata 0,33 L","2,27 € / 1 L","0,75 €",FANTA
Bebidas,Refrescos,"Refresco Limón Zero Lata 0,33 L","2,27 € / 1 L","0,75 €",FANTA
Bebidas,Refrescos,Refresco Cola Zero Botella 2 L,"1,00 € / 1 L","1,99 €",COCA-COLA
Bebidas,Refrescos,"Tónica Botella 1,5 L","0,60 € / 1 L","0,90 €",CONSUM
Bebidas,Refrescos,"Refresco Limón Zero Lata 0,33 L","2,88 € / 1 L","0,95 €",SCHWEPPES
Bebidas,Refrescos,"Refresco Cola Zero Botella 0,5 L","2,90 € / 1 L","1,45 €",COCA-COLA
Bebidas,Refrescos,"Tónica Lata 0,33 L","1,12 € / 1 L","0,37 €",CONSUM
Bebidas,Refrescos,"Refresco Cola Light Lata 0,33 L","1,03 € / 1 L","0,34 €",CONSUM
Bebidas,Refrescos,Refresco Cola Zero Zero Pet 2 L,"1,00 € / 1 L","1,99 €",COCA-COLA
Bebidas,Refrescos,Refresco Cola Cero Botella 2 L,"0,35 € / 1 L","0,70 €",CONSUM
Bebidas,Refrescos,"Refresco Naranja sin Gas Zero Lata. 0,33 L","2,00 € / 1 L","0,66 €",TRINA
Bebidas,Refrescos,"Refresco Manzana Lata Sin Gas. 0,33 L","2,00 € / 1 L","0,66 €",TRINA
Bebidas,Refrescos,"Refresco Cola Cero Lata 0,33 L","0,97 € / 1 L","0,32 €",CONSUM
Bebidas,Refrescos,"Cola Cero sin Cafeína Lata 0,33 L","0,97 € / 1 L","0,32 €",CONSUM
Bebidas,Refrescos,"Refresco Bitter Lata 0,25 L","1,96 € / 1 L","0,49 €",CONSUM
Bebidas,Refrescos,"Refresco Guaraná 0,33 L","2,70 € / 1 L","0,89 €",ANTARCTICA
Bebidas,Refrescos,Refresco Limón Zero Botella 2 L,"0,90 € / 1 L","1,79 €",FANTA
Bebidas,Refrescos,Refresco de Lima-Limón Botella 2 L,"0,48 € / 1 L","0,95 €",CONSUM
Bebidas,Refrescos,Refresco Cola Cero sin Cafeína Botella 2 L,"0,35 € / 1 L","0,70 €",CONSUM
Bebidas,Refrescos,"Bitter sin Alcohol Pack de 6 6 x 0,2 L","4,58 € / 1 L","5,49 €",KAS
Bebidas,Refrescos,"Refresco Naranja Cero sin Gas Botella 1,5 L","0,70 € / 1 L","1,05 €",CONSUM
Bebidas,Refrescos,"Refresco Aloe Fresa Botella 0,5 L","3,10 € / 1 L","1,55 €",OKF
Bebidas,Refrescos,Refresco Limón Cero Botella 2 L,"0,48 € / 1 L","0,95 €",CONSUM
Bebidas,Refrescos,Refresco Naranja Cero Botella 2 L,"0,48 € / 1 L","0,95 €",CONSUM
Bebidas,Refrescos,"Refresco Aloe Vera Botella 0,5 L","3,10 € / 1 L","1,55 €",OKF
Bebidas,Refrescos,"Agua de Coco 100% Botella 0,5 L","3,98 € / 1 L","1,99 €",TESORO NATUR
Bebidas,Refrescos,"Refresco Cola Zero Zero Botella 1,25 L","1,19 € / 1 L","1,49 €",COCA-COLA
Bebidas,Refrescos,"Limonada Light Botella 1,5 L","0,77 € / 1 L","1,15 €",DON SIMON
Bebidas,Refrescos,Refresco Lima-Limón Botella 2 L,"0,80 € / 1 L","1,59 €",SPRITE
Bebidas,Refrescos,Refresco de Lima-Limón Zero Botella 2 L,"0,80 € / 1 L","1,59 €",SPRITE
Bebidas,Refrescos,"Refresco Cola Botella 1,25 L","1,19 € / 1 L","1,49 €",COCA-COLA
Bebidas,Refrescos,"Refresco Cola Zero Botella 1,25 L","1,19 € / 1 L","1,49 €",COCA-COLA
Bebidas,Refrescos,"Refresco Cola Light Botella 1,25 L","1,19 € / 1 L","1,49 €",COCA-COLA
Bebidas,Refrescos,"Refresco Cola Zero Lima Lata 0,33 L","2,27 € / 1 L","0,75 €",PEPSI-COLA
Bebidas,Refrescos,"Refresco Té Limón Cero Botella 1,5 L","0,63 € / 1 L","0,95 €",CONSUM
Bebidas,Refrescos,"Refresco Té Melocotón Cero Lata 0,33 L","1,21 € / 1 L","0,40 €",CONSUM
Bebidas,Refrescos,"Refresco Té Limón Botella 1,5 L","0,63 € / 1 L","0,95 €",CONSUM
Bebidas,Refrescos,"Refresco Té Limón Cero Lata 0,33 L","1,21 € / 1 L","0,40 €",CONSUM
Bebidas,Refrescos,"Refresco Té Melocotón Botella 1,5 L","0,63 € / 1 L","0,95 €",CONSUM
Bebidas,Refrescos,"Refresco Té Verde Botella 1,5 L","0,63 € / 1 L","0,95 €",CONSUM
Bebidas,Refrescos,"Refresco Cola Zero Sin Cafeína Lata 0,33 L","2,27 € / 1 L","0,75 €",PEPSI-COLA
Bebidas,Refrescos,"Refresco Aloe Vera sin Azúcar Botella 0,5 L","3,10 € / 1 L","1,55 €",OKF
Bebidas,Refrescos,Agua de Coco 100% Botella 1 L,"2,60 € / 1 L","2,60 €",TESORO NATUR
Bebidas,Refrescos,"Refresco Cola Zero Zero Pet 0,5 L","2,90 € / 1 L","1,45 €",COCA-COLA
Bebidas,Refrescos,"Refresco Cola Lata 0,33 L","1,03 € / 1 L","0,34 €",CONSUM
Bebidas,Refrescos,"Refresco Limón Botella 1,25 L","1,19 € / 1 L","1,49 €",FANTA
Bebidas,Refrescos,"Refresco Naranja Botella 1,25 L","1,19 € / 1 L","1,49 €",FANTA
Bebidas,Refrescos,Refresco Cola Botella 2 L,"0,40 € / 1 L","0,80 €",CONSUM
Bebidas,Refrescos,Refresco Limón Botella 2 L,"0,48 € / 1 L","0,95 €",CONSUM
Bebidas,Refrescos,"Refresco Limón Lata 0,33 L","1,06 € / 1 L","0,35 €",CONSUM
Bebidas,Refrescos,"Refresco Manzana sin Gas Botella 1,5 L","0,67 € / 1 L","1,00 €",ENJOY
Bebidas,Refrescos,"Refresco Naranja Lata 0,33 L","1,06 € / 1 L","0,35 €",CONSUM
Bebidas,Refrescos,Refresco Naranja Botella 2 L,"0,48 € / 1 L","0,95 €",CONSUM
Bebidas,Refrescos,"Refresco Cola Regular Pack Indivisible 6 Latas 6 x 0,2 L","3,33 € / 1 L","3,99 €",COCA-COLA
Bebidas,Refrescos,"Refresco Cola Zero Pack Indivisible 6 Latas 6 x 0,2 L","3,33 € / 1 L","3,99 €",COCA-COLA
Bebidas,Refrescos,"Refresco Cola Pack de 4 Botellas Vidrio 4 x 0,2 L","5,00 € / 1 L","4,00 €",COCA-COLA
Bebidas,Refrescos,"Refresco Multifrutas Cero sin Gas 35% Zumo 1,5 L","0,70 € / 1 L","1,05 €",CONSUM
Bebidas,Refrescos,"Refresco Fresa Cero sin Gas 35% Zumo 1,5 L","0,70 € / 1 L","1,05 €",CONSUM
Bebidas,Refrescos,"Refresco Mandarina Lima, Naranja y Pomelo 0,33 L","2,88 € / 1 L","0,95 €",SCHWEPPES
Bebidas,Refrescos,"Refresco Tropical sin Gas 1,5 L","0,70 € / 1 L","1,05 €",CONSUM
Bebidas,Refrescos,"Refresco Limón Cero sin Gas Botella 1,5 L","0,70 € / 1 L","1,05 €",CONSUM
Bebidas,Refrescos,"Refresco Sandía Zero Lata 0,33 L","2,27 € / 1 L","0,75 €",FANTA
Bebidas,Refrescos,"Refresco Cola Zero Pack 4 Botellas Vidrio 4 x 0,2 L","5,00 € / 1 L","4,00 €",COCA-COLA
Bebidas,Refrescos,"Refresco Naranja sin Gas 16% Zumo 1,5 L","0,70 € / 1 L","1,05 €",CONSUM
Bebidas,Refrescos,"Refresco Té Limón Botella 0,5 L","2,90 € / 1 L","1,45 €",NESTEA
Bebidas,Refrescos,"Refresco Cola Light Botella 1,75 L","0,97 € / 1 L","1,69 €",PEPSI-COLA
Bebidas,Refrescos,"Refresco Cola Zero Bipack Indivisible 2 x 1,75 L","0,94 € / 1 L","3,30 €",PEPSI-COLA
Bebidas,Refrescos,"Refresco de Cola Bipack Indivisible 2 x 1,75 L","0,94 € / 1 L","3,30 €",PEPSI-COLA
Bebidas,Refrescos,"Refresco Cola Zero Zero Pack 6 Latas 6 x 0,2 L","3,33 € / 1 L","3,99 €",COCA-COLA
Bebidas,Refrescos,"Refresco Kiwi con Chía Botella 0,45 L","3,44 € / 1 L","1,55 €",TESORO NATUR
Bebidas,Refrescos,"Refresco Cola Zero Sin Cafeína Pet 1,75 L","0,97 € / 1 L","1,69 €",PEPSI-COLA
Bebidas,Refrescos,"Mixer Berry Lata 0,25 L","3,00 € / 1 L","0,75 €",ROYAL BLISS
Bebidas,Refrescos,"Refresco Lima-Limón Lata 0,33 L","2,58 € / 1 L","0,85 €",LAIMON
Bebidas,Refrescos,"Tonica Limon Lata 0,33 L","2,88 € / 1 L","0,95 €",SCHWEPPES
Bebidas,Refrescos,"Refresco Cola Zero Lata Creations 0,33 L","2,58 € / 1 L","0,85 €",COCA-COLA
Bebidas,Refrescos,"Tonica Mediterránea Botella de Cristal 0,2 L","7,95 € / 1 L","1,59 €",FEVER TREE
Bebidas,Refrescos,"Tónica Indian Botella de Cristal 0,2 L","7,95 € / 1 L","1,59 €",FEVER TREE
Bebidas,Refrescos,"Refresco Naranja Zero Lata 0,33 L","2,88 € / 1 L","0,95 €",SCHWEPPES
Bebidas,Refrescos,"Té Limón Zero Pet 0,5 L","1,24 € / 1 L","0,62 €",S.BENEDETTO
Bebidas,Refrescos,"Té Melocotón Zero Pet 0,5 L","1,24 € / 1 L","0,62 €",S.BENEDETTO
Bebidas,Sangrías y combinados base vino,"Tinto de Verano Limón 0,0%Azúcar 0,0%Alcohol 1,5 L","0,79 € / 1 L","1,55 €
1,19 €",SANDEVID
Bebidas,Sangrías y combinados base vino,Sangría Brik 1 L,"1,65 € / 1 L","1,85 €
1,65 €",DON SIMON
Bebidas,Sangrías y combinados base vino,"Tinto Verano Clasico sin Alcohol Botella Pet 1,5 L","1,03 € / 1 L","1,55 €",DON SIMON
Bebidas,Sangrías y combinados base vino,"Tinto Verano Limon Sin Alcohol Botella Pet 1,5 L","1,03 € / 1 L","1,55 €",DON SIMON
Bebidas,Sangrías y combinados base vino,"Tinto Verano Limón Botella Pet 1,5 L","1,23 € / 1 L","1,85 €",DON SIMON
Bebidas,Sangrías y combinados base vino,"Sangría Botella Pet 1,5 L","1,40 € / 1 L","2,10 €",DON SIMON
Bebidas,Sangrías y combinados base vino,"Tinto Verano Clásico Botella Pet 1,5 L","1,23 € / 1 L","1,85 €",DON SIMON
Bebidas,Sangrías y combinados base vino,"Tinto Verano Limón Lata 0,33 L","2,70 € / 1 L","0,89 €",LA CASERA
Bebidas,Sangrías y combinados base vino,"Tinto de Verano Clásico Botella Pet 1,5 L","1,13 € / 1 L","1,69 €",SANDEVID
Bebidas,Sangrías y combinados base vino,"Tinto de Verano Limón Botella Pet 1,5 L","1,13 € / 1 L","1,69 €",SANDEVID
Bebidas,Sangrías y combinados base vino,"Tinto de Verano Limón 1,5 L","1,53 € / 1 L","2,29 €",LA CASERA
Bebidas,Sangrías y combinados base vino,"Tinto de Verano Clasico 1,5 L","1,53 € / 1 L","2,29 €",LA CASERA
Bebidas,Sangrías y combinados base vino,"Tinto de Verano Limón 0,0 sin Alcohol Lata 0,33 L","2,70 € / 1 L","0,89 €",LA CASERA
Bebidas,Sangrías y combinados base vino,"Tinto de Verano Limón 0,0%Azúcar 0,0%Alcohol 1,5 L","1,03 € / 1 L","1,55 €",DON SIMON
Bebidas,Sangrías y combinados base vino,Sangría Brik 1 L,"1,15 € / 1 L","1,15 €",PEÑASOL
Bebidas,Sangrías y combinados base vino,"Tinto de Verano Clásico Lata 0,33 L","2,70 € / 1 L","0,89 €",LA CASERA
Bebidas,Vinos blancos,Vino Blanco de Mesa Brik 1 L,"0,95 € / 1 L","1,00 €
0,95 €",ROIXELA
Bebidas,Vinos blancos,"Vino Blanco D.O.Utiel-Requena 0,75 L","2,93 € / 1 L","2,49 €
2,20 €",V.ENTERIZO
Bebidas,Vinos blancos,"Vino Blanco Verdejo D.O.Rueda 0,75 L","4,65 € / 1 L","5,25 €
3,49 €",BLUME
Bebidas,Vinos blancos,"Vino Blanco Aguja Espumoso 0,75 L","6,66 € / 1 L","5,99 €
4,99 €",SANDARA
Bebidas,Vinos blancos,"Vino Blanco D.O.Cataluña 0,75 L","6,66 € / 1 L","5,90 €
4,99 €",VIÑA SOL
Bebidas,Vinos blancos,"Vino Blanco Ecológico D.O.Penedes 0,75 L","10,65 € / 1 L","8,50 €
7,99 €",V. ESMERALDA
Bebidas,Vinos blancos,"Vino Blanco con Barrica D.O.Utiel-Requena 0,75 L","5,98 € / 1 L","5,29 €
4,49 €",P.DE THARSYS
Bebidas,Vinos blancos,"Vino Blanco Verdejo D.O.Valdepeñas 0,75 L","3,72 € / 1 L","3,19 €
2,79 €",VIÑA ALBALI
Bebidas,Vinos blancos,"Vino Blanco Verdejo D.O.Rueda 0,75 L","6,66 € / 1 L","6,29 €
4,99 €",VIÑA MAYOR
Bebidas,Vinos blancos,"Vino Blanco Canallas D.O.Valencia 0,75 L","4,52 € / 1 L","3,99 €
3,39 €",ARRAEZ
Bebidas,Vinos blancos,"Vino Blanco Sauvignon D.O.Rueda 0,75 L","7,99 € / 1 L","7,65 €
5,99 €",MELIOR
Bebidas,Vinos blancos,"Vino Blanco D.O.Valencia 0,75 L","5,32 € / 1 L","4,35 €
3,99 €",LA TRACA
Bebidas,Vinos blancos,"Vino Blanco Sauvignon D.O. Utiel Requena 0,75 L","6,66 € / 1 L","6,59 €
4,99 €",CON UN PAR
Bebidas,Vinos blancos,"Vino BlancoGewuztramine D.O.Somontano 0,75 L","5,53 € / 1 L","4,65 €
4,15 €",VINITIUM
Bebidas,Vinos blancos,"Vino Blanco Albariño D.O.Rías Baixas 0,75 L","11,98 € / 1 L","10,15 €
8,99 €",FAUST.RIVERO
Bebidas,Vinos blancos,"Vino Blanco Verdejo D.O. Rueda 0,75 L","2,54 € / 1 L","2,00 €
1,90 €",ALIJARES
Bebidas,Vinos blancos,"Vino Blanco Varietal Reg. Castilla La Mancha 0,75 L","5,72 € / 1 L","5,29 €
4,29 €",MUCHO MAS
Bebidas,Vinos blancos,"Vino Blanco D.O. Valencia 0,75 L","9,32 € / 1 L","7,99 €
6,99 €",HUELLA
Bebidas,Vinos blancos,"Vino Blanco Chardonnay D.O. Utiel Requena 0,75 L","3,99 € / 1 L","3,99 €
2,99 €",NEBLA
Bebidas,Vinos blancos,"Vino Blanco Vino de la Tiera de Cádiz 0,75 L","5,80 € / 1 L","4,35 €",A.BARBADILLO
Bebidas,Vinos blancos,"Vino Blanco D.O.Valdepeñas 0,75 L","3,19 € / 1 L","2,39 €",LOS MOLINOS
Bebidas,Vinos blancos,"Vino Blanco Aguja 0,75 L","5,67 € / 1 L","4,25 €",B. PESCADOR
Bebidas,Vinos blancos,Vino Blanco de Mesa Brik 1 L,"1,45 € / 1 L","1,45 €",DON SIMON
Bebidas,Vinos blancos,"Vino Blanco D.O.Alicante 0,75 L","6,60 € / 1 L","4,95 €",MARINA ALTA
Bebidas,Vinos blancos,"Vino Blanco D.O. Utiel Requena 0,75 L","4,13 € / 1 L","3,10 €",CAST.LIRIA
Bebidas,Vinos blancos,"Vino Blanco de Mesa Pack de 3 Unidades 3 x 0,2 L","2,67 € / 1 L","1,50 €",DON SIMON
Bebidas,Vinos blancos,"Vino Blanco Verdejo D.O.Rueda 0,75 L","5,07 € / 1 L","3,80 €",DEHES.VIEJAS
Bebidas,Vinos blancos,"Vino Blanco Verdejo D.O.Rueda 0,75 L","6,65 € / 1 L","4,99 €",PATA NEGRA
Bebidas,Vinos blancos,Vino Blanco de Mesa Botella 1 L,"1,69 € / 1 L","1,69 €",ROIXELA
Bebidas,Vinos blancos,"Vino Blanco Joven Botella 0,75 L","3,00 € / 1 L","2,25 €",PLUVIUM
Bebidas,Vinos blancos,"Vino Blanco Joven D.O.Mancha 0,75 L","1,87 € / 1 L","1,40 €",CARLADES
Bebidas,Vinos blancos,"Vino Blanco Semi Dulce D.O. Utiel Requena 0,75 L","4,13 € / 1 L","3,10 €",CAST.LIRIA
Bebidas,Vinos blancos,"Vino Blanco D.O.Rioja 0,75 L","4,00 € / 1 L","3,00 €",DUQUE NARDOS
Bebidas,Vinos blancos,"Vino Blanco D.O.Valencia 0,75 L","3,05 € / 1 L","2,29 €",BARON TURIS
Bebidas,Vinos blancos,"Vino Blanco Semi Dulce D.O.Valencia 0,75 L","2,67 € / 1 L","2,00 €",JARDIN REAL
Bebidas,Vinos blancos,"Vino Blanco D.O.Rioja 0,75 L","5,53 € / 1 L","4,15 €",EL COTO
Bebidas,Vinos blancos,Vino Blanco de Mesa Brik 1 L,"1,59 € / 1 L","1,59 €",PEÑASOL
Bebidas,Vinos blancos,"Vino para Cocinar Blanco Seco Botella 0,75 L","3,85 € / 1 L","2,89 €",LA ABUELA
Bebidas,Vinos blancos,"Vino Blanco Alma Mística D.O.Valencia 0,75 L","5,85 € / 1 L","4,39 €",MURVIEDRO
Bebidas,Vinos blancos,"Vino Blanco Seco D.O.Cataluña 0,75 L","6,60 € / 1 L","4,95 €",BACH
Bebidas,Vinos blancos,"Vino Blanco Semi D.O.Cataluña 0,75 L","6,60 € / 1 L","4,95 €",BACH
Bebidas,Vinos blancos,"Vino Blanco Semi Dulce D.O.Rioja 0,75 L","5,73 € / 1 L","4,30 €",DIAMANTE
Bebidas,Vinos blancos,"Vino Blanco Verdejo D.O.Rueda 0,75 L - Marqués de Riscal","12,33 € / 1 L","9,25 €",MARQ.RISCAL
Bebidas,Vinos blancos,"Vino Blanco Verdejo D.O.Rueda 0,75 L","10,20 € / 1 L","7,65 €",PROTOS
Bebidas,Vinos blancos,"Vino Blanco Aguja 0,75 L","3,19 € / 1 L","2,39 €",CASTELFINO
Bebidas,Vinos blancos,"Vino Blanco D.O.Alicante 0,75 L","8,39 € / 1 L","6,29 €",LA TREMENDA
Bebidas,Vinos blancos,"Vino Blanco D.O.Rioja 0,75 L - Marqués de Cáceres","7,27 € / 1 L","5,45 €",MQ.CACERES
Bebidas,Vinos blancos,"Vino Blanco Palomino D.O.Ribeiro 0,75 L","6,52 € / 1 L","4,89 €",PAZO
Bebidas,Vinos blancos,"Vino Blanco Semi Dulce D.O.Rioja 0,75 L","5,80 € / 1 L","4,35 €",CAMPO VIEJO
Bebidas,Vinos blancos,"Vino Blanco Chardonnay D.O.Utiel-Requena 0,75 L","8,39 € / 1 L","6,29 €",HOYA CADENAS
Bebidas,Vinos blancos,"Vino Blanco D.O.Somontano 0,75 L","12,65 € / 1 L","9,49 €",VIÑAS D VERO
Bebidas,Vinos blancos,"Vino Blanco D.O. Rioja 0,18 L","9,04 € / 1 L","1,69 €",FAUSTINO VII
Bebidas,Vinos blancos,"Vino Blanco D.O.Valencia 0,75 L","5,85 € / 1 L","4,39 €",MURVIEDRO
Bebidas,Vinos blancos,"Vino Blanco Albariño D.O.Rías Baixas 0,75 L","19,33 € / 1 L","14,50 €",MARTIN CODAX
Bebidas,Vinos blancos,"Vino Blanco D.O.Alicante 0,75 L","6,53 € / 1 L","4,90 €",BAHIA DENIA
Bebidas,Vinos blancos,"Vino Blanco Verdejo Tierra de Castilla 0,75 L","2,65 € / 1 L","1,99 €",A.MERCIER
Bebidas,Vinos blancos,"Vino Blanco Con Barrica D.O.Rioja 0,75 L","6,92 € / 1 L","5,19 €",LOPEZ HARO
Bebidas,Vinos blancos,Vino Blanco Bag & Box 3 L,"2,00 € / 1 L","5,99 €",PEÑASOL
Bebidas,Vinos blancos,"Vino Blanco Madurado D.O.Utiel-Requena 0,75 L","4,60 € / 1 L","3,45 €",BARRICA 88
Bebidas,Vinos blancos,"Vino Blanco Roble D.O.Somontano 0,75 L","7,72 € / 1 L","5,79 €",SOMMOS
Bebidas,Vinos blancos,"Vino Blanco Verdejo D.O.Rueda 0,75 L","5,32 € / 1 L","3,99 €",MAY.CASTILLA
Bebidas,Vinos blancos,"Vino Blanco Vino de Mesa 0,5 L","1,70 € / 1 L","0,85 €",D. SIMON
Bebidas,Vinos blancos,"Vino Blanco D.O.Rioja 0,75 L","4,65 € / 1 L","3,49 €",CAST.ALBAI
Bebidas,Vinos blancos,"Vino Blanco Albariño D.O.Rias Baixas 0,75 L","25,07 € / 1 L","18,80 €",MAR D.FRADES
Bebidas,Vinos blancos,"Vino Blanco Godello D.O.Valdeorras 0,75 L","9,99 € / 1 L","7,49 €",VERDES CASTR
Bebidas,Vinos blancos,"Vino Blanco Verdejo D.O.Rueda 0,75 L","9,27 € / 1 L","6,95 €",OINOZ
Bebidas,Vinos blancos,"Vino Blanco D.O.Valencia 0,75 L","9,32 € / 1 L","6,99 €",MALA VIDA
Bebidas,Vinos blancos,"Vino Blanco D.O. Utiel Requena 0,75 L","9,72 € / 1 L","7,29 €",EL MIRACLE
Bebidas,Vinos blancos,"Vino Blanco Sauvignon D.O.Rueda 0,75 L","4,00 € / 1 L","3,00 €",OVACION
Bebidas,Vinos blancos,"Vino Blanco D.O.Rueda 0,75 L","10,13 € / 1 L","7,60 €",CELESTE
Bebidas,Vinos blancos,"Vino Blanco D.O.Valencia 0,75 L","4,33 € / 1 L","3,25 €",J. DE JUANES
Bebidas,Vinos blancos,"Vino Tinto Sin sulfitos D.O. Rioja 0,75 L","5,59 € / 1 L","4,19 €",MOARE
Bebidas,Vinos blancos,"Frizzante Verdejo 0,75 L","3,53 € / 1 L","2,65 €",FIZZY
Bebidas,Vinos blancos,"Vino Blanco Ribeiro D.O. Ribeiro 0,75 L","5,99 € / 1 L","4,49 €",V.D.INFERNO
Bebidas,Vinos blancos,"Vino Blanco Turbio 0,75 L","2,67 € / 1 L","2,00 €",
Bebidas,Vinos blancos,"Vino Blanco Albariño D.O. Rias Baixas 0,75 L","8,00 € / 1 L","6,00 €",ABILLEIRA
Bebidas,Vinos blancos,"Vino Blanco Verdejo D.O. Rueda 0,75 L","4,52 € / 1 L","3,39 €",CASTILLO GUI
Bebidas,Vinos blancos,"Vino Blanco Dulce Afrutado 0,75 L","2,80 € / 1 L","2,10 €",V. MARINERA
Bebidas,Vinos blancos,"Vino Blanco Verdejo Vino Varietal 0,75 L","5,99 € / 1 L","4,49 €",OBEJITA VERD
Bebidas,Vinos blancos,"Vino Blanco Verdejo D.O.Rueda 0,75 L","15,99 € / 1 L","11,99 €",PERRO VERDE
Bebidas,Vinos blancos,"Vino Blanco Chardonnay D.O. Somontano 0,75 L","4,79 € / 1 L","3,59 €",ARIÑO
Bebidas,Vinos blancos,"Vino Blanco Verdejo D.O. Rueda 0,75 L","7,05 € / 1 L","5,29 €",CUATRO RAYAS
Bebidas,Vinos blancos,"Vino Blanco Godello D.O. Monterrei 0,75 L","13,27 € / 1 L","9,95 €",MARA MARTIN
Bebidas,Vinos blancos,"Vino Blanco Barrica D.O. Rueda 0,75 L","9,32 € / 1 L","6,99 €",CUATRO RAYAS
Bebidas,Vinos blancos,"Vino Blanco Albariño D.O. Rias Baixas 0,75 L","11,99 € / 1 L","8,99 €",LOLO
Bebidas,Vinos blancos,"Vino Blanco Verdejo Reg. Castilla La Mancha 0,75 L","3,00 € / 1 L","2,25 €",EL GARABATO
Bebidas,Vinos blancos,"Vino Blanco Albariño D.O. Rías Baixas 0,75 L","19,93 € / 1 L","14,95 €",SANTIAG.RUIZ
Bebidas,Vinos blancos,"Vino Verde Region Vinho Verde 0,75 L","7,99 € / 1 L","5,99 €",AZEVEDO
Bebidas,Vinos blancos,"Vino Blanco Verdejo Region Castilla la Mancha 0,75 L","4,79 € / 1 L","3,59 €",FAUSTINO
Bebidas,Vinos blancos,"Vino Blanco Godello Vino de la Tierra 0,75 L","6,65 € / 1 L","4,99 €",GALIZEUS
Bebidas,Vinos blancos,"Vino Blanco Semi Dulce 0,75 L","5,32 € / 1 L","3,99 €",CANALLAS
Bebidas,Vinos rosados,"Vino Rosado Aguja Espumoso 0,75 L","6,66 € / 1 L","5,99 €
4,99 €",SANDARA
Bebidas,Vinos rosados,"Vino Rosado D.O.Utiel-Requena 0,75 L","2,93 € / 1 L","2,49 €
2,20 €",V.ENTERIZO
Bebidas,Vinos rosados,"Frizzante Rosso Dolce Sangue Di Giuda 0,75 L","5,32 € / 1 L","4,75 €
3,99 €",B.MARTI
Bebidas,Vinos rosados,"Vino Rosado D.O.Rioja 0,75 L","6,52 € / 1 L","5,45 €
4,89 €",MQ.CACERES
Bebidas,Vinos rosados,"Vino Rosado Aguja V.T.Castilla y León 0,75 L","4,87 € / 1 L","3,65 €",PEÑASCAL
Bebidas,Vinos rosados,Vino Rosado de Mesa Brik 1 L,"1,05 € / 1 L","1,05 €",ROIXELA
Bebidas,Vinos rosados,"Vino Rosado Lambrusco 0,75 L","4,20 € / 1 L","3,15 €",BAUTIS.MARTI
Bebidas,Vinos rosados,"Vino Rosado Lambrusco 0,75 L","2,53 € / 1 L","1,90 €",I LOVE ITALY
Bebidas,Vinos rosados,"Vino Rosado D.O. Utiel Requena 0,75 L","4,13 € / 1 L","3,10 €",CAST.LIRIA
Bebidas,Vinos rosados,Vino Rosado de Mesa Brik 1 L,"1,45 € / 1 L","1,45 €",DON SIMON
Bebidas,Vinos rosados,Vino Rosado de Mesa Botella 1 L,"1,69 € / 1 L","1,69 €",ROIXELA
Bebidas,Vinos rosados,"Vino Rosado Aguja 0,75 L","5,99 € / 1 L","4,49 €",MATEUS
Bebidas,Vinos rosados,"Vino Rosado Aguja 0,75 L","3,19 € / 1 L","2,39 €",CASTELFINO
Bebidas,Vinos rosados,"Vino Rosado D.O.Rioja 0,75 L","3,20 € / 1 L","2,40 €",DUQUE NARDOS
Bebidas,Vinos rosados,"Vino Rosado D.O.Navarra 0,75 L","2,80 € / 1 L","2,10 €",VIÑA LERDEN
Bebidas,Vinos rosados,Vino Rosado de Mesa Brik 1 L,"1,59 € / 1 L","1,59 €",PEÑASOL
Bebidas,Vinos rosados,"Vino Rosado D.O.Valdepeñas 0,75 L","3,19 € / 1 L","2,39 €",LOS MOLINOS
Bebidas,Vinos rosados,"Vino Rosado D.O.Rioja 0,75 L","6,80 € / 1 L","5,10 €",CUNE
Bebidas,Vinos rosados,"Fragolino 0,75 L","5,85 € / 1 L","4,39 €",B.MARTI
Bebidas,Vinos rosados,"Vino Rosado D.O.Rioja 0,75 L","5,53 € / 1 L","4,15 €",EL COTO
Bebidas,Vinos rosados,"Vino Rosado Pálido D.O.Valencia 0,75 L","4,33 € / 1 L","3,25 €",J. DE JUANES
Bebidas,Vinos rosados,Vino Rosado Garrafa 2 L,"1,40 € / 1 L","2,80 €",VIÑA CORBA
Bebidas,Vinos rosados,"Vino Rosado D.O.Navarra 0,75 L","5,85 € / 1 L","4,39 €",HOMENAJE
Bebidas,Vinos rosados,"Vino Rosado D.O. Utiel Requena 0,75 L","9,72 € / 1 L","7,29 €",EL MIRACLE
Bebidas,Vinos rosados,Vino Rosado Aguja Espumoso 250 ml,"9,00 € / 1 L","2,25 €",SANDARA
Bebidas,Vinos rosados,Vino Rosado LATA 250 ml,"7,40 € / 1 L","1,85 €",PEÑASCAL
Bebidas,Vinos rosados,"Vino Rosado Palido Tierra de Castilla 0,75 L","3,32 € / 1 L","2,49 €",A.MERCIER
Bebidas,Vinos tintos,"Vino Tinto Reserva D.O.Valdepeñas 0,75 L","4,47 € / 1 L","3,69 €
3,35 €",VIÑA ALBALI
Bebidas,Vinos tintos,"Vino Tinto Joven D.O.Utiel-Requena 0,75 L","2,93 € / 1 L","2,49 €
2,20 €",V.ENTERIZO
Bebidas,Vinos tintos,"Vino Tinto Selección Oro Vino de la Tierra Castill 0,75 L","4,65 € / 1 L","4,89 €
3,49 €",BERBERANA
Bebidas,Vinos tintos,"Vino Tinto Crianza D.O.Ribera del Duero 0,75 L","6,00 € / 1 L","4,60 €
4,50 €",DEHES.VIEJAS
Bebidas,Vinos tintos,"Vino Tinto Roble D.O.Ribera del Duero 0,75 L","4,87 € / 1 L","3,80 €
3,65 €",DEHES.VIEJAS
Bebidas,Vinos tintos,"Vino Tinto Barrica D.O.Cariñena 0,75 L","3,40 € / 1 L","3,29 €
2,55 €",MONAST.VIÑAS
Bebidas,Vinos tintos,"Vino Tinto Ecológico D.O.Valencia 0,75 L","5,32 € / 1 L","4,65 €
3,99 €",LA TRACA
Bebidas,Vinos tintos,"Vino Tinto Roble D.O.Ribera del Duero 0,75 L","7,99 € / 1 L","6,99 €
5,99 €",PATA NEGRA
Bebidas,Vinos tintos,"Vino Tinto Joven V.T. Castilla y León 0,75 L","3,99 € / 1 L","3,59 €
2,99 €",ALT.TAMARON
Bebidas,Vinos tintos,"Vino TInto Crianza D.O.Rioja 0,75 L","7,99 € / 1 L","6,99 €
5,99 €",EDERRA
Bebidas,Vinos tintos,"Vino Tinto Reserva D.O.Rioja 0,75 L","14,60 € / 1 L","12,25 €
10,95 €",MARQ.CACERES
Bebidas,Vinos tintos,"Vino Tinto Gran Reserva D.O.Valdepeñas 0,75 L","5,85 € / 1 L","4,99 €
4,39 €",VIÑA ALBALI
Bebidas,Vinos tintos,"Vino Tinto D.O.Cataluña 0,75 L","5,32 € / 1 L","4,90 €
3,99 €",SANGRE TORO
Bebidas,Vinos tintos,"Vino Tinto Crianza D.O.Rioja 0,75 L","6,34 € / 1 L","5,75 €
4,75 €",CAMPO VIEJO
Bebidas,Vinos tintos,"Vino Tinto Crianza D.O.Ribera del Duero 0,75 L","31,13 € / 1 L","24,55 €
23,35 €",MATARROMERA
Bebidas,Vinos tintos,"Vino Tinto Crianza D.O.Rioja 0,75 L","9,93 € / 1 L","8,79 €
7,45 €",AZPILICUETA
Bebidas,Vinos tintos,"Vino Tinto Roble D.O.Somontano 0,75 L","6,66 € / 1 L","5,99 €
4,99 €",VIÑAS D VERO
Bebidas,Vinos tintos,"Vinto Tinto Gran Reserva D.O.Rioja 0,75 L","21,98 € / 1 L","19,99 €
16,49 €",FAUSTINO I
Bebidas,Vinos tintos,"Vino Tinto Shiraz D.O.Valencia 0,75 L","6,65 € / 1 L","6,39 €
4,99 €",ICONO
Bebidas,Vinos tintos,"Vinto Tinto D.O.Jumilla 0,75 L","5,27 € / 1 L","3,95 €",CASA ERMITA
Bebidas,Vinos tintos,"Vino Tinto Reserva D.O. Utiel Requena 0,75 L","3,45 € / 1 L","2,95 €
2,59 €",BARRICA 88
Bebidas,Vinos tintos,"Vino Tinto Monastrell-Peti D.O. Alicante 0,75 L","6,66 € / 1 L","6,59 €
4,99 €",CON UN PAR
Bebidas,Vinos tintos,"Vino Tinto Roble D.O.Ribera del Duero 0,75 L","11,32 € / 1 L","9,35 €
8,49 €",CELESTE
Bebidas,Vinos tintos,"Vino Tinto 12 Meses V.T.Castilla y León 0,75 L","7,99 € / 1 L","7,19 €
5,99 €",YLLERA
Bebidas,Vinos tintos,"Vino Tinto Canallas D.O.Valencia 0,75 L","4,52 € / 1 L","3,99 €
3,39 €",ARRAEZ
Bebidas,Vinos tintos,"Vino Tinto Roble D.O.Somontano 0,75 L","7,00 € / 1 L","5,79 €
5,25 €",SOMMOS
Bebidas,Vinos tintos,"Vino Tinto Bobal D.O.Utiel-Requena 0,75 L","6,52 € / 1 L","6,59 €
4,89 €",BO
Bebidas,Vinos tintos,"Vino Tinto Crianza D.O.Ribera del Duero 0,75 L","10,60 € / 1 L","8,99 €
7,95 €",CLEA
Bebidas,Vinos tintos,"Vino Tinto Bobal D.O.Utiel Requena 0,75 L","8,66 € / 1 L","7,79 €
6,49 €",CEPAS VIEJAS
Bebidas,Vinos tintos,"Vino Tinto D.O. Toro 0,75 L","9,99 € / 1 L","8,79 €
7,49 €",MATSU
Bebidas,Vinos tintos,"Vino Tinto Barrica V.T. Castilla 0,75 L","4,40 € / 1 L","4,49 €
3,30 €",M.GRIÑON
Bebidas,Vinos tintos,"Vino Tinto Reserva D.O. Somontano 0,75 L","4,92 € / 1 L","4,55 €
3,69 €",ALIUS
Bebidas,Vinos tintos,"Vino Tinto 0,75 L","5,72 € / 1 L","5,29 €
4,29 €",MUCHO MAS
Bebidas,Vinos tintos,"Vino Tinto Garnacha D.O. Valencia 0,75 L","9,32 € / 1 L","7,99 €
6,99 €",HUELLA
Bebidas,Vinos tintos,"Vino Tinto Garnacha D.O. Utiel Requena 0,75 L","3,99 € / 1 L","3,99 €
2,99 €",NEBLA
Bebidas,Vinos tintos,"Vino Tinto Joven D.O.Valencia 0,75 L","3,05 € / 1 L","2,29 €",BARON TURIS
Bebidas,Vinos tintos,"Vino Tinto Crianza D.O.Rioja 0,75 L","8,40 € / 1 L","6,30 €",EL COTO
Bebidas,Vinos tintos,Vino Tinto de Mesa Brik 1 L,"1,45 € / 1 L","1,45 €",DON SIMON
Bebidas,Vinos tintos,"Vino Tinto Crianza D.O.Rioja 0,75 L","9,27 € / 1 L","6,95 €",CUNE
Bebidas,Vinos tintos,"Vino Tinto Joven D.O.Valdepeñas 0,75 L","3,19 € / 1 L","2,39 €",LOS MOLINOS
Bebidas,Vinos tintos,"Vino Tinto Reserva D.O.Utiel-Requena 0,75 L","6,65 € / 1 L","4,99 €",V.ENTERIZO
Bebidas,Vinos tintos,"Vino Tinto Crianza D.O.Cariñena 0,75 L","5,85 € / 1 L","4,39 €",MONAST.VIÑAS
Bebidas,Vinos tintos,"Vino Tinto Crianza D.O.Rioja 0,75 L","9,99 € / 1 L","7,49 €",LAGUNILLA
Bebidas,Vinos tintos,"Vino Tinto Crianza D.O.Utiel-Requena 0,75 L","3,27 € / 1 L","2,45 €",V.ENTERIZO
Bebidas,Vinos tintos,"Vino Tino Reserva D.O.Mancha 0,75 L","5,19 € / 1 L","3,89 €",ESTOLA
Bebidas,Vinos tintos,"Vino Tinto Reserva D.O.Utiel-Requena 0,75 L","5,53 € / 1 L","4,15 €",HOYA CADENAS
Bebidas,Vinos tintos,"Vino Tinto Joven D.O. Alicante 0,75 L","4,13 € / 1 L","3,10 €",CAST.LIRIA
Bebidas,Vinos tintos,"Vino Tinto Crianza D.O.Valencia 0,75 L","4,47 € / 1 L","3,35 €",BARON TURIS
Bebidas,Vinos tintos,Vino Tinto de Mesa Brik 1 L,"1,05 € / 1 L","1,05 €",ROIXELA
Bebidas,Vinos tintos,Vino Tinto Garrafa 2 L,"1,40 € / 1 L","2,80 €",VIÑA CORBA
Bebidas,Vinos tintos,"Vino Tinto Crianza D.O.Mancha 0,75 L","4,39 € / 1 L","3,29 €",ESTOLA
Bebidas,Vinos tintos,"Vino Tinto Joven D.O. Utiel Requena 0,75 L","9,19 € / 1 L","6,89 €",EL MIRACLE
Bebidas,Vinos tintos,"Vino Tinto Crianza D.O.Valdepeñas 0,75 L","2,65 € / 1 L","1,99 €",SEÑOR.LLANOS
Bebidas,Vinos tintos,"Vino Tinto Crianza D.O.Valdepeñas 0,75 L","3,93 € / 1 L","2,95 €",VIÑA ALBALI
Bebidas,Vinos tintos,"Vino Tinto Joven D.O.Valdepeñas 0,75 L","3,13 € / 1 L","2,35 €",SEÑOR.LLANOS
Bebidas,Vinos tintos,Vino Tinto Botellín D.O.Rioja 187 ml,"9,04 € / 1 L","1,69 €",FAUSTINO VII
Bebidas,Vinos tintos,"Vino Tinto Joven D.O.Utiel-Requena 0,75 L","1,99 € / 1 L","1,49 €",M.VERDELLANO
Bebidas,Vinos tintos,"Vino Tinto Tierra de Castilla 0,75 L","2,65 € / 1 L","1,99 €",A.MERCIER
Bebidas,Vinos tintos,"Vino Tinto Vendimia Plata D.O.Valencia 0,75 L","6,20 € / 1 L","4,65 €",J. DE JUANES
Bebidas,Vinos tintos,"Vino TInto Joven D.O.Rioja 0,75 L","3,27 € / 1 L","2,45 €",DUQUE NARDOS
Bebidas,Vinos tintos,"Vinto Tinto Crianza D.O.Rioja 0,75 L","7,59 € / 1 L","5,69 €",FAUST.RIVERO
Bebidas,Vinos tintos,"Vino Tinto Reserva D.O.Valencia 0,75 L","5,85 € / 1 L","4,39 €",MURVIEDRO
Bebidas,Vinos tintos,"Vino Tinto Joven D.O.Mancha 0,75 L","1,93 € / 1 L","1,45 €",CARLADES
Bebidas,Vinos tintos,"Vino Tinto Joven Botella 0,75 L","3,00 € / 1 L","2,25 €",PLUVIUM
Bebidas,Vinos tintos,Vino Tinto de Mesa Botella 1 L,"1,69 € / 1 L","1,69 €",ROIXELA
Bebidas,Vinos tintos,Vino Tinto de Mesa Brik 1 L,"1,59 € / 1 L","1,59 €",PEÑASOL
Bebidas,Vinos tintos,"Vino Tinto Premium V.T. Castilla 0,75 L","5,32 € / 1 L","3,99 €",FLAVIUM
Bebidas,Vinos tintos,"Vino Tinto Joven D.O.Campo de Borja 0,75 L","3,99 € / 1 L","2,99 €",DON RAMON
Bebidas,Vinos tintos,"Vino Tinto Joven D.O.Alicante 0,75 L","3,32 € / 1 L","2,49 €",VIÑA ALCANTA
Bebidas,Vinos tintos,"Vino Tinto Joven D.O.Jumilla 0,75 L","3,27 € / 1 L","2,45 €",C. COVANEGRA
Bebidas,Vinos tintos,"Vino Tinto Lambrusco 0,75 L","4,20 € / 1 L","3,15 €",BAUTIS.MARTI
Bebidas,Vinos tintos,"Vino Tinto D.O.Navarra 0,75 L","3,00 € / 1 L","2,25 €",VIÑA LERDEN
Bebidas,Vinos tintos,"Vino Tinto C.V.C. D.O.Rioja 0,75 L","5,32 € / 1 L","3,99 €",CAMPO VIEJO
Bebidas,Vinos tintos,"Vino Tinto Joven D.O.Rioja 0,75 L","5,32 € / 1 L","3,99 €",FAUSTINO VII
Bebidas,Vinos tintos,Vino Tinto Garrafa 5 L,"1,11 € / 1 L","5,55 €",VIÑA CORBA
Bebidas,Vinos tintos,"Vino Tinto Roble D.O.Ribera del Duero 0,75 L","12,67 € / 1 L","9,50 €",PROTOS
Bebidas,Vinos tintos,"Vino Tinto Crianza D.O.Rioja 0,75 L","10,53 € / 1 L","7,90 €",MARQ.CACERES
Bebidas,Vinos tintos,"Vino Tinto de Mesa Botella 0,75 L","3,27 € / 1 L","2,45 €",VALDEOLIVA
Bebidas,Vinos tintos,Vino Tinto Garrafa 5 L,"1,11 € / 1 L","5,55 €",PARQUE REAL
Bebidas,Vinos tintos,"Vino Tinto Monastrell D.O.Alicante 0,75 L","8,39 € / 1 L","6,29 €",LA TREMENDA
Bebidas,Vinos tintos,"Vino Tinto Crianza D.O.Rioja 0,75 L","3,93 € / 1 L","2,95 €",DUQUE NARDOS
Bebidas,Vinos tintos,"Vino Tinto Reserva D.O.Rioja 0,75 L","23,33 € / 1 L","17,50 €",MARQ.RISCAL
Bebidas,Vinos tintos,"Vino Tinto D.O.Cataluña 0,75 L","6,60 € / 1 L","4,95 €",BACH
Bebidas,Vinos tintos,"Vino Tinto Reserva D.O.Rioja 0,75 L","11,47 € / 1 L","8,60 €",COTO IMAZ
Bebidas,Vinos tintos,"Vino Tinto Crianza D.O.Ribera del Duero 0,75 L","9,32 € / 1 L","6,99 €",ALT.TAMARON
Bebidas,Vinos tintos,"Vino Tinto Crianza D.O.Alicante 0,75 L","4,65 € / 1 L","3,49 €",VIÑA ALCANTA
Bebidas,Vinos tintos,Vino Tinto Crianza D.O.Rioja 375 ml,"12,13 € / 1 L","4,55 €",CUNE
Bebidas,Vinos tintos,"Vino Tinto Roble D.O.Ribera del Duero 0,75 L","12,87 € / 1 L","9,65 €",MELIOR
Bebidas,Vinos tintos,"Vino Tinto Crianza D.O.Somontano 0,75 L","11,13 € / 1 L","8,35 €",VIÑAS D VERO
Bebidas,Vinos tintos,"Vino Tinto D.O.Somontano 0,75 L","9,85 € / 1 L","7,39 €",ENATE
Bebidas,Vinos tintos,"Vino Tinto Crianza D.O.Ribera del Duero 0,75 L","25,27 € / 1 L","18,95 €",PROTOS
Bebidas,Vinos tintos,"Vino Tinto Crianza D.O.Jumilla 0,75 L","3,72 € / 1 L","2,79 €",CAST.S.SIMON
Bebidas,Vinos tintos,"Vino Tinto Roble D.O.Ribera del Duero 0,75 L","11,99 € / 1 L","8,99 €",LEGARIS
Bebidas,Vinos tintos,"Vino Tinto Crianza D.O.Rioja 0,75 L","7,05 € / 1 L","5,29 €",CAST.ALBAI
Bebidas,Vinos tintos,Vino Tinto Bag&Box 3 L,"2,00 € / 1 L","5,99 €",PEÑASOL
Bebidas,Vinos tintos,"Vino Tinto Crianza D.O.Ribera del Duero 0,75 L","7,99 € / 1 L","5,99 €",MAY.CASTILLA
Bebidas,Vinos tintos,"Vino Tinto Reserva D.O.Rioja 0,75 L","16,67 € / 1 L","12,50 €",LAGUNILLA
Bebidas,Vinos tintos,"Vino Tinto Vendimia Oro D.O.Valencia 0,75 L","7,59 € / 1 L","5,69 €",J. DE JUANES
Bebidas,Vinos tintos,Vino Tinto Crianza D.O.Rioja 375 ml,"5,31 € / 1 L","1,99 €",DUQUE NARDOS
Bebidas,Vinos tintos,"Vino Tinto Reserva D.O.Rioja 0,75 L","5,47 € / 1 L","4,10 €",DUQUE NARDOS
Bebidas,Vinos tintos,"Vino Tinto Ecológico D.O.El Terrerazo 0,75 L","14,00 € / 1 L","10,50 €",MESTIZAJE
Bebidas,Vinos tintos,"Vino Tinto Reserva D.O.Ribera del Duero 0,75 L","13,32 € / 1 L","9,99 €",ALT.TAMARON
Bebidas,Vinos tintos,"Vino TInto Roble D.O.Utiel-Requena 0,75 L","4,92 € / 1 L","3,69 €",DOMN.DUQUES
Bebidas,Vinos tintos,"Vino Tinto Crianza D.O.Navarra 0,75 L","3,99 € / 1 L","2,99 €",VIÑA LERDEN
Bebidas,Vinos tintos,"Vino Tinto Roble D.O.Toro 0,75 L","5,85 € / 1 L","4,39 €",BAJOZ
Bebidas,Vinos tintos,"Vino Tinto Reserva D.O.Valdepeñas 0,37 L","7,60 € / 1 L","2,85 €",VIÑA ALBALI
Bebidas,Vinos tintos,"Vino Tinto Crianza D.O.Ribera del Duero 0,37 L","11,44 € / 1 L","4,29 €",ALT.TAMARON
Bebidas,Vinos tintos,"Vino Tinto Crianza D.O.Rioja 0,75 L","13,32 € / 1 L","9,99 €",RAMON BILBAO
Bebidas,Vinos tintos,"Vino Tinto Ecológico D.O.Alicante 0,75 L","5,85 € / 1 L","4,39 €",EKO
Bebidas,Vinos tintos,"Vino Tinto D.O.Cataluña 0,37 L","8,40 € / 1 L","3,15 €",SANGRE TORO
Bebidas,Vinos tintos,"Vino Tinto Roble D.O.Ribera del Duero 0,75 L","10,65 € / 1 L","7,99 €",PORTIA
Bebidas,Vinos tintos,"Vino Tinto Vendimia Seleccionada D.O.Rioja 0,75 L","8,79 € / 1 L","6,59 €",CAMPO VIEJO
Bebidas,Vinos tintos,"Vino Tinto Crianza D.O.Ribera del Duero 0,75 L","16,67 € / 1 L","12,50 €",CONDADO HAZA
Bebidas,Vinos tintos,"Vino Tinto Roble D.O.Toro 0,75 L","3,87 € / 1 L","2,90 €",DEHES.VIEJAS
Bebidas,Vinos tintos,"Vino Tinto Vendimia Selección D.O.Rioja 0,75 L","7,32 € / 1 L","5,49 €",FAUST.RIVERO
Bebidas,Vinos tintos,"Vino Tinto D.O.Valencia 0,75 L","13,20 € / 1 L","9,90 €",LES ALCUSSES
Bebidas,Vinos tintos,"Vino Tinto Joven D.O.Ribera del Duero 0,75 L","8,39 € / 1 L","6,29 €",M.BERDUGO
Bebidas,Vinos tintos,"Vino Tinto Crianza D.O.Rioja 0,75 L","10,27 € / 1 L","7,70 €",LOPEZ HARO
Bebidas,Vinos tintos,"Vino Tinto Petit Verdot D.O.Valencia 0,75 L","5,19 € / 1 L","3,89 €",MURVIEDRO
Bebidas,Vinos tintos,"Vino Tinto Crianza D.O.Utiel-Requena 0,75 L","3,00 € / 1 L","2,25 €",BARRICA 88
Bebidas,Vinos tintos,"Vino Tinto Roble D.O.Ribera del Duero 0,75 L","9,85 € / 1 L","7,39 €",VIÑA MAYOR
Bebidas,Vinos tintos,"Vino Tinto 10 Meses D.O.Ribera del Duero 0,75 L","11,99 € / 1 L","8,99 €",PRADOREY
Bebidas,Vinos tintos,"Vino Tinto Reserva D.O.Ribera del Duero 0,75 L","8,00 € / 1 L","6,00 €",DEHES.VIEJAS
Bebidas,Vinos tintos,"Vino Tinto Crianza D.O.Rioja 0,37 L","14,37 € / 1 L","5,39 €",AZPILICUETA
Bebidas,Vinos tintos,"Vino Tinto Crianza D.O.Jumilla 0,75 L","16,67 € / 1 L","12,50 €",JUAN GIL
Bebidas,Vinos tintos,"Vino Tinto I.G.P. Ribera del Queiles 0,75 L","10,39 € / 1 L","7,79 €",GAR.SALVAJE
Bebidas,Vinos tintos,"Vino Tinto Reserva D.O.Valdepeñas 0,75 L","2,67 € / 1 L","2,00 €",CAST.MENARA
Bebidas,Vinos tintos,"Vino Tinto Crianza D.O.Navarra 0,75 L","6,65 € / 1 L","4,99 €",HOMENAJE
Bebidas,Vinos tintos,"Vino Tinto D.O.Ribera del Duero 0,75 L","13,07 € / 1 L","9,80 €",FIN.RESALSO
Bebidas,Vinos tintos,"Vino Tinto D.O.Ribera del Duero 0,75 L","28,67 € / 1 L","21,50 €",EMILIO MORO
Bebidas,Vinos tintos,"Vino Tinto Crianza D.O.Valencia 0,75 L","9,32 € / 1 L","6,99 €",MALA VIDA
Bebidas,Vinos tintos,"Vino Tinto Reserva D.O.Ribera del Duero 0,75 L","40,67 € / 1 L","30,50 €",PROTOS
Bebidas,Vinos tintos,"Vino Tinto Roble D.O.Somontano 0,75 L","6,25 € / 1 L","4,69 €",VINITIUM
Bebidas,Vinos tintos,"Vino Tinto D.O.Rioja 0,75 L","7,32 € / 1 L","5,49 €",MARQ.CONCORD
Bebidas,Vinos tintos,"Vino Tinto D.O. Utiel Requena 0,75 L","9,72 € / 1 L","7,29 €",EL MIRACLE
Bebidas,Vinos tintos,"Vino Tinto Reserva D.O. Rioja 0,75 L","10,25 € / 1 L","7,69 €",FAUST.RIVERO
Bebidas,Vinos tintos,"Vino Tinto D.O. Almansa 0,75 L","8,65 € / 1 L","6,49 €",LAYA
Bebidas,Vinos tintos,"Vino Tinto Crianza D.O. Rioja 0,75 L","15,93 € / 1 L","11,95 €",LUIS CAÑAS
Bebidas,Vinos tintos,"Vino Tinto Reserva D.O.Somontano 0,75 L","14,53 € / 1 L","10,90 €",SOMMOS
Bebidas,Vinos tintos,"Vino Tinto Crianza D.O. Mancha 0,75 L","2,20 € / 1 L","1,65 €",VIÑAS SEÑORI
Bebidas,Vinos tintos,"Vino Tinto Crianza D.O. Utiel Requena 0,75 L","7,99 € / 1 L","5,99 €",C.SURIA
Bebidas,Vinos tintos,"Vino Tinto Roble D.O.Ribera del Duero 0,75 L","8,92 € / 1 L","6,69 €",VALDERIVERO
Bebidas,Vinos tintos,"Vino Tinto 14 Meses D.O. Ribera del Duero 0,75 L","11,99 € / 1 L","8,99 €",409
Bebidas,Vinos tintos,"Vino Tinto D.O. Ribera del Duero 0,75 L","16,67 € / 1 L","12,50 €",PRUNO
Bebidas,Vinos tintos,"Vino Tinto Crianza D.O. Rioja 0,75 L","11,93 € / 1 L","8,95 €",VIÑA POMAL
Bebidas,Vinos tintos,"Vino Tinto D.O. Ribera del Duero 0,75 L","13,32 € / 1 L","9,99 €",SEMELE
Bebidas,Vinos tintos,"Vino Tinto Monastrell Vino de la Tierra 0,75 L","6,65 € / 1 L","4,99 €",GUARDIANES
Bebidas,Vinos tintos,"Vino Tinto Temp-Shiraz Reg. Castilla La Mancha 0,75 L","3,20 € / 1 L","2,40 €",EL GARABATO
Bebidas,Vinos tintos,"Vino Tinto Merlot Reg. Castilla La Mancha 0,75 L","3,20 € / 1 L","2,40 €",EL GARABATO
Bebidas,Vinos tintos,"Vino Tinto Crianza D.O. Utiel Requena 0,75 L","5,32 € / 1 L","3,99 €",HOYA CADENAS
Bebidas,Vinos tintos,"Vino Tinto Crianza D.O. Rioja 0,75 L","14,60 € / 1 L","10,95 €",IZADI
Bebidas,Zumos y néctares,"Zumo Uva,Melocotón y Manzana Brik 1 L","1,00 € / 1 L","1,10 €
1,00 €",CONSUM
Bebidas,Zumos y néctares,Zumo Exprimido Naranja Sin pulpa - Brik 1 L,"1,99 € / 1 L","2,95 €
1,99 €",DON SIMON
Bebidas,Zumos y néctares,Zumo Exprimido Naranja Con Pulpa - Brik 1 L,"1,99 € / 1 L","2,95 €
1,99 €",DON SIMON
Bebidas,Zumos y néctares,"Refresco Naranja Florida Botella 1,25 L","1,32 € / 1 L","1,95 €
1,65 €",SUNNY
Bebidas,Zumos y néctares,Fruta Leche Tropical Zero. Brik 1 L,"1,45 € / 1 L","1,45 €",DON SIMON
Bebidas,Zumos y néctares,Bebida a base de zumo Pomelo Rosa Pet 1 L,"2,79 € / 1 L","2,79 €",GRANINI
Bebidas,Zumos y néctares,Néctar Piña Disfruta sin Azúcar Añadido Pack 6 x 200 ml,"1,41 € / 1 L","1,89 €
1,69 €",DON SIMON
Bebidas,Zumos y néctares,"Refresco Naranja Refrigerado 1,5 L","1,06 € / 1 L","1,85 €
1,59 €",SIMON LIFE
Bebidas,Zumos y néctares,"Refresco Mandarina Refrigerado 1,5 L","1,06 € / 1 L","1,85 €
1,59 €",SIMON LIFE
Bebidas,Zumos y néctares,Refresco Naranja Refrigerado Pack 4 Ud 4 x 200 ml,"1,86 € / 1 L","1,75 €
1,49 €",SIMON LIFE
Bebidas,Zumos y néctares,Néctar Pera Botella Pet 1 L,"2,79 € / 1 L","2,79 €",GRANINI
Bebidas,Zumos y néctares,Néctar Melocotón Disfrut sin Azúcar Añadido Pack 6 x 200 ml,"1,41 € / 1 L","1,89 €
1,69 €",DON SIMON
Bebidas,Zumos y néctares,Néctar Piña sin Azúcar Añadido Brik 2 L,"1,50 € / 1 L","3,79 €
2,99 €",JUVER
Bebidas,Zumos y néctares,Kombucha Frutos Rojos Bebida Orgánica 250 ml,"8,60 € / 1 L","2,59 €
2,15 €",KOMVIDA
Bebidas,Zumos y néctares,Zumo Exprimido Piña Brik 1 L,"1,99 € / 1 L","2,29 €
1,99 €",DON SIMON
Bebidas,Zumos y néctares,Kombucha Jengibre y Limón Bebida Orgánica 250 ml,"8,60 € / 1 L","2,59 €
2,15 €",KOMVIDA
Bebidas,Zumos y néctares,Néctar Melocotón sin Azúcar Anadido Brik 2 L,"1,50 € / 1 L","3,79 €
2,99 €",JUVER
Bebidas,Zumos y néctares,Limonada con Jengibre 1 L,"2,39 € / 1 L","2,69 €
2,39 €",FRUTAE
Bebidas,Zumos y néctares,Kombucha Supergreen Bebida Orgánica 250 ml,"8,60 € / 1 L","2,59 €
2,15 €",KOMVIDA
Bebidas,Zumos y néctares,Nectar S/Azúcar Naranja y Uva 2 L,"1,50 € / 1 L","3,79 €
2,99 €",JUVER
Bebidas,Zumos y néctares,Néctar Naranja Botella Pet 1 L,"2,99 € / 1 L","2,99 €",GRANINI
Bebidas,Zumos y néctares,Bifrutas Tropical Pack de 3 3 x 330 ml,"2,52 € / 1 L","2,49 €",BIFRUTAS
Bebidas,Zumos y néctares,Zumo Manzana Concentrado Brik 1 L,"0,65 € / 1 L","0,65 €",CONSUM
Bebidas,Zumos y néctares,Zumo Naranja-Mandarina Concentrado Brik 1 L,"1,29 € / 1 L","1,29 €",CONSUM
Bebidas,Zumos y néctares,"Zumo Piña,Uva, Manzana Concentrado Brik 1 L","0,90 € / 1 L","0,90 €",CONSUM
Bebidas,Zumos y néctares,Zumo con Leche Tropical 3 x 330 ml,"1,01 € / 1 L","1,00 €",CONSUM
Bebidas,Zumos y néctares,Zumo con Leche Mediterráneo 3 x 330 ml,"1,01 € / 1 L","1,00 €",CONSUM
Bebidas,Zumos y néctares,"Zumo Piña,Uva, Manzana Concentrado Pack de 6 6 x 200 ml","1,17 € / 1 L","1,40 €",CONSUM
Bebidas,Zumos y néctares,"Zumo Melocotón,Uva y Manzana Pack de 6 6 x 200 ml","1,25 € / 1 L","1,50 €",CONSUM
Bebidas,Zumos y néctares,Zumo Piña Manzana Uva Concentrado Pack de 6 6 x 200 ml,"1,66 € / 1 L","1,99 €",DON SIMON
Bebidas,Zumos y néctares,Bifrutas Tropical Pack de 6 6 x 200 ml,"1,99 € / 1 L","2,39 €",BIFRUTAS
Bebidas,Zumos y néctares,Bifrutas Tropical 1 L,"2,29 € / 1 L","2,29 €",BIFRUTAS
Bebidas,Zumos y néctares,"Néctar Naranja Disfruta sin Azúcar Añadido Pet 1,5 L","1,66 € / 1 L","2,49 €",DON SIMON
Bebidas,Zumos y néctares,"Néctar Piña Disfruta sin Azúcar Añadido Pet 1,5 L","1,30 € / 1 L","1,95 €",DON SIMON
Bebidas,Zumos y néctares,"Néctar Mango Manzana sin Azúcar Añadido Pet 1,5 L","1,30 € / 1 L","1,95 €",DON SIMON
Bebidas,Zumos y néctares,"Néctar Naranja Zanahoria Mango sin Azúcar Añ. Pet 1,5 L","1,30 € / 1 L","1,95 €",DON SIMON
Bebidas,Zumos y néctares,Zumo+Leche Mediterráneo 6 x 200 ml,"1,00 € / 1 L","1,20 €",CONSUM
Bebidas,Zumos y néctares,Zumo+Leche Tropical 6 x 200 ml,"1,00 € / 1 L","1,20 €",CONSUM
Bebidas,Zumos y néctares,Fruta Leche Caribe Zero. Pack de 6 6 x 200 ml,"1,46 € / 1 L","1,75 €",DON SIMON
Bebidas,Zumos y néctares,Fruta Leche Tropical Zero. Pack de 6 6 x 200 ml,"1,46 € / 1 L","1,75 €",DON SIMON
Bebidas,Zumos y néctares,Néctar Piña Light Botella Pet 1 L,"0,90 € / 1 L","0,90 €",CONSUM
Bebidas,Zumos y néctares,Néctar Naranja Light Pet 1 L,"0,95 € / 1 L","0,95 €",CONSUM
Bebidas,Zumos y néctares,Néctar Mango Manzana Light Pet 1 L,"0,99 € / 1 L","0,99 €",CONSUM
Bebidas,Zumos y néctares,Néctar Antiox Light Botella Pet 1 L,"1,65 € / 1 L","1,65 €",CONSUM
Bebidas,Zumos y néctares,Zumo Exprimido Naranja Sin pulpa - Brik 1 L,"1,75 € / 1 L","1,75 €",CONSUM
Bebidas,Zumos y néctares,Néctar Frutas del Bosque Brik 1 L,"1,69 € / 1 L","1,69 €",DON SIMON
Bebidas,Zumos y néctares,Bebida Multivitaminas Brik 2 L,"0,63 € / 1 L","1,25 €",DON SIMON
Bebidas,Zumos y néctares,Bifrutas Tropical Zero Pack de 6 6 x 200 ml,"1,99 € / 1 L","2,39 €",BIFRUTAS
Bebidas,Zumos y néctares,Fruta Leche Melón Sandía Zero Pack 6x200 6 x 200 ml,"1,46 € / 1 L","1,75 €",DON SIMON
Bebidas,Zumos y néctares,Zumo Piña Manzana Uva Concentrado Brik 1 L,"1,49 € / 1 L","1,49 €",DON SIMON
Bebidas,Zumos y néctares,Zumo Naranja Concentrado Brik 1 L,"2,25 € / 1 L","2,25 €",DON SIMON
Bebidas,Zumos y néctares,Zumo Manzana Concentrado Pack de 6 6 x 200 ml,"0,93 € / 1 L","1,12 €",CONSUM
Bebidas,Zumos y néctares,Néctar Piña Light Pack de 6 6 x 200 ml,"1,13 € / 1 L","1,35 €",CONSUM
Bebidas,Zumos y néctares,Néctar Piña Botella Pet 1 L,"2,79 € / 1 L","2,79 €",GRANINI
Bebidas,Zumos y néctares,Bebida a base de Zumo de Melocotón Pet 1 L,"2,79 € / 1 L","2,79 €",GRANINI
Bebidas,Zumos y néctares,Zumo Melocotón y Uva Concentrado Pack de 6 6 x 200 ml,"1,66 € / 1 L","1,99 €",DON SIMON
Bebidas,Zumos y néctares,Néctar de Frutas Pack de 6 6 x 200 ml,"1,42 € / 1 L","1,70 €",CONSUM KIDS
Bebidas,Zumos y néctares,Néctar Piña Pet 1 L,"1,00 € / 1 L","1,00 €",CONSUM
Bebidas,Zumos y néctares,Néctar Frutos del Bosque Pack 6 6 x 200 ml,"1,75 € / 1 L","2,10 €",DON SIMON
Bebidas,Zumos y néctares,Naranja para Zumo Malla 4 Kg,"1,35 € / 1 Kg","5,40 €",
Bebidas,Zumos y néctares,Zumo Tropical Brik 1 L,"1,39 € / 1 L","1,39 €",CONSUM
Bebidas,Zumos y néctares,Limonada 100% Exprimida 1 L,"2,45 € / 1 L","2,45 €",FRUTAE
Bebidas,Zumos y néctares,Zumo de Naranja sin Pulpa 750 ml,"2,87 € / 1 L","2,15 €",FRUTAE
Bebidas,Zumos y néctares,Zumo Smoothie Mango y Maracuyá 750 ml,"3,13 € / 1 L","2,35 €",DON SIMON
Bebidas,Zumos y néctares,Zumo de Naranja con Pulpa 750 ml,"2,87 € / 1 L","2,15 €",FRUTAE
Bebidas,Zumos y néctares,Zumo Naranja-Mandarina Concentrado Pack de 6 6 x 200 ml,"1,41 € / 1 L","1,69 €",CONSUM
Bebidas,Zumos y néctares,Zumo Naranja Concentrado Pack de 6 6 x 200 ml,"2,41 € / 1 L","2,89 €",DON SIMON
Bebidas,Zumos y néctares,Néctar Melocotón Light Botella Pet 1 L,"1,00 € / 1 L","1,00 €",CONSUM
Bebidas,Zumos y néctares,"Zumo Exprimido Naranja Sin pulpa - Minibrik 3 x 0,2 L","2,33 € / 1 L","1,40 €",CONSUM
Bebidas,Zumos y néctares,Néctar Melocotón Pet 1 L,"1,29 € / 1 L","1,29 €",CONSUM
Bebidas,Zumos y néctares,Zumo Tropical Consum Pack de 6 6 x 200 ml,"1,49 € / 1 L","1,79 €",CONSUM
Bebidas,Zumos y néctares,Néctar Naranja Light Pack de 6 6 x 200 ml,"1,46 € / 1 L","1,75 €",CONSUM
Bebidas,Zumos y néctares,Néctar Melocotón Light Pack de 6 6 x 200 ml,"1,25 € / 1 L","1,50 €",CONSUM
Bebidas,Zumos y néctares,Bebida Refrescante Tinto Uva y Manzana 1 L,"1,60 € / 1 L","1,60 €",C.SALOBREÑA
Bebidas,Zumos y néctares,Zumo Exprimido Piña Uva sin Pulpa Minibrik 4 x 125 ml,"2,70 € / 1 L","1,35 €",DON SIMON
Bebidas,Zumos y néctares,Bebida Refresc. Blanco Uva y Manzana 1 L,"1,60 € / 1 L","1,60 €",C.SALOBREÑA
Bebidas,Zumos y néctares,Zumo Tomate Brik 1 L,"1,05 € / 1 L","1,05 €",CONSUM
Bebidas,Zumos y néctares,Zumo Veggie Calabaza Zanahoria-Mango-Manza 1 L,"2,35 € / 1 L","2,35 €",JUVER
Bebidas,Zumos y néctares,Zumo Veggie Remolacha Frutos Bosque-Zanahoria 1 L,"2,35 € / 1 L","2,35 €",JUVER
Bebidas,Zumos y néctares,Néctar Piña Pack de 3 3 x 200 ml,"2,75 € / 1 L","1,65 €",GRANINI
Bebidas,Zumos y néctares,Bebida a base de Zumo Melocotón Tetabrik Pack de 3 3x200 ml,"2,75 € / 1 L","1,65 €",GRANINI
Bebidas,Zumos y néctares,Zumo Manzana 100% Premium Pet 1 L,"2,89 € / 1 L","2,89 €",GRANINI
Bebidas,Zumos y néctares,"Néctar Melocotón Botella 0,33 L","4,09 € / 1 L","1,35 €",GRANINI
Bebidas,Zumos y néctares,Néctar Piña Sin Azúcar Añadido Brik 6 x 200 ml,"2,49 € / 1 L","2,99 €",JUVER
Bebidas,Zumos y néctares,Bebida Multifrutas Brik 2 L,"0,63 € / 1 L","1,25 €",BAHAMAS
Bebidas,Zumos y néctares,Néctar Maracuyá Sin Azúcar Añadido Brik 1 L,"1,99 € / 1 L","1,99 €",JUVER
Bebidas,Zumos y néctares,Zumo Recién Exprimido de Naranja 1L,"4,79 € / 1 L","4,79 €",
Bebidas,Zumos y néctares,Bebida Piña Coco Botella 1 L,"1,19 € / 1 L","1,19 €",CONSUM
Bebidas,Zumos y néctares,Zumo Piña 100% Free 1 L,"1,99 € / 1 L","1,99 €",JUVER
Bebidas,Zumos y néctares,Bebida Granada Light Botella 1 L,"0,99 € / 1 L","0,99 €",CONSUM
Bebidas,Zumos y néctares,Zumo de Frutas y Leche Sabor Tropical P-6 6 x 200 ml,"1,46 € / 1 L","1,75 €",DON SIMON
Bebidas,Zumos y néctares,Zumo de Frutas y Leche Sabor Caribe P-6 6 x 200 ml,"1,46 € / 1 L","1,75 €",DON SIMON
Bebidas,Zumos y néctares,Zumo Manzana Ecológico 1 L,"2,89 € / 1 L","2,89 €",VALFRUTTA
Bebidas,Zumos y néctares,Zumo Naranja con Pulpa Refrigerado 1 L,"1,90 € / 1 L","1,90 €",CONSUM
Bebidas,Zumos y néctares,Zumo Naranja sin Pulpa Refrigerado 1 L,"1,90 € / 1 L","1,90 €",CONSUM
Bebidas,Zumos y néctares,Zumo de Manzana Refrigerado 1 L,"1,50 € / 1 L","1,50 €",CONSUM
Bebidas,Zumos y néctares,Zumo de Piña Costa Rica Refrigerado 1 L,"1,95 € / 1 L","1,95 €",CONSUM
Bebidas,Zumos y néctares,Zumo de Clementina Refrigerado 1 L,"1,70 € / 1 L","1,70 €",CONSUM
Bebidas,Zumos y néctares,Zumo de Granada Refrigerado 330 ml,"4,82 € / 1 L","1,59 €",CONSUM
Bebidas,Zumos y néctares,"Zumo Manzana, Naranja y Zanahoria ACE 1 L","2,29 € / 1 L","2,29 €",CONSUM
Bebidas,Zumos y néctares,"Zumo Manzana, Naranja y Zanahoria ACE 330 ml","2,88 € / 1 L","0,95 €",CONSUM
Bebidas,Zumos y néctares,"Détox con Piña, Hinojo y Alcachofa 330 ml","4,21 € / 1 L","1,39 €",CONSUM
Bebidas,Zumos y néctares,Zumo Exprimido Naranja con Pulpa Brik 1 L,"1,75 € / 1 L","1,75 €",CONSUM
Bebidas,Zumos y néctares,Bebida Naranja Brick 2 L,"0,63 € / 1 L","1,25 €",DON SIMON
Bebidas,Zumos y néctares,Zumo de Piña y Mango Refrigerado 750 ml,"3,72 € / 1 L","2,79 €",FRUTAE
Bebidas,Zumos y néctares,Néctar Pomelo Light Brik 1 L,"1,25 € / 1 L","1,25 €",CONSUM
Bebidas,Zumos y néctares,Zumo Smoothie Mango y Maracuyá 330 ml,"3,48 € / 1 L","1,15 €",DON SIMON
Bebidas,Zumos y néctares,"Néctar Piña Botella 0,33 L","4,09 € / 1 L","1,35 €",GRANINI
Bebidas,Zumos y néctares,"Zumo Avena, Plátano y Coco 750 ml","3,32 € / 1 L","2,49 €",VIA NATURE
Bebidas,Zumos y néctares,Zumo Manzana 100% Free 1 L,"1,99 € / 1 L","1,99 €",JUVER
Bebidas,Zumos y néctares,Zumo de Frutas y Leche Tropical Natural s/Azúcar 240 ml,"3,71 € / 1 L","0,89 €",BIFRUTAS
Bebidas,Zumos y néctares,"Smoothie Kiwi, Piña con Spirulina 250 ml","3,96 € / 1 L","0,99 €",FRUTAE
Bebidas,Zumos y néctares,Bebida de Multifrutas con 11 Vitaminas Pet 1 L,"2,79 € / 1 L","2,79 €",GRANINI
Bebidas,Zumos y néctares,Bebida Arándanos y Uva Antiox PET 1 L,"2,79 € / 1 L","2,79 €",GRANINI
Bebidas,Zumos y néctares,Néctar Naranja y Zanahoria Clásico PET 1 L,"2,79 € / 1 L","2,79 €",GRANINI
Bebidas,Zumos y néctares,Zumo Tropical con Kale Refrigerado 750 ml,"2,87 € / 1 L","2,15 €",FRUTAE
Bebidas,Zumos y néctares,Zumo Multifrutas 100% Free 1 L,"1,99 € / 1 L","1,99 €",JUVER
Bebidas,Zumos y néctares,"Refresco Naranja Florida Botellín 0,33 L","2,73 € / 1 L","0,90 €",SUNNY
Bebidas,Zumos y néctares,"Refresco Blue Frutas del Bosque 0,33 L","2,73 € / 1 L","0,90 €",SUNNY
Bebidas,Zumos y néctares,Smoothie Frutos Rojos 250 ml,"3,96 € / 1 L","0,99 €",FRUTAE
Bebidas,Zumos y néctares,Smoothie Mango y Coco 250 ml,"3,96 € / 1 L","0,99 €",FRUTAE
Bebidas,Zumos y néctares,Kombucha Lemon Fantasy 250 ml,"8,76 € / 1 L","2,19 €",FLAX & KALE
Bebidas,Zumos y néctares,Zumo de Frutas y Avena Sabor Tropical 240 ml,"4,13 € / 1 L","0,99 €",BIFRUTAS
Bebidas,Zumos y néctares,"Mosto Tinto Pet 1,5 L","1,33 € / 1 L","2,00 €",DON SIMON
Bebidas,Zumos y néctares,"Mosto Blanco Pet 1,5 L","1,33 € / 1 L","2,00 €",DON SIMON
Bebidas,Zumos y néctares,Zumo Frutos Rojos y Granada 750 ml,"3,32 € / 1 L","2,49 €",VIA NATURE
Frescos,Carnicería,Filete Primera A de Añojo,"15,75 € / 1 Kg","4,95 €
4,73 €",CONSUM
Frescos,Carnicería,Albondiga Mixta 375 Gr,"8,00 € / 1 Kg","3,25 €
3,00 €",CONSUM
Frescos,Carnicería,Lomo Adobado Extra,"6,74 € / 1 Kg","2,56 €
2,36 €",LORIENTE
Frescos,Carnicería,Burger Ternera Gallega 240 Gr,"15,21 € / 1 Kg","3,95 €
3,65 €",COREN
Frescos,Carnicería,Burger Crispy Chicken 240 Gr,"8,71 € / 1 Kg","2,29 €
2,09 €",ALDELIS
Frescos,Carnicería,Compango Asturiano 250 Gr,"10,76 € / 1 Kg","2,95 €
2,69 €",MAYBE
Frescos,Carnicería,Chorizo Extra Asturiano 250 Gr,"10,96 € / 1 Kg","2,99 €
2,74 €",MAYBE
Frescos,Carnicería,Pechuga de Pollo,"6,99 € / 1 Kg","4,21 €",CONSUM
Frescos,Carnicería,Pollo Limpio,"3,25 € / 1 Kg","6,50 €",CONSUM
Frescos,Carnicería,Muslitos de Pollo,"4,35 € / 1 Kg","3,06 €",CONSUM
Frescos,Carnicería,Contramuslos sin Piel,"4,75 € / 1 Kg","3,35 €",CONSUM
Frescos,Carnicería,Carcasas de Pollo,"1,55 € / 1 Kg","1,55 €",CONSUM
Frescos,Carnicería,Cuarto Trasero de Pollo,"3,70 € / 1 Kg","2,61 €",CONSUM
Frescos,Carnicería,Filetes Pechuga de Pollo,"7,85 € / 1 Kg","4,73 €",CONSUM
Frescos,Carnicería,Pelota de Cocido,"8,29 € / 1 Kg","1,66 €",CONSUM
Frescos,Carnicería,Preparado Picada de Vacuno 400 Gr,"8,63 € / 1 Kg","3,45 €",CONSUM
Frescos,Carnicería,Preparado Picada Mixta 400 Gr,"7,63 € / 1 Kg","3,05 €",CONSUM
Frescos,Carnicería,Longaniza Tipo Requena,"11,49 € / 1 Kg","4,60 €",CONSUM
Frescos,Carnicería,Preparado Picada de Cerdo 400 Gr,"6,38 € / 1 Kg","2,55 €",CONSUM
Frescos,Carnicería,Preparado para Cocido,"7,89 € / 1 Kg","7,89 €",CONSUM
Frescos,Carnicería,Longaniza Extra,"6,89 € / 1 Kg","3,10 €",CONSUM
Frescos,Carnicería,Burger Mixta 4 Unidades 320 Gr,"8,59 € / 1 Kg","2,75 €",CONSUM
Frescos,Carnicería,Brocheta de Pollo 320 Gr,"9,03 € / 1 Kg","2,89 €",CONSUM
Frescos,Carnicería,Burger Americana 2 Unidades 300 Gr,"13,30 € / 1 Kg","3,99 €",ROLER
Frescos,Carnicería,Morcilla de Burgos 265 Gr,"5,81 € / 1 Kg","1,54 €",MARI PAZ
Frescos,Carnicería,Solomillo de Cerdo,"8,80 € / 1 Kg","4,40 €",CONSUM
Frescos,Carnicería,Filete Lomo de Cerdo,"7,19 € / 1 Kg","3,60 €",CONSUM
Frescos,Carnicería,Chuleta Lomo de Cerdo,"6,59 € / 1 Kg","3,64 €",CONSUM
Frescos,Carnicería,Costilla de Cerdo,"7,84 € / 1 Kg","4,72 €",CONSUM
Frescos,Carnicería,Filetes Panceta de Cerdo,"7,11 € / 1 Kg","3,56 €",CONSUM
Frescos,Carnicería,Estofado de Cerdo,"6,25 € / 1 Kg","3,45 €",CONSUM
Frescos,Carnicería,Patas de cerdo Bandeja,"6,20 € / 1 Kg","2,79 €",CONSUM
Frescos,Carnicería,Preparado Arroz al Horno,"7,99 € / 1 Kg","5,22 €",EMBUENA
Frescos,Carnicería,Carrillada de Cerdo,"13,75 € / 1 Kg","5,50 €",CONSUM
Frescos,Carnicería,Chuletas Palo/Riñonada - Servicio todos los días excepto lunes y martes,"25,50 € / 1 Kg","12,75 €",CONSUM
Frescos,Carnicería,Gallina para Caldo,"4,90 € / 1 Kg","2,21 €",CONSUM
Frescos,Carnicería,Alas de Pollo,"4,70 € / 1 Kg","3,53 €",CONSUM
Frescos,Carnicería,Pollo Troceado,"4,09 € / 1 Kg","3,68 €",CONSUM
Frescos,Carnicería,Espinazo de Cerdo,"4,49 € / 1 Kg","1,12 €",CONSUM
Frescos,Carnicería,Pechuga de Pavo Fileteada,"8,99 € / 1 Kg","4,50 €",CONSUM
Frescos,Carnicería,Contramuslos de Pollo Deshuesados,"7,39 € / 1 Kg","4,08 €",CONSUM
Frescos,Carnicería,Chuleta de Aguja,"6,39 € / 1 Kg","4,18 €",CONSUM
Frescos,Carnicería,Carpaccio Marinado 110 Gr,"35,00 € / 1 Kg","3,85 €",ROLER
Frescos,Carnicería,Burger de Vacuno 4 Unidades 360 Gr,"8,33 € / 1 Kg","3,00 €",CONSUM
Frescos,Carnicería,Longaniza Blanca sin Tripa 445 Gr,"5,89 € / 1 Kg","2,62 €",SERRANO
Frescos,Carnicería,Solomillo de Pollo .,"8,39 € / 1 Kg","4,20 €",CONSUM
Frescos,Carnicería,Alas Partidas de Pollo,"5,49 € / 1 Kg","2,75 €",CONSUM
Frescos,Carnicería,Preparado Picada Mixta Boloñesa 250 Gr,"11,40 € / 1 Kg","2,85 €",CONSUM
Frescos,Carnicería,Arreglo para Paella de Pollo y Conejo,"7,15 € / 1 Kg","6,11 €",CONSUM
Frescos,Carnicería,Burger Angus 2 Unidades 240 Gr,"16,63 € / 1 Kg","3,99 €",ROLER
Frescos,Carnicería,Mini Brocheta Grill 240 Gr,"12,46 € / 1 Kg","2,99 €",CONSUM
Frescos,Carnicería,Tortitas Pizza 270 Gr,"10,33 € / 1 Kg","2,79 €",ALDELIS
Frescos,Carnicería,Hamburguesa Pollo y Espinacas 4 Unidades 313 Gr,"11,02 € / 1 Kg","3,45 €",ALDELIS
Frescos,Carnicería,Pechuga de Pavo Adobado 330 Gr,"12,09 € / 1 Kg","3,99 €",SERRANO
Frescos,Carnicería,Preparado Picada Pollo 400 Gr,"9,13 € / 1 Kg","3,65 €",CONSUM
Frescos,Carnicería,San Jacobo 300 Gr,"10,00 € / 1 Kg","3,00 €",CONSUM
Frescos,Carnicería,Burger Meat Pollo 4 Unidades 360 Gr,"7,64 € / 1 Kg","2,75 €",CONSUM
Frescos,Carnicería,Pechuga de Pavo Adobada Ajillo,"9,75 € / 1 Kg","4,39 €",ALDELIS
Frescos,Carnicería,Chuletas de Pavo Marinadas al Ajillo,"8,20 € / 1 Kg","4,10 €",ALDELIS
Frescos,Carnicería,Burger Entrecot Aguja 2 Unidades 240 Gr,"16,46 € / 1 Kg","3,95 €",ROLER
Frescos,Carnicería,Cabeza Lomo de Cerdo,"6,84 € / 1 Kg","4,12 €",CONSUM
Frescos,Carnicería,Medio Conejo Troceado,"9,20 € / 1 Kg","6,01 €",CONSUM
Frescos,Carnicería,Escalopín Lomo Familiar,"7,09 € / 1 Kg","7,79 €",CONSUM
Frescos,Carnicería,Magro Adobado 330 Gr,"9,06 € / 1 Kg","2,99 €",SERRANO
Frescos,Carnicería,Preparado Picada Mixta 250 Gr,"11,40 € / 1 Kg","2,85 €",CONSUM
Frescos,Carnicería,Embutido Mixto,"8,69 € / 1 Kg","4,35 €",CONSUM
Frescos,Carnicería,Mini Brocheta Curry 240 Gr,"12,46 € / 1 Kg","2,99 €",CONSUM
Frescos,Carnicería,Escalopín de Lomo Tierno 600 Gr,"9,32 € / 1 Kg","5,59 €",ELPOZO
Frescos,Carnicería,Chorizo Tipo Pueblo,"7,99 € / 1 Kg","3,60 €",CONSUM
Frescos,Carnicería,Barbacoa Mini,"8,49 € / 1 Kg","2,55 €",CONSUM
Frescos,Carnicería,Botifarrón de Carne,"8,29 € / 1 Kg","2,49 €",CONSUM
Frescos,Carnicería,Morcilla de Cebolla Oreada,"7,29 € / 1 Kg","2,56 €",CONSUM
Frescos,Carnicería,Blanquet,"7,49 € / 1 Kg","1,87 €",CONSUM
Frescos,Carnicería,Hígado de Cordero - Servicio todos los días excepto lunes y martes,"11,50 € / 1 Kg","4,60 €",CARNES FRESC
Frescos,Carnicería,Forro de Cerdo,"6,39 € / 1 Kg","3,20 €",CONSUM
Frescos,Carnicería,Lomo Añojo,"21,95 € / 1 Kg","6,59 €",CONSUM
Frescos,Carnicería,Blanco y Rojo,"9,49 € / 1 Kg","4,27 €",CONSUM
Frescos,Carnicería,Tocino de Cerdo,"4,75 € / 1 Kg","0,95 €",CONSUM
Frescos,Carnicería,Patas de Ternera,"8,25 € / 1 Kg","2,06 €",CONSUM
Frescos,Carnicería,Ossobuco de Cerdo,"6,99 € / 1 Kg","2,80 €",CONSUM
Frescos,Carnicería,Chuletas de Paletilla,"20,50 € / 1 Kg","8,20 €",CONSUM
Frescos,Carnicería,Chuletas de Cuello - Servicio todos los días excepto lunes y martes,"13,00 € / 1 Kg","4,56 €",CONSUM
Frescos,Carnicería,Garreta / Brazuelo - Servicio todos los días excepto lunes y martes,"13,00 € / 1 Kg","7,18 €",CONSUM
Frescos,Carnicería,Chuletas de Pierna - Servicio todos los días excepto lunes y martes,"19,00 € / 1 Kg","9,50 €",CONSUM
Frescos,Carnicería,Paletillas de Conejo,"17,35 € / 1 Kg","6,09 €",CONSUM
Frescos,Carnicería,Entrecot de Novillo Argentino,"38,50 € / 1 Kg","11,56 €",CARNES FELIX
Frescos,Carnicería,Secreto de Cerdo,"7,10 € / 1 Kg","4,28 €",CONSUM
Frescos,Carnicería,Carrillada de Vacuno,"16,50 € / 1 Kg","5,79 €",CONSUM
Frescos,Carnicería,Lomos de Conejo,"13,40 € / 1 Kg","4,70 €",CONSUM
Frescos,Carnicería,Estofado de Pavo,"7,90 € / 1 Kg","4,76 €",ALDELIS
Frescos,Carnicería,Pechuga de Pavo Adobada Pimentón,"9,75 € / 1 Kg","4,39 €",ALDELIS
Frescos,Carnicería,Lomo Extra Ajillo,"8,45 € / 1 Kg","2,96 €",LORIENTE
Frescos,Carnicería,Taco Añojo para Guisar,"13,95 € / 1 Kg","2,79 €",CONSUM
Frescos,Carnicería,Solomillo al Romero,"11,50 € / 1 Kg","6,93 €",EL POZO
Frescos,Carnicería,Churrasquitos de Cordero - Servicio todos los días excepto lunes y martes,"14,25 € / 1 Kg","5,70 €",CONSUM
Frescos,Carnicería,Muslo de Pollo Deshuesado,"5,90 € / 1 Kg","2,95 €",CONSUM
Frescos,Carnicería,Cuarto Trasero de Pollo Certificado,"4,95 € / 1 Kg","2,73 €",CONSUM
Frescos,Carnicería,Pechuga Fileteada de Pollo Certificado,"9,50 € / 1 Kg","5,72 €",CONSUM
Frescos,Carnicería,Lomo Adobado Horno Artesano 500 Gr,"9,30 € / 1 Kg","4,65 €",EL POZO
Frescos,Carnicería,Rabo de Cerdo Cocido 500 Gr,"8,38 € / 1 Kg","4,19 €",FERGONVI
Frescos,Carnicería,Alas Partidas de Pollo Certificado,"7,45 € / 1 Kg","3,73 €",CONSUM
Frescos,Carnicería,Burger de Pollo Certificado 2 Unidades 240 Gr,"11,88 € / 1 Kg","2,85 €",CONSUM
Frescos,Carnicería,Cuartos Traseros Pollo Familiar,"3,20 € / 1 Kg","6,40 €",CONSUM
Frescos,Carnicería,Torreznos de Soria,"17,50 € / 1 Kg","3,94 €",LA HOGUERA
Frescos,Carnicería,Bolitas de Carne Cerdo y Ternera 225 Gr,"12,67 € / 1 Kg","2,85 €",CONSUM
Frescos,Carnicería,Pinchos de Pollo al Pimentón 320 Gr,"10,47 € / 1 Kg","3,35 €",CONSUM
Frescos,Carnicería,Costilla de Cerdo Al Ajillo,"10,99 € / 1 Kg","7,74 €",
Frescos,Carnicería,Costilla de Cerdo Adobada,"10,99 € / 1 Kg","7,74 €",
Frescos,Carnicería,Lomo Cerdo Ibérico,"25,99 € / 1 Kg","8,66 €",FINURA
Frescos,Carnicería,Presa Cerdo Ibérico,"35,99 € / 1 Kg","10,81 €",FINURA
Frescos,Carnicería,Filetes Redondo Añojo,"15,95 € / 1 Kg","5,60 €",CONSUM
Frescos,Carnicería,Filete 1ª de Añojo Planchar-Freír,"14,95 € / 1 Kg","5,25 €",CONSUM
Frescos,Carnicería,Filete Extra Fino Pechuga de Pollo,"9,29 € / 1 Kg","3,26 €",CONSUM
Frescos,Carnicería,Oreja Cerdo Cocida y Troceada 375 Gr,"8,51 € / 1 Kg","3,19 €",FERGONVI
Frescos,Carnicería,Burger Entrecot de Vaca 240 Gr,"16,46 € / 1 Kg","3,95 €",ROLER
Frescos,Carnicería,Mini Burgers Mixta 280 Gr,"9,64 € / 1 Kg","2,70 €",ROLER
Frescos,Carnicería,Longaniza de Pollo,"7,50 € / 1 Kg","2,78 €",CONSUM
Frescos,Carnicería,Lomo Ibérico Adobado,"25,99 € / 1 Kg","9,12 €",FINURA
Frescos,Carnicería,Pechuga Extrafina Pavo,"10,55 € / 1 Kg","3,77 €",CONSUM
Frescos,Carnicería,Lomo Empanado,"8,99 € / 1 Kg","3,60 €",CONSUM
Frescos,Carnicería,Hamburguesa de Ternera Ecológica 240 Gr,"16,63 € / 1 Kg","3,99 €",COREN
Frescos,Carnicería,Longaniza Pascuera,"11,59 € / 1 Kg","4,07 €",CONSUM
Frescos,Carnicería,Huesos de Ternera,"6,25 € / 1 Kg","1,56 €",CONSUM
Frescos,Carnicería,Muslitos de Pollo Certificado,"6,30 € / 1 Kg","5,21 €",CONSUM
Frescos,Carnicería,Patas de Pollo Limpias,"4,05 € / 1 Kg","1,62 €",CONSUM
Frescos,Carnicería,Codorniz 2 Unidades 300 Gr,"14,50 € / 1 Kg","4,35 €",CONSUM
Frescos,Carnicería,Taquitos Adobados,"8,75 € / 1 Kg","3,07 €",CONSUM
Frescos,Carnicería,Escalopin Lomo Adob. Extra Tierno 600 Gr,"9,32 € / 1 Kg","5,59 €",EL POZO
Frescos,Carnicería,Burger Ibérica 240 Gr,"10,83 € / 1 Kg","2,60 €",EL POZO
Frescos,Carnicería,Chuleta Sajonia,"10,60 € / 1 Kg","4,24 €",EL POZO
Frescos,Carnicería,Higaditos de Pollo 300 Gr,"5,17 € / 1 Kg","1,55 €",CONSUM
Frescos,Carnicería,Mollejas de Pollo 300 Gr,"5,33 € / 1 Kg","1,60 €",CONSUM
Frescos,Carnicería,Chuleta Vaca Madurada,"28,75 € / 1 Kg","8,05 €",DALICIA
Frescos,Carnicería,Solomillo Vaca Madurada,"37,50 € / 1 Kg","11,26 €",DALICIA
Frescos,Carnicería,Albondigas de Pollo 350 Gr,"9,00 € / 1 Kg","3,15 €",CONSUM
Frescos,Carnicería,Burger con Secreto de Cerdo 240 Gr,"12,04 € / 1 Kg","2,89 €",ROLER
Frescos,Carnicería,Preparado Caldo Suave,"5,89 € / 1 Kg","5,31 €",CONSUM
Frescos,Carnicería,Costillitas de Conejo,"8,45 € / 1 Kg","3,38 €",CONSUM
Frescos,Carnicería,Pincho Andaluz de Cerdo,"11,50 € / 1 Kg","3,45 €",ROLER
Frescos,Carnicería,Chuleta de Pavo,"8,05 € / 1 Kg","4,85 €",CONSUM
Frescos,Carnicería,Pechuga Pollo Marinada al Ajillo,"8,29 € / 1 Kg","3,73 €",ALDELIS
Frescos,Carnicería,Burger Meat de Pavo 240 Gr,"11,21 € / 1 Kg","2,69 €",ALDELIS
Frescos,Carnicería,Nuggets de Pollo 255 Gr,"9,76 € / 1 Kg","2,49 €",CONSUM
Frescos,Carnicería,Alitas Brooklyn Barbacoa,"5,49 € / 1 Kg","3,31 €",PUJANTE
Frescos,Carnicería,Kebab de Pollo con dos salsas 334 Gr,"10,33 € / 1 Kg","3,45 €",ALDELIS
Frescos,Carnicería,Extratierno de Pechuga Pollo,"10,45 € / 1 Kg","3,67 €",CONSUM
Frescos,Carnicería,Choricitos Picantes,"9,39 € / 1 Kg","2,35 €",CONSUM
Frescos,Carnicería,Estofado de Añojo,"13,95 € / 1 Kg","5,58 €",CONSUM
Frescos,Carnicería,Filete Cadera Babilla Ternera Gallega,"19,95 € / 1 Kg","7,00 €",COREN
Frescos,Carnicería,Filete Pechuga de Pollo Empanado,"8,29 € / 1 Kg","4,15 €",NATURAVIA
Frescos,Carnicería,Solomillo Pollo Empanado,"9,55 € / 1 Kg","4,78 €",NATURAVIA
Frescos,Carnicería,Alas Crunchy Chicken,"6,99 € / 1 Kg","3,50 €",NATURAVIA
Frescos,Carnicería,Burger Pollo y Verduras 240 Gr,"11,04 € / 1 Kg","2,65 €",CONSUM
Frescos,Carnicería,Burger de Pollo y Queso 360 Gr,"11,08 € / 1 Kg","3,99 €",CONSUM
Frescos,Carnicería,Huesos Blancos Salados,"4,69 € / 1 Kg","1,41 €",ARTESAL
Frescos,Carnicería,Panceta Iberica Salada,"7,39 € / 1 Kg","2,22 €",ARTESAL
Frescos,Carnicería,Tortitas Pollo Asado con Queso Fundido 270 Gr,"10,33 € / 1 Kg","2,79 €",ALDELIS
Frescos,Carnicería,Solomillo de Añojo,"39,95 € / 1 Kg","12,00 €",COREN
Frescos,Carnicería,Tira de Costilla de Cerdo .,"10,75 € / 1 Kg","9,68 €",MAFRICA
Frescos,Carnicería,Burger Angus M.Vergara 2 Unidades 320 Gr,"16,84 € / 1 Kg","5,39 €",M. VERGARA
Frescos,Carnicería,Medallón Solomillo Pavo Fino,"12,03 € / 1 Kg","3,61 €",CONSUM
Frescos,Carnicería,Dipper de Pollo y Queso 250 Gr,"11,00 € / 1 Kg","2,75 €",SEÑOR POLLO
Frescos,Carnicería corte,Añojo para Guisar,"12,95 € / 1 Kg","13,95 €
12,95 €",
Frescos,Carnicería corte,Croquetas de Cocido 62 Gr,"8,80 € / 1 Kg","0,65 €
0,55 €",
Frescos,Carnicería corte,Burger Meat Vacuno y Cebolla Caramelizada 150 Gr,"11,94 € / 1 Kg","1,99 €
1,79 €",
Frescos,Carnicería corte,Pechuga de Pollo,"7,25 € / 1 Kg","1,89 €",
Frescos,Carnicería corte,Cuarto Trasero de Pollo,"3,70 € / 1 Kg","1,48 €",
Frescos,Carnicería corte,"Pollo Limpio Entero o Mitades - Entero 2,2 kg aprox","3,25 € / 1 Kg","7,22 €",
Frescos,Carnicería corte,Choricitos,"9,39 € / 1 Kg","0,14 €",
Frescos,Carnicería corte,Solomillo de Cerdo,"8,80 € / 1 Kg","3,52 €",
Frescos,Carnicería corte,Alas de Pollo,"4,70 € / 1 Kg","0,52 €",
Frescos,Carnicería corte,Longaniza Tipo Requena,"11,49 € / 1 Kg","0,57 €",
Frescos,Carnicería corte,Chorizo Tipo de Pueblo,"7,99 € / 1 Kg","0,40 €",
Frescos,Carnicería corte,Morcilla de Cebolla Oreada,"7,29 € / 1 Kg","0,49 €",
Frescos,Carnicería corte,"Conejo Entero o Mitades - Entero 1,2 kg aprox","8,15 € / 1 Kg","9,06 €",
Frescos,Carnicería corte,"Pollo Entero o Mitades Certificado - Entero 2,2 kg aprox","4,60 € / 1 Kg","10,22 €",CONSUM
Frescos,Carnicería corte,Burger Meat Entrecot de Aguja Unidad 120 Gr,"15,75 € / 1 Kg","1,89 €",
Frescos,Carnicería corte,Costilla de Añojo,"11,95 € / 1 Kg","2,99 €",
Frescos,Carnicería corte,Longaniza Extra,"6,89 € / 1 Kg","0,34 €",
Frescos,Carnicería corte,Costilla de Cerdo,"7,84 € / 1 Kg","1,18 €",
Frescos,Carnicería corte,Blanquet Granel,"7,49 € / 1 Kg","0,44 €",
Frescos,Carnicería corte,Huesos de Añojo,"5,85 € / 1 Kg","1,29 €",
Frescos,Carnicería corte,Pelota Cocido,"8,29 € / 1 Kg","2,07 €",
Frescos,Carnicería corte,Cuarto Trasero de Pollo Certificado,"4,95 € / 1 Kg","1,65 €",CONSUM
Frescos,Carnicería corte,Higaditos de Conejo,"10,75 € / 1 Kg","1,51 €",
Frescos,Carnicería corte,Entrecot de Novillo Argentino,"38,50 € / 1 Kg","5,75 €",
Frescos,Carnicería corte,Filete Solomillo de Añojo,"39,95 € / 1 Kg","5,96 €",
Frescos,Carnicería corte,Cabeza de Lomo sin Hueso,"6,84 € / 1 Kg","0,62 €",
Frescos,Carnicería corte,Chuleta Aguja de Cerdo,"6,39 € / 1 Kg","0,83 €",
Frescos,Carnicería corte,Chuleta de Lomo Cerdo,"6,59 € / 1 Kg","0,82 €",
Frescos,Carnicería corte,Panceta de Cerdo,"7,11 € / 1 Kg","0,55 €",
Frescos,Carnicería corte,Filete Lomo de Cerdo,"7,19 € / 1 Kg","0,47 €",
Frescos,Carnicería corte,Lomo Entrecot de Ternera Gallega,"31,50 € / 1 Kg","9,46 €",
Frescos,Carnicería corte,Babilla Añojo,"16,50 € / 1 Kg","2,46 €",
Frescos,Carnicería corte,Filete Solomillo de Ternera Gallega,"49,50 € / 1 Kg","7,39 €",
Frescos,Carnicería corte,Caretas de Cerdo,"5,69 € / 1 Kg","9,48 €",
Frescos,Carnicería corte,Rabos de Cerdo,"5,39 € / 1 Kg","2,70 €",
Frescos,Carnicería corte,Papada de Cerdo,"6,59 € / 1 Kg","0,59 €",
Frescos,Carnicería corte,Patas de cerdo,"6,20 € / 1 Kg","2,48 €",
Frescos,Carnicería corte,Tocino Blanco de Cerdo,"4,75 € / 1 Kg","4,75 €",
Frescos,Carnicería corte,Carrillada de Cerdo con Hueso,"11,99 € / 1 Kg","3,60 €",
Frescos,Carnicería corte,Espinazo de Cerdo,"4,49 € / 1 Kg","0,67 €",
Frescos,Carnicería corte,Magro de Jamón,"6,35 € / 1 Kg","0,57 €",
Frescos,Carnicería corte,Estofado de Cerdo,"6,25 € / 1 Kg","6,25 €",
Frescos,Carnicería corte,Rabo de Añojo,"15,95 € / 1 Kg","15,95 €",
Frescos,Carnicería corte,Ternera Gallega para Guisar,"15,95 € / 1 Kg","15,95 €",
Frescos,Carnicería corte,Longaniza Pascuera,"11,59 € / 1 Kg","0,72 €",
Frescos,Carnicería corte,Burger Meat Vacuno 120 Gr,"10,42 € / 1 Kg","1,25 €",
Frescos,Carnicería corte,Burger Meat Pollo 120 Gr,"9,92 € / 1 Kg","1,19 €",
Frescos,Carnicería corte,Burger Meat Angus 130 Gr,"19,15 € / 1 Kg","2,49 €",
Frescos,Carnicería corte,Triángulo Pavo y Queso Empanado 36 Gr,"1,81 € / 100 Gr","0,65 €",
Frescos,Carnicería corte,Solomillos Empanados,"9,89 € / 1 Kg","0,79 €",
Frescos,Carnicería corte,Burger Meat de Pollo con Calabacin y Queso 125 Gr,"10,80 € / 1 Kg","1,35 €",
Frescos,Carnicería corte,Croqueta Carrillera 50 Gr,"13,00 € / 1 Kg","0,65 €",
Frescos,Carnicería corte,Croqueta de la Abuela Pollo y Jamón 62 Gr,"10,40 € / 1 Kg","0,65 €",
Frescos,Carnicería corte,"Chuletón de Cerdo Ibérico - Disponible jueves, viernes y sábado","15,99 € / 1 Kg","2,00 €",EL POZO
Frescos,Carnicería corte,Pierna Entera Cordero,"18,90 € / 1 Kg","32,59 €",
Frescos,Carnicería corte,Paletilla de Cordero,"19,90 € / 1 Kg","19,90 €",
Frescos,Carnicería corte,Chuletillas de Cordero,"25,50 € / 1 Kg","1,53 €",
Frescos,Carnicería corte,Chuletas de Pierna,"19,00 € / 1 Kg","2,00 €",
Frescos,Carnicería corte,Chuletas de Paletilla,"20,50 € / 1 Kg","1,23 €",
Frescos,Carnicería corte,Filete Extra Añojo,"19,80 € / 1 Kg","3,96 €",
Frescos,Carnicería corte,Cordero al Tajo Cuartos,"17,95 € / 1 Kg","17,95 €",
Frescos,Carnicería corte,Cuellos de Cordero,"13,00 € / 1 Kg","6,50 €",
Frescos,Carnicería corte,Falda y Pecho de Cordero,"13,00 € / 1 Kg","6,50 €",
Frescos,Carnicería corte,Ossobuco de Añojo,"11,95 € / 1 Kg","4,78 €",
Frescos,Carnicería corte,Filete muy Tierno de Ternera Gallega,"23,90 € / 1 Kg","3,57 €",
Frescos,Carnicería corte,Filete Tierno de Ternera Gallega,"20,95 € / 1 Kg","3,13 €",
Frescos,Carnicería corte,Burger Meat Pollo y Zanahoria 125 Gr,"11,12 € / 1 Kg","1,39 €",
Frescos,Carnicería corte,Librito de Pollo Relleno de York y Queso 98 Gr,"13,16 € / 1 Kg","1,29 €",
Frescos,Carnicería corte,Burger de Pollo 2 Quesos 120 Gr,"12,08 € / 1 Kg","1,45 €",
Frescos,Charcutería,Salchichas Wieners 200 Gr,"6,00 € / 1 Kg","1,35 €
1,20 €",OSCAR MAYER
Frescos,Charcutería,Jamón Cocido Bonnatur 140 Gr,"13,93 € / 1 Kg","2,19 €
1,95 €",ARGAL
Frescos,Charcutería,Salchichas con Queso Jumbo 350 Gr,"6,55 € / 1 Kg","2,55 €
2,29 €",OSCAR MAYER
Frescos,Charcutería,Pechuga de Pavo Finas Lonchas 200 Gr,"10,00 € / 1 Kg","2,07 €
2,00 €",CONSUM
Frescos,Charcutería,Chorizo Pamplona Lonchas 4x60 (240gr),"8,67 € / 1 Kg","2,19 €
2,08 €",CONSUM
Frescos,Charcutería,Fiambre de Jamón de Pavo 380 Gr,"9,34 € / 1 Kg","3,95 €
3,55 €",CAMPOFRÍO
Frescos,Charcutería,Pechuga de Pavo Bonnatur 130 Gr,"16,92 € / 1 Kg","2,49 €
2,20 €",ARGAL
Frescos,Charcutería,Chorizo Extra Duroc 280 Gr,"14,64 € / 1 Kg","4,59 €
4,10 €",LA HOGUERA
Frescos,Charcutería,Taco de Bacón 300 Gr,"9,10 € / 1 Kg","2,82 €
2,73 €",MONELLS
Frescos,Charcutería,Pate de Pollo Lata Pack de 2 2 x 75 Gr,"26,60 € / 1 Kg","3,99 €",LA PIARA
Frescos,Charcutería,Chorizo Picante Duroc 280 Gr,"14,64 € / 1 Kg","4,59 €
4,10 €",LA HOGUERA
Frescos,Charcutería,Tabla de Surtido Ibérico de Cebo 120 Gr,"38,75 € / 1 Kg","5,19 €
4,65 €",MONTARAZ
Frescos,Charcutería,Jamón Serrano Duroc Lonchas 100 Gr,"30,00 € / 1 Kg","3,55 €
3,00 €",LA HOGUERA
Frescos,Charcutería,Jamón Cebo 50% Raza Ibérica 60 Gr,"59,17 € / 1 Kg","3,99 €
3,55 €",ELPOZO
Frescos,Charcutería,Lonchas Vegetarianas Hierbas Mediterráneas 100 Gr,"17,90 € / 1 Kg","1,99 €
1,79 €",CAMPOFRÍO
Frescos,Charcutería,Jamón Cocido Extra Finas Lonchas 160 Gr,"10,25 € / 1 Kg","1,74 €
1,64 €",CONSUM
Frescos,Charcutería,Mortadela Ibérica Finas Lonchas 150 Gr,"14,33 € / 1 Kg","2,39 €
2,15 €",LEGADO POZO
Frescos,Charcutería,Chopped Pork Mini 300 Gr,"5,16 € / 1 Kg","1,75 €
1,55 €",ELPOZO
Frescos,Charcutería,Paleta de Cebo Ibérica Lonchas 100 Gr,"46,50 € / 1 Kg","5,19 €
4,65 €",LEGADO
Frescos,Charcutería,"Longaniza de Pavo 2 x 62,5 Gr","21,52 € / 1 Kg","2,99 €
2,69 €",BOADAS
Frescos,Charcutería,Pepperoni 2 x 45 Gr,"20,00 € / 1 Kg","2,05 €
1,80 €",GOIKOA
Frescos,Charcutería,Bacon Lonchas 110 Gr,"13,64 € / 1 Kg","1,50 €",EL POZO
Frescos,Charcutería,Jamón Bellota 100% Ibérico Cortado a Cuchillo 80 Gr,"143,63 € / 1 Kg","12,80 €
11,49 €",MONTARAZ
Frescos,Charcutería,Sobrasada Tradicional Natural Sin Aditivos 200 Gr,"9,25 € / 1 Kg","1,85 €",EL POZO 1954
Frescos,Charcutería,Pechuga de Pollo +Proteína - 95% Carne 130 Gr,"15,38 € / 1 Kg","2,00 €",ELPOZO
Frescos,Charcutería,Jamón Cocido 80 Gr,"12,50 € / 1 Kg","1,00 €",ELPOZO
Frescos,Charcutería,Fuet Espetec 180 Gr,"14,17 € / 1 Kg","2,55 €",TARRADELLAS
Frescos,Charcutería,Salchichas Jumbo 350 Gr,"7,00 € / 1 Kg","2,45 €",OSCAR MAYER
Frescos,Charcutería,Jamón Cocido Finas Lonchas 125 Gr,"15,92 € / 1 Kg","1,99 €",TARRADELLAS
Frescos,Charcutería,Bacón en Lonchas 150 Gr,"15,27 € / 1 Kg","2,29 €",OSCAR MAYER
Frescos,Charcutería,Cintas de Bacon 150 Gr,"13,27 € / 1 Kg","1,99 €",TARRADELLAS
Frescos,Charcutería,Longaniza Imperial 230 Gr,"11,80 € / 1 Kg","2,95 €",ELPOZO
Frescos,Charcutería,Salchichas Wieners Queso 200 Gr,"6,75 € / 1 Kg","1,35 €",OSCAR MAYER
Frescos,Charcutería,Sobrasada Tradicional 200 Gr,"13,25 € / 1 Kg","2,65 €",ZAGAL
Frescos,Charcutería,Pechuga de Pavo Finíssimas 115 Gr,"16,52 € / 1 Kg","1,90 €",CAMPOFRÍO
Frescos,Charcutería,Jamón Cocido Finíssimas 115 Gr,"16,52 € / 1 Kg","1,90 €",CAMPOFRÍO
Frescos,Charcutería,Cintas de Bacón Pack de 2 Unidades 2 x 100 Gr,"9,25 € / 1 Kg","1,85 €",MONELLS
Frescos,Charcutería,Pamplonés y Salchichón Extra 2 x 45 Gr,"17,17 € / 1 Kg","3,09 €",GOIKOA
Frescos,Charcutería,Jamón Curado 138 Gr,"27,46 € / 1 Kg","3,79 €",NAVIDUL
Frescos,Charcutería,Membrillo 2 x 200 Gr,"3,13 € / 1 Kg","1,25 €",CONSUM
Frescos,Charcutería,Pate Hígado de Cerdo Lata 200 Gr,"5,95 € / 1 Kg","1,19 €",CONSUM
Frescos,Charcutería,Chopped Lonchas Lata 150 Gr,"11,40 € / 1 Kg","1,71 €",SERRANO
Frescos,Charcutería,Jamón Cocido Extra. 200 Gr,"10,20 € / 1 Kg","2,04 €",CONSUM
Frescos,Charcutería,Jamón Gran Reserva curación 15 meses 150 Gr,"19,93 € / 1 Kg","2,99 €",CONSUM
Frescos,Charcutería,Jamón Gran Reserva curación 15 meses 250 Gr,"17,08 € / 1 Kg","4,27 €",CONSUM
Frescos,Charcutería,Salchichón Extra Lonchas 4x60 (240gr),"8,79 € / 1 Kg","2,11 €",CONSUM
Frescos,Charcutería,Chorizo Extra Lonchas 4x60 (240gr),"9,13 € / 1 Kg","2,19 €",CONSUM
Frescos,Charcutería,Sobrasada Ibérica 200 Gr,"11,25 € / 1 Kg","2,25 €",ELPOZO
Frescos,Charcutería,Jamón Cocido Grand Bouquet 140 Gr,"14,21 € / 1 Kg","1,99 €",NOEL
Frescos,Charcutería,Fiambre York Sándwich 250 Gr,"9,40 € / 1 Kg","2,35 €",ELPOZO
Frescos,Charcutería,Mortadela Bologna 100 Gr,"25,50 € / 1 Kg","2,55 €",FERRARINI
Frescos,Charcutería,Chorizo Tradicional 65 Gr,"15,38 € / 1 Kg","1,00 €",REVILLA
Frescos,Charcutería,Tarrina Sobrasada 250 Gr,"8,60 € / 1 Kg","2,15 €",ELPOZO
Frescos,Charcutería,Jamón Cocido 75 Gr,"13,33 € / 1 Kg","1,00 €",CAMPOFRÍO
Frescos,Charcutería,Bacón en Lonchas 200 Gr,"9,60 € / 1 Kg","1,92 €",CONSUM
Frescos,Charcutería,Paté de Pato Pack de 2 Unidades 2 x 50 Gr,"18,90 € / 1 Kg","1,89 €",LA CUINA
Frescos,Charcutería,Paté Pimienta Pack de 2 Unidades 2 x 50 Gr,"14,50 € / 1 Kg","1,45 €",LA CUINA
Frescos,Charcutería,Jamón Curado 1/2 Lonchas 50 Gr,"22,00 € / 1 Kg","1,10 €",NAVIDUL
Frescos,Charcutería,Caña Lomo en Lonchas 40 Gr,"2,75 € / 100 Gr","1,10 €",NAVIDUL
Frescos,Charcutería,Jamón Gran Reserva Medias y finas Lonchas 2 x 110 Gr,"18,14 € / 1 Kg","3,99 €",CONSUM
Frescos,Charcutería,Jamón Gran Reserva Finas Lonchas 120 Gr,"21,58 € / 1 Kg","2,59 €",CONSUM
Frescos,Charcutería,Chorizo Extra 280 Gr,"8,89 € / 1 Kg","2,49 €",CONSUM
Frescos,Charcutería,Chorizo Picante Extra 280 Gr,"8,89 € / 1 Kg","2,49 €",CONSUM
Frescos,Charcutería,Chorizo Pamplona 65 Gr,"15,38 € / 1 Kg","1,00 €",REVILLA
Frescos,Charcutería,Salchichón Extra 65 Gr,"15,38 € / 1 Kg","1,00 €",REVILLA
Frescos,Charcutería,Pechuga de Pavo B/G 75 Gr,"13,33 € / 1 Kg","1,00 €",CAMPOFRÍO
Frescos,Charcutería,Taquitos de Chorizo 100 Gr,"12,50 € / 1 Kg","1,25 €",EDIGAPA
Frescos,Charcutería,Chorizo Ibérico Lonchas 45 Gr,"2,22 € / 100 Gr","1,00 €",NAVIDUL
Frescos,Charcutería,Salchichón Ibérico Lonchas 45 Gr,"2,22 € / 100 Gr","1,00 €",NAVIDUL
Frescos,Charcutería,Salami Extra Lonchas 65 Gr,"15,38 € / 1 Kg","1,00 €",REVILLA
Frescos,Charcutería,Stick Mini Fuet 50 Gr,"26,00 € / 1 Kg","1,30 €",CAMPOFRÍO
Frescos,Charcutería,Sobrasada Mallorca Loncheada 65 Gr,"17,69 € / 1 Kg","1,15 €",EL ZAGAL
Frescos,Charcutería,Pechuga de Pollo B/G Lonchas 80 Gr,"12,50 € / 1 Kg","1,00 €",CAMPOFRÍO
Frescos,Charcutería,Jamón Cocido Delizias 110 Gr,"21,36 € / 1 Kg","2,35 €",NOEL
Frescos,Charcutería,Olivada Frasco 135 Gr,"12,96 € / 1 Kg","1,75 €",D'ATENEA
Frescos,Charcutería,Paté de Salmón Tarro 160 Gr,"10,31 € / 1 Kg","1,65 €",APIS
Frescos,Charcutería,Salchichas Wieners Bocadillo 275 Gr,"6,36 € / 1 Kg","1,75 €",OSCAR MAYER
Frescos,Charcutería,Chorizo y Salchichón Extra 2 x 90 Gr,"17,17 € / 1 Kg","3,09 €",GOIKOA
Frescos,Charcutería,Salchichón a la Pimienta Finas Lonchas 150 Gr,"17,27 € / 1 Kg","2,59 €",SOLÀ
Frescos,Charcutería,Salchichón de Pavo 2 Unidades 2 x 75 Gr,"19,67 € / 1 Kg","2,95 €",GOIKOA
Frescos,Charcutería,Mortadela Clásica 95 Gr,"10,53 € / 1 Kg","1,00 €",CAMPOFRÍO
Frescos,Charcutería,Sobrasada Etiqueta Negra 200 Gr,"14,25 € / 1 Kg","2,85 €",ZAGAL
Frescos,Charcutería,Salami Extra Lonchas 4x60 (240gr),"8,21 € / 1 Kg","1,97 €",CONSUM
Frescos,Charcutería,Jamón Cocido Extra Finas Lonchas 100 Gr,"29,90 € / 1 Kg","2,99 €",FERRARINI
Frescos,Charcutería,Chopped Pork 95 Gr,"10,53 € / 1 Kg","1,00 €",CAMPOFRÍO
Frescos,Charcutería,Chorizo y Salchichón de Pavo 2 x 75 Gr,"19,67 € / 1 Kg","2,95 €",GOIKOA
Frescos,Charcutería,Paté Finas Hierbas Pack de 2 Unidades 2 x 50 Gr,"14,50 € / 1 Kg","1,45 €",LA CUINA
Frescos,Charcutería,Chorizo Vela 140 Gr,"14,21 € / 1 Kg","1,99 €",PALACIOS
Frescos,Charcutería,Lomo de pavo 2 x 40 Gr,"35,63 € / 1 Kg","2,85 €",BOADAS
Frescos,Charcutería,Mortadela Siciliana Fina 500 Gr,"4,00 € / 1 Kg","2,00 €",ELPOZO
Frescos,Charcutería,Pate Hígado de Cerdo Lata Pack de 3 3 x 78 Gr,"5,77 € / 1 Kg","1,35 €",CONSUM
Frescos,Charcutería,Chistorra 200 Gr,"12,75 € / 1 Kg","2,55 €",ARGAL
Frescos,Charcutería,Pechuga de Pollo sin Grasa 340 Gr,"10,15 € / 1 Kg","3,45 €",ELPOZO
Frescos,Charcutería,Chorizo de Pavo 2 x 75 Gr,"19,67 € / 1 Kg","2,95 €",GOIKOA
Frescos,Charcutería,Pate de Hígado de Cerdo 50% menos grasa Pack 2 x 73 Gr,"27,05 € / 1 Kg","3,95 €",LA PIARA
Frescos,Charcutería,Hueso de Jamón,"4,00 € / 1 Kg","1,20 €",ARGAL
Frescos,Charcutería,Paté Suave Natural Pack de 2 2 x 75 Gr,"10,00 € / 1 Kg","1,50 €",LA PIARA
Frescos,Charcutería,Pate de Hígado de Cerdo Lata 75 Gr,"26,53 € / 1 Kg","1,99 €",LA PIARA
Frescos,Charcutería,Paté Higado de Cerdo Suave Pack de 3 240 Gr,"10,63 € / 1 Kg","2,55 €",APIS
Frescos,Charcutería,Jamón Curado Reducido en Sal 50 Gr,"22,00 € / 1 Kg","1,10 €",NAVIDUL
Frescos,Charcutería,Pechuga de Pavo sin Grasa Reducido Sal 340 Gr,"10,15 € / 1 Kg","3,45 €",ELPOZO
Frescos,Charcutería,Chorizo Extra Picante 4x60 (240gr),"10,08 € / 1 Kg","2,42 €",CONSUM
Frescos,Charcutería,Bloc Hígado de Pato 2 x 40 Gr,"79,88 € / 1 Kg","6,39 €",MARTIKO
Frescos,Charcutería,Pate de Atún en Aceite Pack de 2 Latas 2 x 75 Gr,"26,60 € / 1 Kg","3,99 €",LA PIARA
Frescos,Charcutería,Relleno para Sándwich Atún 180 Gr,"22,17 € / 1 Kg","3,99 €",BOCADELIA
Frescos,Charcutería,Cecina 80 Gr,"37,38 € / 1 Kg","2,99 €",PALCARSA
Frescos,Charcutería,Salchichas de Pavo 7 Unidades 3 x 140 Gr,"3,81 € / 1 Kg","1,60 €",CONSUM
Frescos,Charcutería,Salchichas Frankfurt 4 Unidades 4 x 140 Gr,"4,02 € / 1 Kg","2,25 €",CAMPOFRÍO
Frescos,Charcutería,Pate Picante Lata Pack de 2 2 x 73 Gr,"27,05 € / 1 Kg","3,95 €",LA PIARA
Frescos,Charcutería,Paté de Hígado de Cerdo Lata 225 Gr,"17,29 € / 1 Kg","3,89 €",LA PIARA
Frescos,Charcutería,Pate Tapa Negra Iberico Lata Pack de 2 2 x 73 Gr,"27,05 € / 1 Kg","3,95 €",LA PIARA
Frescos,Charcutería,Chorizo de León Extra dulce 100 Gr,"21,50 € / 1 Kg","2,15 €",PALCARSA
Frescos,Charcutería,Jamón de Bellota 100% Raza Ibérica 90 Gr,"122,11 € / 1 Kg","10,99 €",MONTARAZ
Frescos,Charcutería,Salchichas con Queso 7 Unidades 3 x 140 Gr,"2,86 € / 1 Kg","1,20 €",CONSUM
Frescos,Charcutería,Mortadela Fina con Aceitunas 500 Gr,"4,00 € / 1 Kg","2,00 €",ELPOZO
Frescos,Charcutería,Paté Ibérico Pack de 2 Unidades 2 x 50 Gr,"14,50 € / 1 Kg","1,45 €",LA CUINA
Frescos,Charcutería,Olivada Arbequina Tarro 135 Gr,"12,96 € / 1 Kg","1,75 €",D'ATENEA
Frescos,Charcutería,Bloc Foie Gras de Pato Lata 130 Gr,"53,46 € / 1 Kg","6,95 €",SOROA
Frescos,Charcutería,Chorizo Dulce Extra 250 Gr,"15,96 € / 1 Kg","3,99 €",PALACIOS
Frescos,Charcutería,Paté de Anchoa Tarro 160 Gr,"9,94 € / 1 Kg","1,59 €",APIS
Frescos,Charcutería,Paté Superior Pato 2 x 75 Gr,"25,93 € / 1 Kg","3,89 €",MARTIKO
Frescos,Charcutería,Paté Superior Oca 2 x 75 Gr,"25,93 € / 1 Kg","3,89 €",MARTIKO
Frescos,Charcutería,Crema de Jamón de York Pack de 3 3 x 80 Gr,"12,92 € / 1 Kg","3,10 €",APIS
Frescos,Charcutería,Paleta Duroc 100 Gr,"32,90 € / 1 Kg","3,29 €",LA HOGUERA
Frescos,Charcutería,Jamón Serrano Reserva Como Cortado a Mano 80 Gr,"37,38 € / 1 Kg","2,99 €",BOADAS
Frescos,Charcutería,Paté de Bellota Negra Jamón Ibérico 125 Gr,"14,32 € / 1 Kg","1,79 €",APIS
Frescos,Charcutería,Paté de Atún Lata Pack de 2 2 x 75 Gr,"18,60 € / 1 Kg","2,79 €",CALVO
Frescos,Charcutería,Paté de Atún 0% Materia Grasa 2 x 75 Gr,"18,60 € / 1 Kg","2,79 €",CALVO
Frescos,Charcutería,Longaniza de Payés 80 Gr,"24,88 € / 1 Kg","1,99 €",BOADAS
Frescos,Charcutería,Manteca de Cerdo Ibérico 400 Gr,"8,88 € / 1 Kg","3,55 €",ELPOZO
Frescos,Charcutería,Longaniza de Pagés 250 Gr,"18,36 € / 1 Kg","4,59 €",SOLÀ
Frescos,Charcutería,Sobrasada Picante 200 Gr,"12,25 € / 1 Kg","2,45 €",ZAGAL
Frescos,Charcutería,Taco de Jamón Curado,"17,09 € / 1 Kg","4,27 €",ARGAL
Frescos,Charcutería,Chorizo de Jabugo Pieza 120 Gr,"17,42 € / 1 Kg","2,09 €",CUYAR
Frescos,Charcutería,Crema de Membrillo 400 Gr,"6,38 € / 1 Kg","2,55 €",EL QUIJOTE
Frescos,Charcutería,Dulce de Frutas 400 Gr,"5,98 € / 1 Kg","2,39 €",EL QUIJOTE
Frescos,Charcutería,Salchichas Bockwurst Frasco 250 Gr,"18,76 € / 1 Kg","4,69 €",MEICA
Frescos,Charcutería,Jamón Cocido Lonchas Cuida-T Red.Sal 65 Gr,"15,38 € / 1 Kg","1,00 €",CAMPOFRÍO
Frescos,Charcutería,Lonchas Pavo Cuida-T 65 Gr,"15,38 € / 1 Kg","1,00 €",CAMPOFRÍO
Frescos,Charcutería,Taco Lomo Ibérico Cebo Campo 50% Raza Ibérica,"34,50 € / 1 Kg","10,36 €",MONTARAZ
Frescos,Charcutería,Delisandwich Cangrejo 130 Gr,"13,00 € / 1 Kg","1,69 €",SERRANO
Frescos,Charcutería,Salami Finas Hierbas Finas Lonchas 150 Gr,"18,33 € / 1 Kg","2,75 €",SOLÀ
Frescos,Charcutería,Mortadela Ahumada 150 Gr,"14,60 € / 1 Kg","2,19 €",MRM
Frescos,Charcutería,Membrillo en Lonchas 150 Gr,"19,93 € / 1 Kg","2,99 €",SANTA TERESA
Frescos,Charcutería,Tarrina de Lomo Lonchas 250 Gr,"26,36 € / 1 Kg","6,59 €",ARCOS
Frescos,Charcutería,Pechuga de Pavo Braseada Finíssimas 115 Gr,"16,96 € / 1 Kg","1,95 €",CAMPOFRÍO
Frescos,Charcutería,Lomo Curado Reducido en Sal 40 Gr,"2,75 € / 100 Gr","1,10 €",NAVIDUL
Frescos,Charcutería,Longaniza Extra Reserva Exentis 80 Gr,"37,38 € / 1 Kg","2,99 €",CAN DURAN
Frescos,Charcutería,Mortadela Siciliana Lonchas 225 Gr,"6,67 € / 1 Kg","1,50 €",ELPOZO
Frescos,Charcutería,Mortadela con Aceitunas Lonchas 225 Gr,"6,67 € / 1 Kg","1,50 €",ELPOZO
Frescos,Charcutería,Mortadela de Pavo Lonchas 225 Gr,"8,89 € / 1 Kg","2,00 €",ELPOZO
Frescos,Charcutería,Paleta Cebo de Campo 50% Raza Ibérica 80 Gr,"64,38 € / 1 Kg","5,15 €",MONTARAZ
Frescos,Charcutería,Salchicha Doble Leche 140 Gr,"6,57 € / 1 Kg","0,92 €",CAMPOFRÍO
Frescos,Charcutería,Salchichón de Toledo 260 Gr,"19,04 € / 1 Kg","4,95 €",EMB. ESPAÑA
Frescos,Charcutería,Tiras de Pollo Asado 125 Gr,"18,00 € / 1 Kg","2,25 €",LA BROCHE
Frescos,Charcutería,U Snack Jamón Serrano 60 Gr,"19,83 € / 1 Kg","1,19 €",C.SERRANO
Frescos,Charcutería,Jamón Serrano Reserva Salamanca 80 Gr,"30,00 € / 1 Kg","2,40 €",BOADAS
Frescos,Charcutería,Salchichón Regio 70 Gr,"25,00 € / 1 Kg","1,75 €",ARGAL
Frescos,Charcutería,Membrillo Bio 290 Gr,"14,79 € / 1 Kg","4,29 €",SANTA TERESA
Frescos,Charcutería,Salchichas Bratwurst 2 Unidades 2 x 200 Gr,"6,43 € / 1 Kg","2,57 €",CONSUM
Frescos,Charcutería,Surtido Paté y Cremas York y Jamón 3 x 46 Gr,"14,13 € / 1 Kg","1,95 €",IBERITOS
Frescos,Charcutería,Salchichas Frankfurt 2 Unidades 2 x 200 Gr,"6,28 € / 1 Kg","2,51 €",CONSUM
Frescos,Charcutería,Salchichas Viena 2 Unidades 2 x 175 Gr,"5,09 € / 1 Kg","1,78 €",CONSUM
Frescos,Charcutería,Pollo Asado al Horno Lonchas 150 Gr,"15,00 € / 1 Kg","2,25 €",CARLOTEÑA
Frescos,Charcutería,Jamón Serrano Natural Gran Reserva 100 Gr,"34,50 € / 1 Kg","3,45 €",REDONDO I.
Frescos,Charcutería,Pechuga Pavo Braseada Finas Lonchas 160 Gr,"14,06 € / 1 Kg","2,25 €",CONSUM
Frescos,Charcutería,Foie Gras Entero de Pato Micuit Skin 100 Gr,"83,00 € / 1 Kg","8,30 €",MARTIKO
Frescos,Charcutería,Jamón Cocido Braseado Finas Lonchas 160 Gr,"11,19 € / 1 Kg","1,79 €",CONSUM
Frescos,Charcutería,Jamón de Pato Lonchas Pack 2 Unidades 2 x 30 Gr,"66,50 € / 1 Kg","3,99 €",MARTIKO
Frescos,Charcutería,Longaniza Imperial de Pavo 230 Gr,"13,16 € / 1 Kg","3,29 €",ELPOZO
Frescos,Charcutería,Lomo Sajonia 100 Gr,"19,90 € / 1 Kg","1,99 €",GEMI
Frescos,Charcutería,Pavo Trufado Bi Pack 2 x 60 Gr,"13,25 € / 1 Kg","1,59 €",SERRANO
Frescos,Charcutería,Lomo Embuchado 2 Unidades 2 x 50 Gr,"21,90 € / 1 Kg","2,19 €",BOADAS
Frescos,Charcutería,Cabecero de Lomo 2 Unidades 2 x 50 Gr,"22,50 € / 1 Kg","2,25 €",BOADAS
Frescos,Charcutería,Paté Pimienta Tarro 160 Gr,"7,19 € / 1 Kg","1,15 €",CONSUM
Frescos,Charcutería,Paté Finas Hierbas Tarro 160 Gr,"7,19 € / 1 Kg","1,15 €",CONSUM
Frescos,Charcutería,Paté Ibérico Monodosis 3 x 50 Gr,"10,33 € / 1 Kg","1,55 €",APIS
Frescos,Charcutería,Paté Campaña Tarro 160 Gr,"7,19 € / 1 Kg","1,15 €",CONSUM
Frescos,Charcutería,Paté Atún Tarro 160 Gr,"8,69 € / 1 Kg","1,39 €",CONSUM
Frescos,Charcutería,Chorizo Ibérico 200 Gr,"13,25 € / 1 Kg","2,65 €",IBHER
Frescos,Charcutería,Salchichón Ibérico 200 Gr,"13,25 € / 1 Kg","2,65 €",IBHER
Frescos,Charcutería,Crema Jamón York 160 Gr,"8,75 € / 1 Kg","1,40 €",ARGAL
Frescos,Charcutería,Salchichón Ibérico Extra,"16,50 € / 1 Kg","5,79 €",ENTRECAÑOS
Frescos,Charcutería,Chorizo Ibérico Extra,"16,50 € / 1 Kg","8,25 €",ENTRECAÑOS
Frescos,Charcutería,Taco Lomo 100% Natural 50% Duroc,"19,90 € / 1 Kg","8,19 €",LA HOGUERA
Frescos,Charcutería,Vegasalada Untable Vegetariano 150 Gr,"17,67 € / 1 Kg","2,65 €",DELITUSS
Frescos,Charcutería,Jamón de Cebo en Tapas 50% Raza Ibérica 90 Gr,"66,56 € / 1 Kg","5,99 €",LOS IBÉRICOS
Frescos,Charcutería,Paleta de Cebo en Tapas 50% Raza Ibérica 100 Gr,"55,90 € / 1 Kg","5,59 €",LOS IBÉRICOS
Frescos,Charcutería,Lomo de Cebo en Tapas 50% Raza Ibérica 90 Gr,"44,33 € / 1 Kg","3,99 €",LOS IBÉRICOS
Frescos,Charcutería,Chorizo Ibérico Extra en Tapas 80 Gr,"28,00 € / 1 Kg","2,24 €",LOS IBÉRICOS
Frescos,Charcutería,Salchichón Ibérico Extra en Tapas 80 Gr,"28,00 € / 1 Kg","2,24 €",LOS IBÉRICOS
Frescos,Charcutería,Lomo de Bellota 100 % Ibérico- Sin Aditivos 80 Gr,"64,88 € / 1 Kg","5,19 €",MONTARAZ
Frescos,Charcutería,Membrillo para Untar 175 Gr,"12,29 € / 1 Kg","2,15 €",SANTA TERESA
Frescos,Charcutería,Cabeza de Cerdo de Primera 150 Gr,"12,33 € / 1 Kg","1,85 €",PICKEN
Frescos,Charcutería,Lacón Asado 200 Gr,"10,95 € / 1 Kg","2,19 €",TELLO
Frescos,Charcutería,Alterpavo 90 Gr,"29,44 € / 1 Kg","2,65 €",LA SELVA
Frescos,Charcutería,Alterbacon 90 Gr,"31,00 € / 1 Kg","2,79 €",LA SELVA
Frescos,Charcutería,Pétalos Pechuga Pavo 90 Gr,"28,78 € / 1 Kg","2,59 €",NOEL
Frescos,Charcutería,Jamón Serrano Reserva Loncheado 2 x 170 Gr,"14,68 € / 1 Kg","4,99 €",SIERRA SERRA
Frescos,Charcutería,Chorizo Extra Reserva 50% Duroc 125 Gr,"22,80 € / 1 Kg","2,85 €",BOADAS
Frescos,Charcutería,Salchichón Extra Reserva 50% Duroc 125 Gr,"22,80 € / 1 Kg","2,85 €",BOADAS
Frescos,Charcutería,Redondo de Pollo Asado 250 Gr,"13,00 € / 1 Kg","3,25 €",CARLOTEÑA
Frescos,Charcutería,Redondo Pollo con Bacon 250 Gr,"13,00 € / 1 Kg","3,25 €",CARLOTEÑA
Frescos,Charcutería,Salchicha Picante Bockwurst 170 Gr,"17,00 € / 1 Kg","2,89 €",PICKEN
Frescos,Charcutería,Medallón Mousse de Pato 90 Gr,"27,22 € / 1 Kg","2,45 €",LA CUINA
Frescos,Charcutería,Chorizo de León Extra Picante 100 Gr,"21,50 € / 1 Kg","2,15 €",PALCARSA
Frescos,Charcutería,Salchichón de León Extra en Lonchas 100 Gr,"21,50 € / 1 Kg","2,15 €",PALCARSA
Frescos,Charcutería,Pechuga de Pavo Corte Fresco 120 Gr,"19,92 € / 1 Kg","2,39 €",1954
Frescos,Charcutería,Fuet con Trufa Duroc 170 Gr,"16,41 € / 1 Kg","2,79 €",LEGADO
Frescos,Charcutería,Delicia de Sobrasada con Miel 150 Gr,"15,67 € / 1 Kg","2,35 €",EL ZAGAL
Frescos,Charcutería,Butifarra Catalana 150 Gr,"13,27 € / 1 Kg","1,99 €",NOEL
Frescos,Charcutería,Pechuga de Pavo Family sin Grasa y Reducida Sal 2 x 200 Gr,"8,98 € / 1 Kg","3,59 €",ELPOZO
Frescos,Charcutería,Bolitas de Fuet 50 Gr,"25,00 € / 1 Kg","1,25 €",GOIKOA
Frescos,Charcutería,Mousse de Pato 75 Gr,"16,67 € / 1 Kg","1,25 €",DU PRINCE
Frescos,Charcutería,Mousse de Pato con Arándanos 75 Gr,"16,67 € / 1 Kg","1,25 €",DU PRINCE
Frescos,Charcutería,Mousse de Pato Pimienta Negra 75 Gr,"16,67 € / 1 Kg","1,25 €",DU PRINCE
Frescos,Charcutería,Jamón de Trevélez Lonchas Finas 120 Gr,"29,17 € / 1 Kg","3,50 €",J.VALLEJO
Frescos,Charcutería,Paté Tapa Negra con Pedro Ximénez 110 Gr,"19,55 € / 1 Kg","2,15 €",LA PIARA
Frescos,Charcutería,Fiambre de Sandwich Finas Lonchas 250 Gr,"6,16 € / 1 Kg","1,54 €",CONSUM
Frescos,Charcutería,Mortadela con Aceitunas Finas Lonchas 250 Gr,"6,36 € / 1 Kg","1,59 €",CONSUM
Frescos,Charcutería,Mortadela Finas Lonchas 250 Gr,"6,36 € / 1 Kg","1,59 €",CONSUM
Frescos,Charcutería,Snack Mini Fuet de Pavo 50 Gr,"26,00 € / 1 Kg","1,30 €",CAMPOFRÍO
Frescos,Charcutería,Espetec Extra 150 Gr,"15,67 € / 1 Kg","2,35 €",CAN DURAN
Frescos,Charcutería,Jamon Extra Natural Raza Duroc 130 Gr,"21,15 € / 1 Kg","2,75 €",1954-LEGADO
Frescos,Charcutería,Jamón Cocido Extra Family 2 x 200 Gr,"8,73 € / 1 Kg","3,49 €",EL POZO
Frescos,Charcutería,Pechuga de Pavo Family 2 x 200 Gr,"8,98 € / 1 Kg","3,59 €",EL POZO
Frescos,Charcutería,Salchichas Bockwurst 330 Gr,"7,24 € / 1 Kg","2,39 €",EL POZO KING
Frescos,Charcutería,Jamón Cocido Extra Corte Charcutería 200 Gr,"12,05 € / 1 Kg","2,41 €",CONSUM
Frescos,Charcutería,Pechuga de Pavo Extra Corte Charcutería 140 Gr,"17,79 € / 1 Kg","2,49 €",CONSUM
Frescos,Charcutería,Salchichas King Big Classic 3 x 200 Gr,"4,17 € / 1 Kg","2,50 €",EL POZO KING
Frescos,Charcutería,Salchichas Frankfurt sabor Ahumado 3 x 165 Gr,"2,38 € / 1 Kg","1,18 €",CONSUM
Frescos,Charcutería,Jamón de Teruel DOP Medias Lonchas 120 Gr,"29,58 € / 1 Kg","3,55 €",ARCOIRIS
Frescos,Charcutería,Paté Superior de Pato Francés 150 Gr,"26,60 € / 1 Kg","3,99 €",SIVORÉ
Frescos,Charcutería,Panceta Natural Curada Duroc 120 Gr,"16,25 € / 1 Kg","1,95 €",EDIGAPA
Frescos,Charcutería,Fuet Espetec Extra 170 Gr,"11,71 € / 1 Kg","1,99 €",CONSUM
Frescos,Charcutería,Lonchas con Verduras 90 Gr,"17,67 € / 1 Kg","1,59 €",VERDAY
Frescos,Charcutería,Jamón Cocido Extra Duroc 150 Gr,"13,33 € / 1 Kg","2,00 €",1954
Frescos,Charcutería,Pasta de Aceitunas de Kalamata 135 Gr,"18,44 € / 1 Kg","2,49 €",ILIADA
Frescos,Charcutería,Pechuga de Pollo Braseado Finas Lonchas 115 Gr,"13,04 € / 1 Kg","1,50 €",EL POZO
Frescos,Charcutería,Tiras de Bacon 2 x 50 Gr,"15,00 € / 1 Kg","1,50 €",EL POZO
Frescos,Charcutería,Fiambre de York Maxi 450 Gr,"5,56 € / 1 Kg","2,50 €",EL POZO
Frescos,Charcutería,Fiambre de Pechuga de Pavo Mini 380 Gr,"7,89 € / 1 Kg","3,00 €",EL POZO
Frescos,Charcutería,Pechuga de Pavo Lonchas Finas 115 Gr,"13,04 € / 1 Kg","1,50 €",EL POZO
Frescos,Charcutería,Jamón Cocido L.Finas Bien Star 115 Gr,"13,04 € / 1 Kg","1,50 €",EL POZO
Frescos,Charcutería,Pechuga de Pavo Bien Star 115 Gr,"13,04 € / 1 Kg","1,50 €",EL POZO
Frescos,Charcutería,Taquitos de Jamón Serrano 2 x 75 Gr,"14,67 € / 1 Kg","2,20 €",LORIENTE
Frescos,Charcutería,Salchichas Wieners Pavo 3 x 200 Gr,"5,65 € / 1 Kg","3,39 €",O.MAYER
Frescos,Charcutería,Salchicha Bratwurst 300 Gr,"12,97 € / 1 Kg","3,89 €",PICKEN
Frescos,Charcutería,Salchicha Frankfurt 300 Gr,"12,83 € / 1 Kg","3,85 €",PICKEN
Frescos,Charcutería,Pétalos de Paleta de Cebo Ibérica 80 Gr,"52,50 € / 1 Kg","4,20 €",BOADAS
Frescos,Charcutería,Pétalos de Chorizo Ibérico Extra 80 Gr,"31,13 € / 1 Kg","2,49 €",BOADAS
Frescos,Charcutería,Snack Fuet Extra 90 Gr,"21,00 € / 1 Kg","1,89 €",CASADEMONT
Frescos,Charcutería,Chopped de Pavo sin Lactosa 95 Gr,"10,53 € / 1 Kg","1,00 €",CAMPOFRÍO
Frescos,Charcutería,Surtido de Patés Pack de 4 4 x 23 Gr,"14,02 € / 1 Kg","1,29 €",IBERITOS
Frescos,Charcutería,Dados de Jamón Cocido 150 Gr,"10,60 € / 1 Kg","1,59 €",SERRANO
Frescos,Charcutería,Paté de Chorizo Ibérico Tarro 125 Gr,"16,80 € / 1 Kg","2,10 €",APIS
Frescos,Charcutería,Fuet Buenasierra Pack de 2 2 x 110 Gr,"12,95 € / 1 Kg","2,85 €",ARGAL
Frescos,Charcutería,Pechuga de Pavo Dados 150 Gr,"10,60 € / 1 Kg","1,59 €",SERRANO
Frescos,Charcutería,Longaniza de Aragón Duroc 250 Gr,"13,00 € / 1 Kg","3,25 €",ARCO IRIS
Frescos,Charcutería,Salchichas Bockwurst 2 x 200 Gr,"5,00 € / 1 Kg","2,00 €",CONSUM
Frescos,Charcutería,Paté de Campagne Tradicional 80 Gr,"18,13 € / 1 Kg","1,45 €",LA CUINA
Frescos,Charcutería,Cabeza de Jabalí Ibérica a la Trufa 150 Gr,"15,67 € / 1 Kg","2,35 €",PICKEN
Frescos,Charcutería,Bocadelia de Cangrejo Bote 170 Gr,"23,47 € / 1 Kg","3,99 €",BOCADELIA
Frescos,Charcutería,Lacón en Tapas Cortado a Mano 150 Gr,"19,93 € / 1 Kg","2,99 €",MRM
Frescos,Charcutería,Tabla de Paté Tradicional Pimienta-Ibérico-F.hierb 3 x 40 Gr,"17,42 € / 1 Kg","2,09 €",LA CUINA
Frescos,Charcutería,Tabla Pato Gourmet Pimienta Verde- Setas 3 x 40 Gr,"19,08 € / 1 Kg","2,29 €",LA CUINA
Frescos,Charcutería,Paté de Pimienta Frasco 125 Gr,"10,80 € / 1 Kg","1,35 €",TARRADELLAS
Frescos,Charcutería,Paté Finas Hierbas Frasco 125 Gr,"10,80 € / 1 Kg","1,35 €",TARRADELLAS
Frescos,Charcutería,Frankfurt Plant Based 200 Gr,"19,95 € / 1 Kg","3,99 €",BETT.BALANCE
Frescos,Charcutería,Paté de Pato C/Cebolla Caramelizada 75 Gr,"30,00 € / 1 Kg","2,25 €",MARTIKO
Frescos,Charcutería,Longaniza de Pascua 180 Gr,"16,61 € / 1 Kg","2,99 €",SERRANO
Frescos,Charcutería,Hummus con Curry Bote 200 Gr,"14,75 € / 1 Kg","2,95 €",PEKIS
Frescos,Charcutería,Jamón de Pavo Lonchas Finas 70 Gr,"14,29 € / 1 Kg","1,00 €",CAMPOFRÍO
Frescos,Charcutería,Pizcas de Jamón 2 x 40 Gr,"20,00 € / 1 Kg","1,60 €",LORIENTE
Frescos,Charcutería,Paleta Curada Reserva 130 Gr,"19,15 € / 1 Kg","2,49 €",BOADAS
Frescos,Charcutería corte,Chorizo Tradición,"15,20 € / 1 Kg","16,90 €
15,20 €",REVILLA
Frescos,Charcutería corte,Salchichón Extra,"14,85 € / 1 Kg","16,50 €
14,85 €",ROLFHO
Frescos,Charcutería corte,Membrillo Artesano Natural sin Gluten,"12,75 € / 1 Kg","14,50 €
12,75 €",SANTA TERESA
Frescos,Charcutería corte,Pollo Relleno 97% Carne Sin Almendra,"13,40 € / 1 Kg","14,90 €
13,40 €",CARLOTEÑA
Frescos,Charcutería corte,Jamón Cocido Extra 91% Carne,"13,95 € / 1 Kg","15,50 €
13,95 €",BONNATUR
Frescos,Charcutería corte,Jamón Gran Reserva 100% Natural 18 Meses,"22,39 € / 1 Kg","24,90 €
22,39 €",REDONDO I.
Frescos,Charcutería corte,Longaniza de Pascua,"18,90 € / 1 Kg","0,76 €",SERRANO
Frescos,Charcutería corte,Mortadela de Pavo,"10,50 € / 1 Kg","10,50 €",ELPOZO
Frescos,Charcutería corte,Paté a la Pimienta Pasteurizado,"12,50 € / 1 Kg","12,50 €",LA CUINA
Frescos,Charcutería corte,Salami Extra,"11,90 € / 1 Kg","11,90 €",ARGAL
Frescos,Charcutería corte,Paté de Campaña Pasteurizado,"10,50 € / 1 Kg","10,50 €",CHIPALI
Frescos,Charcutería corte,media pieza 250 gr aprox.,"24,90 € / 1 Kg","24,90 €",ARGAL
Frescos,Charcutería corte,Mortadela Estilo Italiano,"12,99 € / 1 Kg","12,99 €",O.MAYER
Frescos,Charcutería corte,Chorizo Extra Vela Dulce,"13,90 € / 1 Kg","13,90 €",GOIKOA
Frescos,Charcutería corte,Salchichón Ibérico de Bellota,"32,50 € / 1 Kg","32,50 €",MONTARAZ
Frescos,Charcutería corte,Rulo Mousse de Pato,"17,50 € / 1 Kg","17,50 €",LA CUINA
Frescos,Charcutería corte,Jamón Reserva 12 Mes Peso Aproximado 7-8 K,"10,86 € / 1 Kg","76,00 €",NAVIDUL
Frescos,Charcutería corte,"Jamón Cebo de Campo 50% Ibérico Aprox. 7,5 kg.","23,33 € / 1 Kg","175,00 €",MONTARAZ
Frescos,Charcutería corte,Codillo de Jamón precortado,"2,75 € / 1 Kg","2,07 €",ARGAL
Frescos,Charcutería corte,Mortadela Ibérica,"9,89 € / 1 Kg","9,89 €",LEGADO POZO
Frescos,Charcutería corte,Salchichón Cular,"17,50 € / 1 Kg","17,50 €",SOLÀ
Frescos,Charcutería corte,Lomo de Cebo de Campo 50% Raza Ibérica,"39,90 € / 1 Kg","39,90 €",MONTARAZ
Frescos,Charcutería corte,Mortadela Siciliana Fina,"8,95 € / 1 Kg","8,95 €",ELPOZO
Frescos,Charcutería corte,Mortadela con Aceitunas,"8,95 € / 1 Kg","8,95 €",ELPOZO
Frescos,Charcutería corte,Mortadela de Pavo con Aceitunas,"10,50 € / 1 Kg","10,50 €",ELPOZO
Frescos,Charcutería corte,"Jamón G.Reserva Duroc Peso Aproximado 7,5 K","10,67 € / 1 Kg","80,00 €",LA HOGUERA
Frescos,Charcutería corte,Chorizo de Cantimpalos,"18,50 € / 1 Kg","3,15 €",LA HOGUERA
Frescos,Charcutería corte,Bacón 1/2 Pieza 5 M sin Lactosa,"13,90 € / 1 Kg","13,90 €",MONELLS
Frescos,Charcutería corte,Chopped de Pavo,"12,50 € / 1 Kg","12,50 €",ARGAL
Frescos,Charcutería corte,Sobrasada Etiqueta Negra,"16,50 € / 1 Kg","16,50 €",ZAGAL
Frescos,Charcutería corte,Sobrasada Cular,"12,90 € / 1 Kg","12,90 €",ZAGAL
Frescos,Charcutería corte,Crema de Sobrasada Casera,"12,90 € / 1 Kg","12,90 €",LA CUINA
Frescos,Charcutería corte,Chorizo Ibérico de Bellota,"32,50 € / 1 Kg","32,50 €",MONTARAZ
Frescos,Charcutería corte,Bloque HÍgado Pato 60% Pasteurizado,"89,90 € / 1 Kg","89,90 €",MARTIKO
Frescos,Charcutería corte,Botifarra Negra El Noiet,"11,90 € / 1 Kg","11,90 €",FALGAS
Frescos,Charcutería corte,Lomo Bellota 100% Raza Ibérica,"62,50 € / 1 Kg","62,50 €",MONTARAZ
Frescos,Charcutería corte,Panceta Curada Doble,"14,90 € / 1 Kg","14,90 €",NANA
Frescos,Charcutería corte,Chorizo de León Granel,"18,90 € / 1 Kg","4,54 €",PALCARSA
Frescos,Charcutería corte,Chorizo de León Picante Granel,"18,90 € / 1 Kg","4,54 €",PALCARSA
Frescos,Charcutería corte,Jamón Reserva 12 Meses,"31,90 € / 1 Kg","31,90 €",NAVIDUL
Frescos,Charcutería corte,Jamón Cebo de Campo 50% Ibérico 24 Meses,"54,90 € / 1 Kg","54,90 €",MONTARAZ
Frescos,Charcutería corte,Pechuga de Pavo,"13,95 € / 1 Kg","13,95 €",ARGAL
Frescos,Charcutería corte,Jamón Cocido Extra 92% Carne G.Selección,"16,90 € / 1 Kg","16,90 €",MONELLS
Frescos,Charcutería corte,Jamón Cocido Extra Bajo Grasa Reducido Sal,"13,95 € / 1 Kg","13,95 €",ELPOZO
Frescos,Charcutería corte,Pavo Trufado,"10,90 € / 1 Kg","10,90 €",C.SERRANO
Frescos,Charcutería corte,Pechuga de Pavo,"11,50 € / 1 Kg","11,50 €",MONELLS
Frescos,Charcutería corte,Jamón Cocido Artesano,"11,90 € / 1 Kg","11,90 €",MONELLS
Frescos,Charcutería corte,Jamón Gran Reserva 18 Meses Duroc,"26,90 € / 1 Kg","26,90 €",LA HOGUERA
Frescos,Charcutería corte,Jamón Cebo 50% Ibérico 24 Meses,"48,90 € / 1 Kg","48,90 €",LEGADO POZO
Frescos,Charcutería corte,Pechuga de Pollo,"9,95 € / 1 Kg","9,95 €",ELPOZO
Frescos,Charcutería corte,Pechuga de Pavo Asada 90% Carne,"19,90 € / 1 Kg","19,90 €",TELLO
Frescos,Charcutería corte,Jamón Gran Reserva 15 Meses Buenasierra,"23,90 € / 1 Kg","23,90 €",ARGAL
Frescos,Charcutería corte,Catalana Tradicional,"13,50 € / 1 Kg","13,50 €",SALGOT
Frescos,Charcutería corte,Pechuga de Pavo con Toque Braseado,"13,49 € / 1 Kg","13,49 €",CAMPOFRÍO
Frescos,Charcutería corte,Pechuga de Pavo sin Grasa,"14,45 € / 1 Kg","14,45 €",ELPOZO
Frescos,Charcutería corte,Cabeza de Jabalí Ibérica a la Trufa con Pistachos,"16,90 € / 1 Kg","16,90 €",PICKEN
Frescos,Charcutería corte,Jamón Cocido Extra 92% Carne,"19,50 € / 1 Kg","19,50 €",FERRARINI
Frescos,Charcutería corte,Mojama Extra,"62,90 € / 1 Kg","62,90 €",ANGOMAR
Frescos,Charcutería corte,"Jamón Cebo 50% Ibérico Peso Aproximado 7,5 kg","19,33 € / 1 Kg","145,00 €",LEGADO POZO
Frescos,Charcutería corte,Pechuga de Pavo,"14,50 € / 1 Kg","14,50 €",CAMPOFRÍO
Frescos,Charcutería corte,Jamón Asado Ahumado 92% Carne,"17,90 € / 1 Kg","17,90 €",TELLO
Frescos,Charcutería corte,Jamón de Pavo con Trufa y Boletus,"14,50 € / 1 Kg","14,50 €",1954-LEGADO
Frescos,Charcutería corte,Morcilla Achorizada Ibérica,"12,50 € / 1 Kg","3,00 €",CARCHELEJO
Frescos,Charcutería corte,Paleta Cebo de Campo 50% Ibérico 12 Meses,"44,90 € / 1 Kg","44,90 €",MONTARAZ
Frescos,Charcutería corte,Cecina,"32,90 € / 1 Kg","32,90 €",PALCARSA
Frescos,Charcutería corte,Cabeza de Cerdo Primera,"13,90 € / 1 Kg","13,90 €",PICKEN
Frescos,Charcutería corte,Jamón Gran Reserva Reducido en Sal 25%,"23,90 € / 1 Kg","23,90 €",BOADAS
Frescos,Charcutería corte,Panceta Curada Salada,"12,50 € / 1 Kg","12,50 €",EDIGAPA
Frescos,Charcutería corte,Salchichón Ibérico Extra Cebo de Campo,"18,90 € / 1 Kg","18,90 €",CORTE NOBLE
Frescos,Charcutería corte,Chorizo Ibérico Extra Cebo de Campo,"18,90 € / 1 Kg","18,90 €",CORTE NOBLE
Frescos,Charcutería corte,Chorizo Ibérico Extra Cebo,"16,90 € / 1 Kg","16,90 €",BOADAS
Frescos,Charcutería corte,Salchichón Ibérico Extra Cebo,"16,90 € / 1 Kg","16,90 €",BOADAS
Frescos,Charcutería corte,Pechuga de Pollo 90% Carne Esencia,"14,90 € / 1 Kg","14,90 €",TELLO
Frescos,Charcutería corte,Chorizo de Pamplona Extra,"12,90 € / 1 Kg","12,90 €",GOIKOA
Frescos,Charcutería corte,"Jamón de Teruel DOP Peso Aproximado 8-8,5 K 8 Kg","11,88 € / 1 Kg","95,00 €",ARCOIRIS
Frescos,Charcutería corte,Lomo Embuchado 50% Duroc,"19,50 € / 1 Kg","19,50 €",LORIENTE
Frescos,Quesos,Queso Oveja Cuña 250 Gr,"23,96 € / 1 Kg","5,99 €",FLOR ESGUEVA
Frescos,Quesos,"Queso Fresco Pack de 4 Unidades 4 x 62,5 Gr","4,20 € / 1 Kg","1,10 €
1,05 €",CONSUM
Frescos,Quesos,"Queso Fresco 0% Pack de 4 Unidades 4 x 62,5 Gr","4,20 € / 1 Kg","1,10 €
1,05 €",CONSUM
Frescos,Quesos,Queso Rallado Emmental 200 Gr,"7,90 € / 1 Kg","1,63 €
1,58 €",CONSUM
Frescos,Quesos,Queso Fresco Pack de 2 Unidades 2 x 250 Gr,"3,80 € / 1 Kg","1,95 €
1,90 €",CONSUM
Frescos,Quesos,Philadelphia Light Tarrina 200 Gr,"9,75 € / 1 Kg","2,20 €
1,95 €",PHILADELPHIA
Frescos,Quesos,Philadelphia Natural Tarrina 200 Gr,"9,75 € / 1 Kg","2,20 €
1,95 €",PHILADELPHIA
Frescos,Quesos,Queso Gorgonzola D.O.P 200 Gr,"11,95 € / 1 Kg","2,69 €
2,39 €",IGOR
Frescos,Quesos,Requesón 200 Gr,"4,40 € / 1 Kg","1,00 €
0,88 €",GRANJA RINYA
Frescos,Quesos,Palitos Pic y Croq 4 Paquetes 140 Gr,"17,07 € / 1 Kg","2,39 €",VACA QUE RIE
Frescos,Quesos,Queso Tierno Mezcla Lonchas 150 Gr,"14,33 € / 1 Kg","2,39 €
2,15 €",G.BAQUERO
Frescos,Quesos,Queso Fresco 0% Pack de 2 Unidades 2 x 250 Gr,"3,80 € / 1 Kg","1,95 €
1,90 €",CONSUM
Frescos,Quesos,Queso Minibabybel Malla 10 Unidades 200 Gr,"19,00 € / 1 Kg","4,23 €
3,80 €",MINIBABYBEL
Frescos,Quesos,Queso Brie Cuña 200 Gr,"15,95 € / 1 Kg","3,65 €
3,19 €",PRESIDENT
Frescos,Quesos,Medallones Queso Cabra 200 Gr,"14,90 € / 1 Kg","3,32 €
2,98 €",PRESIDENT
Frescos,Quesos,Queso Fresco Tarrina en Salmuera 200 Gr,"14,95 € / 1 Kg","3,64 €
2,99 €",ARLA
Frescos,Quesos,Escamas de Queso Parmigiano Reggiano 80 Gr,"28,75 € / 1 Kg","2,30 €",FERRARINI
Frescos,Quesos,Aperitivo Sabor Mediterráneos 100 Gr,"25,50 € / 1 Kg","2,85 €
2,55 €",BURGO ARIAS
Frescos,Quesos,Queso Semicurado Light 16 Porciones 250 Gr,"11,40 € / 1 Kg","2,85 €",VACA QUE RIE
Frescos,Quesos,Queso Pok Añejo Ya cortado 200 Gr,"22,95 € / 1 Kg","4,99 €
4,59 €",G.BAQUERO
Frescos,Quesos,Rallado Vegano Estilo Mozzarella 200 Gr,"12,45 € / 1 Kg","3,49 €
2,49 €",VIOLIFE
Frescos,Quesos,Lonchas de Queso Semicurado Santtum 80 Gr,"16,13 € / 1 Kg","1,45 €
1,29 €",EL PASTOR
Frescos,Quesos,Crema de Queso Finas Hierbas 150 Gr,"12,34 € / 1 Kg","2,05 €
1,85 €",CREMETTE
Frescos,Quesos,Queso Untar Natural sin Lactosa 200 Gr,"8,45 € / 1 Kg","2,07 €
1,69 €",ARLA
Frescos,Quesos,Burgo de Arias Protein Plus 3 x 70 Gr,"14,24 € / 1 Kg","2,99 €",BURGO ARIAS
Frescos,Quesos,Queso Roquefort Cuña 100 Gr,"29,90 € / 1 Kg","2,99 €",PAPILLON
Frescos,Quesos,Queso Fundido Porciones 250 Gr,"10,20 € / 1 Kg","2,55 €",EL CASERIO
Frescos,Quesos,Queso Fundido 16 Porciones 250 Gr,"11,12 € / 1 Kg","2,78 €",VACA QUE RIE
Frescos,Quesos,Queso Fundido Light 16 Porciones 250 Gr,"11,16 € / 1 Kg","2,79 €",VACA QUE RIE
Frescos,Quesos,Queso Rallado Filatto Bolsa 80 Gr,"18,13 € / 1 Kg","1,45 €",EL CASERIO
Frescos,Quesos,Queso Burgo de Arias Pack de 3 Unidades 3 x 72 Gr,"13,84 € / 1 Kg","2,99 €",ARIAS
Frescos,Quesos,Queso Rallado 4 Quesos 100% Natural 120 Gr,"22,08 € / 1 Kg","2,65 €",EL CASERIO
Frescos,Quesos,Crema de Camembert Tarrina 125 Gr,"14,80 € / 1 Kg","1,85 €",PRESIDENT
Frescos,Quesos,Queso Fresco Cassoleta Tarrina 250 Gr,"10,36 € / 1 Kg","2,59 €",GRANJA RINYA
Frescos,Quesos,Queso Fresco 0% Pack de 3 Unidades 3 x 72 Gr,"13,84 € / 1 Kg","2,99 €",ARIAS
Frescos,Quesos,Mozzarella Rallada Especial Pizza 200 Gr,"7,70 € / 1 Kg","1,54 €",CONSUM
Frescos,Quesos,Membrillo 2 x 200 Gr,"3,13 € / 1 Kg","1,25 €",CONSUM
Frescos,Quesos,Queso Mezcla Semicurado Ya Cortado 225 Gr,"19,07 € / 1 Kg","4,29 €",G.BAQUERO
Frescos,Quesos,Queso Lonchas Fundido 16 Lonchas 300 Gr,"4,17 € / 1 Kg","1,25 €",CONSUM
Frescos,Quesos,Queso Rallado Emmental Francés 90 Gr,"23,00 € / 1 Kg","2,07 €",PRESIDENT
Frescos,Quesos,Queso Mezcla Semicurado Cuña 325 Gr,"14,92 € / 1 Kg","4,85 €",G.BAQUERO
Frescos,Quesos,Queso Mezcla Tierno Cuña 325 Gr,"14,00 € / 1 Kg","4,55 €",G.BAQUERO
Frescos,Quesos,Queso Mezcla Tronchón Cuña 200 Gr,"11,80 € / 1 Kg","2,36 €",GRANJA RINYA
Frescos,Quesos,Queso Mezcla Semicurado Cuña 325 Gr,"10,09 € / 1 Kg","3,28 €",CONSUM
Frescos,Quesos,Queso Mezcla Tierno Cuña 325 Gr,"9,02 € / 1 Kg","2,93 €",CONSUM
Frescos,Quesos,Queso Castello Piña Unidad 125 Gr,"18,40 € / 1 Kg","2,30 €",ARLA
Frescos,Quesos,Queso Mezcla Curado Leche Pasteurizada 310 Gr,"11,48 € / 1 Kg","3,56 €",CONSUM
Frescos,Quesos,Queso Fresco Tradicional Tarrina 250 Gr,"9,40 € / 1 Kg","2,35 €",CONSUM
Frescos,Quesos,Queso Fundido Light 16 Lonchas 300 Gr,"6,00 € / 1 Kg","1,80 €",CONSUM
Frescos,Quesos,Philadelphia Finas Hierbas 150 Gr,"15,93 € / 1 Kg","2,39 €",PHILADELPHIA
Frescos,Quesos,Queso Emmental Lonchas 200 Gr,"14,40 € / 1 Kg","2,88 €",JUAN LUNA
Frescos,Quesos,Queso Fundido Light Porciones 250 Gr,"5,96 € / 1 Kg","1,49 €",CONSUM
Frescos,Quesos,Queso Fundido. Porciones 250 Gr,"5,60 € / 1 Kg","1,40 €",CONSUM
Frescos,Quesos,Queso Tierno Mezcla Lonchas 200 Gr,"9,55 € / 1 Kg","1,91 €",CONSUM
Frescos,Quesos,Queso Mezcla Semi Lonchas 200 Gr,"11,75 € / 1 Kg","2,35 €",CONSUM
Frescos,Quesos,Queso Mezcla Curado Ya Cortado L Pasteurizada 225 Gr,"19,51 € / 1 Kg","4,39 €",G.BAQUERO
Frescos,Quesos,Queso Rallado Parmigiano Reggiano 60 Gr,"28,67 € / 1 Kg","1,72 €",FERRARINI
Frescos,Quesos,Queso Mozzarella Fresca 125 Gr,"7,60 € / 1 Kg","0,95 €",CONSUM
Frescos,Quesos,Queso Tierno Precortado 250 Gr,"12,08 € / 1 Kg","3,02 €",CONSUM
Frescos,Quesos,Queso Semicurado Precortado 250 Gr,"13,64 € / 1 Kg","3,41 €",CONSUM
Frescos,Quesos,Queso Tierno Light Lonchas 200 Gr,"11,50 € / 1 Kg","2,30 €",CONSUM
Frescos,Quesos,Tabla Mixta de Quesos 150 Gr,"18,33 € / 1 Kg","2,75 €",CONSUM
Frescos,Quesos,Camembert 240 Gr,"7,63 € / 1 Kg","1,83 €",NORMANDIE
Frescos,Quesos,Queso Brie Punta 200 Gr,"8,00 € / 1 Kg","1,60 €",FLEUR FRANCE
Frescos,Quesos,Queso Burgo Arias Natural 2 x 60 Gr,"9,08 € / 1 Kg","1,09 €",ARIAS
Frescos,Quesos,Queso Mezcla Reserva 12 Meses L.Pasteurizada 200 Gr,"23,95 € / 1 Kg","4,79 €",G.BAQUERO
Frescos,Quesos,Mozzarella 100 Gr,"13,90 € / 1 Kg","1,39 €",GALBANI
Frescos,Quesos,Queso Oveja Leche Cruda BDF 250 Gr,"17,80 € / 1 Kg","4,45 €",CONSUM
Frescos,Quesos,Mascarpone 250 Gr,"13,96 € / 1 Kg","3,49 €",GALBANI
Frescos,Quesos,Philadelphia Natural Tarrina 350 Gr,"10,14 € / 1 Kg","3,55 €",PHILADELPHIA
Frescos,Quesos,Queso Tierno Bajo en Sal Leche Pasteurizada 250 Gr,"10,44 € / 1 Kg","2,61 €",CONSUM
Frescos,Quesos,Queso Tapas Cortaditas Mezcla Curado Santtum 165 Gr,"18,12 € / 1 Kg","2,99 €",EL PASTOR
Frescos,Quesos,Queso Rallado en Polvo 150 Gr,"8,33 € / 1 Kg","1,25 €",CONSUM
Frescos,Quesos,Queso Rallado Hilo 110 Gr,"6,55 € / 1 Kg","0,72 €",CONSUM
Frescos,Quesos,Rulo de Vaca 140 Gr,"13,21 € / 1 Kg","1,85 €",EL PASTOR
Frescos,Quesos,Queso Mezcla Semi Lonchas 200 Gr,"17,75 € / 1 Kg","3,55 €",G.BAQUERO
Frescos,Quesos,Queso Mezcla Curado Lonchas 140 Gr,"23,00 € / 1 Kg","3,22 €",GRAN CAPITAN
Frescos,Quesos,Queso Mezcla Curado Precortado L.Pasteurizad 250 Gr,"14,68 € / 1 Kg","3,67 €",CONSUM
Frescos,Quesos,Queso Tierno Lonchas 160 Gr,"18,44 € / 1 Kg","2,95 €",EL VENTERO
Frescos,Quesos,Queso Light Lonchas 160 Gr,"18,94 € / 1 Kg","3,03 €",EL VENTERO
Frescos,Quesos,Queso Fundido Entero Lonchas 300 Gr,"7,17 € / 1 Kg","2,15 €",HOCHLAND
Frescos,Quesos,Queso Cabra Semi Lonchas 125 Gr,"22,80 € / 1 Kg","2,85 €",G.BAQUERO
Frescos,Quesos,Queso Rallado Mozzarella Bolsa 150 Gr,"20,47 € / 1 Kg","3,07 €",ARLA
Frescos,Quesos,Parmigiano Reggiano Cuña 180 Gr,"23,22 € / 1 Kg","4,18 €",FERRARINI
Frescos,Quesos,Queso sin Lactosa Lonchas 150 Gr,"19,00 € / 1 Kg","2,85 €",G.BAQUERO
Frescos,Quesos,Queso Fresco Batido Desnatado 0% M.G 450 Gr,"4,67 € / 1 Kg","2,10 €",FLOR BURGOS
Frescos,Quesos,Queso Bajo en Sal Lonchas 160 Gr,"18,69 € / 1 Kg","2,99 €",EL VENTERO
Frescos,Quesos,Queso Havarti Light Lonchas 200 Gr,"15,15 € / 1 Kg","3,03 €",JUAN LUNA
Frescos,Quesos,Queso Tierno Light Leche Pasteurizada 250 Gr,"11,00 € / 1 Kg","2,75 €",CONSUM
Frescos,Quesos,Queso Rallado Pizzas 5 Quesos con Azul 150 Gr,"15,67 € / 1 Kg","2,35 €",FORVAL
Frescos,Quesos,Queso Mezcla Viejo Leche Pasteurizada 300 Gr,"14,17 € / 1 Kg","4,25 €",CONSUM
Frescos,Quesos,Queso Mozzarella Lonchas 150 Gr,"18,27 € / 1 Kg","2,74 €",ARLA
Frescos,Quesos,Queso Untar Natural Tarrina 250 Gr,"4,76 € / 1 Kg","1,19 €",CONSUM
Frescos,Quesos,"Queso Fresco sin Sal Pack de 4 Unidades 4 x 62,5 Gr","6,40 € / 1 Kg","1,60 €",CONSUM
Frescos,Quesos,Queso Untar Light Tarrina 250 Gr,"4,76 € / 1 Kg","1,19 €",CONSUM
Frescos,Quesos,Queso Cheddar Curado 200 Gr,"14,25 € / 1 Kg","2,85 €",LEISTON
Frescos,Quesos,Queso Cabra Medallón 75 Gr,"16,93 € / 1 Kg","1,27 €",GRANJA RINYA
Frescos,Quesos,Queso Havarti Light Lonchas 150 Gr,"20,47 € / 1 Kg","3,07 €",ARLA
Frescos,Quesos,Crema de Queso Semicurado Tarrina 125 Gr,"14,80 € / 1 Kg","1,85 €",PRESIDENT
Frescos,Quesos,Mozzarella Buffala DOP 125 Gr,"16,40 € / 1 Kg","2,05 €",SPIGA
Frescos,Quesos,Queso Untar Natural 200 Gr,"9,95 € / 1 Kg","1,99 €",SAN MILLAN
Frescos,Quesos,Crema de Queso Azul Tarrina 125 Gr,"14,80 € / 1 Kg","1,85 €",PRESIDENT
Frescos,Quesos,Queso Apetina en Aceite Tarro 265 Gr,"13,40 € / 1 Kg","3,55 €",ARLA
Frescos,Quesos,Queso Lonchas 150 Gr,"10,20 € / 1 Kg","1,53 €",EL CASERIO
Frescos,Quesos,Queso Lonchas Gouda Light 100 Gr,"15,90 € / 1 Kg","1,59 €",JUAN LUNA
Frescos,Quesos,Crema de Membrillo 400 Gr,"6,38 € / 1 Kg","2,55 €",EL QUIJOTE
Frescos,Quesos,Dulce de Frutas 400 Gr,"5,98 € / 1 Kg","2,39 €",EL QUIJOTE
Frescos,Quesos,Queso Camembert Porciones 250 Gr,"15,96 € / 1 Kg","3,99 €",PRESIDENT
Frescos,Quesos,Queso Oveja Viejo con Romero 200 Gr,"23,70 € / 1 Kg","4,74 €",CARMEN
Frescos,Quesos,Philadelphia Light Tarrina 350 Gr,"10,14 € / 1 Kg","3,55 €",PHILADELPHIA
Frescos,Quesos,Membrillo en Lonchas 150 Gr,"19,93 € / 1 Kg","2,99 €",SANTA TERESA
Frescos,Quesos,Queso Cheddar Lonchas 150 Gr,"17,60 € / 1 Kg","2,64 €",ARLA
Frescos,Quesos,Queso de Cava Barus Cuña 250 Gr,"19,56 € / 1 Kg","4,89 €",G.BAQUERO
Frescos,Quesos,Mozzarella Fresca Light 100 Gr,"17,50 € / 1 Kg","1,75 €",TOSCANELLA
Frescos,Quesos,Philadelphia Salmón 150 Gr,"15,93 € / 1 Kg","2,39 €",PHILADELPHIA
Frescos,Quesos,Queso Fundido Light Queso Azul 16 Porciones 250 Gr,"11,56 € / 1 Kg","2,89 €",VACA QUE RIE
Frescos,Quesos,Queso Azul Vaca Oveja Porción 125 Gr,"18,08 € / 1 Kg","2,26 €",PEÑASANTA
Frescos,Quesos,Queso Fundido Lonchas sin Lactosa 185 Gr,"11,89 € / 1 Kg","2,20 €",EL CASERIO
Frescos,Quesos,Queso Oveja al Pedro Ximénez 200 Gr,"20,25 € / 1 Kg","4,05 €",CARMEN
Frescos,Quesos,Queso Havarti Lonchas 80 Gr,"16,88 € / 1 Kg","1,35 €",G.BAQUERO
Frescos,Quesos,Queso Fresco Artesano al Punto de Sal 250 Gr,"10,56 € / 1 Kg","2,64 €",EL VENTERO
Frescos,Quesos,Queso Feta D.O.P. Griego Leche de Oveja y Cabra 200 Gr,"17,95 € / 1 Kg","3,59 €",HOTOS
Frescos,Quesos,Tofu Bio 400 Gr,"8,13 € / 1 Kg","3,25 €",VIVERA
Frescos,Quesos,Queso de Oveja Añejo Leche Cruda 200 Gr,"20,75 € / 1 Kg","4,15 €",CARMEN
Frescos,Quesos,Membrillo Bio 290 Gr,"14,79 € / 1 Kg","4,29 €",SANTA TERESA
Frescos,Quesos,Queso Burgo de Arias Cabra 3 x 70 Gr,"18,52 € / 1 Kg","3,89 €",ARIAS
Frescos,Quesos,Minibabybel Enrollado 5 Unidades 85 Gr,"28,12 € / 1 Kg","2,39 €",MINIBABYBEL
Frescos,Quesos,Queso Fresco con Nata 6 Porciones 108 Gr,"21,85 € / 1 Kg","2,36 €",KIRI
Frescos,Quesos,Queso Cabra Rulo Unidad 180 Gr,"18,06 € / 1 Kg","3,25 €",PRESIDENT
Frescos,Quesos,Burrata Vassetto 125 Gr,"22,24 € / 1 Kg","2,78 €",SPIGA
Frescos,Quesos,Queso Tierno Ya Cortado 225 Gr,"18,18 € / 1 Kg","4,09 €",G.BAQUERO
Frescos,Quesos,Queso Fresco Servilleta 250 Gr,"10,76 € / 1 Kg","2,69 €",CAPRILLICE
Frescos,Quesos,Queso Old Amsterdam Cortadas 200 Gr,"23,75 € / 1 Kg","4,75 €",WESTLAND
Frescos,Quesos,Tabla 3 Quesos D.O.P. Quesos Franceses 215 Gr,"18,37 € / 1 Kg","3,95 €",CANTOREL
Frescos,Quesos,Queso Proteínico 200 Gr,"21,45 € / 1 Kg","4,29 €",EATLEAN
Frescos,Quesos,Queso Bavaria Blue Mini 150 Gr,"14,73 € / 1 Kg","2,21 €",BERGADER
Frescos,Quesos,Queso Oveja Curado a la Trufa 200 Gr,"24,25 € / 1 Kg","4,85 €",CARMEN
Frescos,Quesos,Queso Rallado Estilo Italiano 100 Gr,"14,30 € / 1 Kg","1,43 €",HOCHLAND
Frescos,Quesos,Queso en Dados para Ensalada 110 Gr,"25,00 € / 1 Kg","2,75 €",KEBU
Frescos,Quesos,Cottage Cheese Protein Copos de Queso Fresco 200 Gr,"12,00 € / 1 Kg","2,40 €",ARLA
Frescos,Quesos,Crema de Brie con Trufa 105 Gr,"17,62 € / 1 Kg","1,85 €",PRESIDENT
Frescos,Quesos,Queso sin Lactosa Lonchas 150 Gr,"12,80 € / 1 Kg","1,92 €",CONSUM
Frescos,Quesos,Queso Fondue Caja 400 Gr,"11,23 € / 1 Kg","4,49 €",FROMALP
Frescos,Quesos,Queso Havarti Lonchas 300 Gr,"15,30 € / 1 Kg","4,59 €",ARLA
Frescos,Quesos,Queso Grana Padano D.O.P. 180 Gr,"15,00 € / 1 Kg","2,70 €",SPIGA
Frescos,Quesos,Queso de Cabra Afinado 250 Gr,"23,80 € / 1 Kg","5,95 €",CAPRIMED
Frescos,Quesos,Provolone Spiga Gourmet 150 Gr,"13,27 € / 1 Kg","1,99 €",SPIGA
Frescos,Quesos,Camembert Empanado 350 Gr,"10,86 € / 1 Kg","3,80 €",COBURGER
Frescos,Quesos,Lonchas Veganas Sabor Original 200 Gr,"17,45 € / 1 Kg","3,49 €",VIOLIFE
Frescos,Quesos,Queso Servilleta Artesano Leche de Cabra 350 Gr,"15,29 € / 1 Kg","5,35 €",LA CABRITA
Frescos,Quesos,Tabla de Quesos Gourmet 150 Gr,"24,33 € / 1 Kg","3,65 €",G.BAQUERO
Frescos,Quesos,Queso Edam Lonchas 200 Gr,"7,00 € / 1 Kg","1,40 €",ROYAL ORANGE
Frescos,Quesos,"Queso Fresco sin Lactosa 4 x 62,5 Gr","7,56 € / 1 Kg","1,89 €",EL VENTERO
Frescos,Quesos,Queso Fresco Tradicional Cabra 250 Gr,"11,96 € / 1 Kg","2,99 €",GRANJA RINYA
Frescos,Quesos,Tabla de Quesos Nacionales 12 Cuñitas 200 Gr,"20,60 € / 1 Kg","4,12 €",JUAN LUNA
Frescos,Quesos,Queso sin Lactosa Porciones 120 Gr,"15,92 € / 1 Kg","1,91 €",VACA QUE RIE
Frescos,Quesos,Queso Bola Edam Tierno Holandés Cuña 310 Gr,"8,55 € / 1 Kg","2,65 €",ROYAL ORANGE
Frescos,Quesos,Queso Semicurado Bola Edam 285 Gr,"11,54 € / 1 Kg","3,29 €",ROYAL ORANGE
Frescos,Quesos,Crema de Queso Cheddar 125 Gr,"14,80 € / 1 Kg","1,85 €",PRESIDENT
Frescos,Quesos,Queso Cabra Semicurado 200 Gr,"22,45 € / 1 Kg","4,49 €",CARMEN
Frescos,Quesos,Membrillo para Untar 175 Gr,"12,29 € / 1 Kg","2,15 €",SANTA TERESA
Frescos,Quesos,Queso Azul D'Auvergne DOP 100 Gr,"13,90 € / 1 Kg","1,39 €",F.OCCITANES
Frescos,Quesos,Queso Artesano Reserva Leche Cruda Mezcla 200 Gr,"18,25 € / 1 Kg","3,65 €",CARMEN
Frescos,Quesos,"Dados Ensaladas Edam,Gouda y Cheddar 100 Gr","13,00 € / 1 Kg","1,30 €",JUAN LUNA
Frescos,Quesos,Queso Maasdam Lonchas 200 Gr,"14,40 € / 1 Kg","2,88 €",JUAN LUNA
Frescos,Quesos,Queso Azul en Lonchas sin Lactosa 100 Gr,"22,00 € / 1 Kg","2,20 €",LAZUR
Frescos,Quesos,Queso Roquefort DOP 100 Gr,"20,20 € / 1 Kg","2,02 €",F.OCCITANES
Frescos,Quesos,Dados de Queso 100% Cabra 100 Gr,"20,70 € / 1 Kg","2,07 €",JUAN LUNA
Frescos,Quesos,Snack de Queso Infantil 80 Gr,"26,88 € / 1 Kg","2,15 €",PIK NIK
Frescos,Quesos,Queso Semi Cabra 300 Gr,"17,97 € / 1 Kg","5,39 €",CARMEN
Frescos,Quesos,Queso Cremoso Lonchas 250 Gr,"13,84 € / 1 Kg","3,46 €",ASTURIANA
Frescos,Quesos,Queso Minibabybel Mix 9 Unidades 180 Gr,"23,61 € / 1 Kg","4,25 €",MINIBABYBEL
Frescos,Quesos,Queso Cheddar 8 Loncha Tranchettes 150 Gr,"12,73 € / 1 Kg","1,91 €",VACA QUE RIE
Frescos,Quesos,Queso Caprice des Dieux 125 Gr,"22,32 € / 1 Kg","2,79 €",ARIAS
Frescos,Quesos,"Queso Arzúa-Ulloa DOP Peso Aproximado 600 Gr. 0,6 Kg","9,22 € / 1 Kg","5,53 €",Q.BARRAL
Frescos,Quesos,Queso Ahumado Aceite Oveja Curado 250 Gr,"15,00 € / 1 Kg","3,75 €",CERRATO
Frescos,Quesos,"Queso Tetilla Dop Peso Aproximado 550 Gr. 0,55 Kg","9,29 € / 1 Kg","5,11 €",Q.BARRAL
Frescos,Quesos,Cortaditas Queso Tierno sin Lactosa 200 Gr,"19,15 € / 1 Kg","3,83 €",EL VENTERO
Frescos,Quesos,Queso Tierno Lonchas Light Bajo en Sal Santtum 80 Gr,"19,38 € / 1 Kg","1,55 €",EL PASTOR
Frescos,Quesos,Queso Protein Lonchas 150 Gr - Refrigerado,"20,47 € / 1 Kg","3,07 €",ARLA
Frescos,Quesos,Crema de Queso con Piña y Papaya 125 Gr,"15,92 € / 1 Kg","1,99 €",DELITUSS
Frescos,Quesos,Crema de Queso con Cebollino 125 Gr,"15,92 € / 1 Kg","1,99 €",DELITUSS
Frescos,Quesos,Q. Vaca-Oveja Curado Umami 300 Gr,"13,83 € / 1 Kg","4,15 €",CERRATO
Frescos,Quesos,Perlas de Queso Rellenas de Frambuesa 125 Gr,"21,20 € / 1 Kg","2,65 €",EL PASTOR
Frescos,Quesos,Queso de Cabra 100% en Salmuera 150 Gr,"12,13 € / 1 Kg","1,82 €",SÈNA
Frescos,Quesos,Queso Cheddar en Lonchas 200 Gr,"12,25 € / 1 Kg","2,45 €",SANABRIA
Frescos,Quesos,Queso Gouda en Lonchas 200 Gr,"10,75 € / 1 Kg","2,15 €",SANABRIA
Frescos,Quesos,Queso Cheddar Rallado 150 Gr,"15,07 € / 1 Kg","2,26 €",SANABRIA
Frescos,Quesos,Queso Gruyère France IGP 200 Gr,"15,50 € / 1 Kg","3,10 €",ENTREMONT
Frescos,Quesos,Queso Oveja Semicurado en lonchas 100 Gr,"18,90 € / 1 Kg","1,89 €",SANABRIA
Frescos,Quesos,Queso Fresco 1 Kg,"4,22 € / 1 Kg","4,22 €",LACT.VICENTE
Frescos,Quesos,Queso de Cabra Tierno 200 Gr,"17,25 € / 1 Kg","3,45 €",GRANJA RINYA
Frescos,Quesos,Queso de Vaca Griego 150 Gr,"13,80 € / 1 Kg","2,07 €",SÈNA
Frescos,Quesos,Queso Rulo de Cabra 100% 180 Gr,"11,78 € / 1 Kg","2,12 €",CONSUM
Frescos,Quesos,Cottage Natural 0% Materia Grasa 200 Gr,"6,50 € / 1 Kg","1,30 €",MARGUI
Frescos,Quesos,Queso Fundido Lonchas Sandwich 160 Gr,"9,69 € / 1 Kg","1,55 €",SANABRIA
Frescos,Quesos,Queso de Cabra Tierno Lonchas 160 Gr,"18,44 € / 1 Kg","2,95 €",SANABRIA
Frescos,Quesos,Queso Manchego Viejo D.O.P Cuña 250 Gr,"23,28 € / 1 Kg","5,82 €",CONSUM
Frescos,Quesos,Queso Rallado Pecorino Romano DOP 60 Gr,"33,17 € / 1 Kg","1,99 €",ELITALY
Frescos,Quesos,Emmental Francés Cuña 220 Gr,"12,50 € / 1 Kg","2,75 €",ENTREMONT
Frescos,Quesos,Queso Tierno Mezcla Mini,"7,95 € / 1 Kg","7,95 €",GRANJA LUZ
Frescos,Quesos,Queso Curado Mezcla Mini,"10,50 € / 1 Kg","9,46 €",GRANJA LUZ
Frescos,Quesos,Queso Mezcla Semi Mini,"9,49 € / 1 Kg","9,04 €",GRANJA LUZ
Frescos,Quesos,Queso Tierno Lonchas 90 Gr,"16,67 € / 1 Kg","1,50 €",G.BAQUERO
Frescos,Quesos,Queso Fundido Lonchas Sándwich 160 Gr,"14,31 € / 1 Kg","2,29 €",TRANCHETTES
Frescos,Quesos,Philadelphia Vegetal 100% Vegano 145 Gr,"20,62 € / 1 Kg","2,99 €",PHILADELPHIA
Frescos,Quesos,Queso Oveja Reserva Castellano Cuña 200 Gr,"19,95 € / 1 Kg","3,99 €",LACT.VICENTE
Frescos,Quesos,Queso Plancha Tasty Grill 140 Gr,"24,93 € / 1 Kg","3,49 €",OLD AMSTERDA
Frescos,Quesos,Queso Gouda Curado Cuña 200 Gr,"23,75 € / 1 Kg","4,75 €",OLD AMSTERDA
Frescos,Quesos,Rallado 3 Quesos Light Proteínico 150 Gr,"19,93 € / 1 Kg","2,99 €",ARLA
Frescos,Quesos,Queso Gouda Tierno Cuña 350 Gr,"8,14 € / 1 Kg","2,85 €",CONSUM
Frescos,Quesos,Queso Gouda Semi Cuña 300 Gr,"9,30 € / 1 Kg","2,79 €",CONSUM
Frescos,Quesos,Queso Maasdam Cuña 375 Gr,"7,97 € / 1 Kg","2,99 €",CONSUM
Frescos,Quesos,Queso Rallado Gouda 200 Gr,"7,20 € / 1 Kg","1,44 €",CONSUM
Frescos,Quesos,Queso Rallado 4 Quesos 200 Gr,"9,15 € / 1 Kg","1,83 €",CONSUM
Frescos,Quesos,Queso Mezcla Tostado 200 Gr,"23,45 € / 1 Kg","4,69 €",GRAN CAPITAN
Frescos,Quesos,Queso Rallado Sin Lactosa 150 Gr,"10,87 € / 1 Kg","1,63 €",CONSUM
Frescos,Quesos,Ricotta 250 Gr,"7,40 € / 1 Kg","1,85 €",TREVISANALAT
Frescos,Quesos,Raclette 250 Gr,"11,96 € / 1 Kg","2,99 €",ENTREMONT
Frescos,Quesos corte,Queso Oveja Reserva Leche Cruda 8 Meses,"23,36 € / 1 Kg","25,95 €
23,36 €",BOFFARD
Frescos,Quesos corte,Queso Reserva 12 Meses L. Pasteurizada Mezcla,"18,25 € / 1 Kg","20,89 €
18,25 €",G.BAQUERO
Frescos,Quesos corte,Membrillo Artesano Natural sin Gluten,"12,75 € / 1 Kg","14,50 €
12,75 €",SANTA TERESA
Frescos,Quesos corte,Queso Oveja Semicurado Leche Oveja Pasteurizad,"16,99 € / 1 Kg","19,50 €
16,99 €",V.SOTUELAMOS
Frescos,Quesos corte,Queso Mezcla Semi Leche Pasteurizada,"15,65 € / 1 Kg","15,65 €",G.BAQUERO
Frescos,Quesos corte,Q.FrescTradicional Cabra L. de Cabra Pasteurizada,"13,90 € / 1 Kg","13,90 €",GRANJA RINYA
Frescos,Quesos corte,Queso Bavaria Blue Leche Vaca Pasteurizada,"17,90 € / 1 Kg","17,90 €",BERGADER
Frescos,Quesos corte,Queso Oveja Leche Crud Cura. 7 Meses Valladolid,"25,90 € / 1 Kg","25,90 €",FLOR ESGUEVA
Frescos,Quesos corte,Queso Mezcla Curado 5 Meses L. Pasteurizada,"19,50 € / 1 Kg","19,50 €",GRAN CAPITAN
Frescos,Quesos corte,Queso Mezcla Barra Tierno L. Pasteurizada,"15,87 € / 1 Kg","15,87 €",EL VENTERO
Frescos,Quesos corte,Queso Fresco Servilleta Leche Pasteurizada,"12,20 € / 1 Kg","12,20 €",GRANJA RINYA
Frescos,Quesos corte,Queso Cabra Semicurado Leche Pasteurizada,"18,95 € / 1 Kg","18,95 €",CARMEN
Frescos,Quesos corte,Q.Hushall Light 17% Gras Leche Vaca Pasteurizada,"12,02 € / 1 Kg","12,02 €",ARLA
Frescos,Quesos corte,Q Parmigiano Reggiano D.O.P. L.Cruda de Vaca,"22,02 € / 1 Kg","22,02 €",FERRARINI
Frescos,Quesos corte,Queso Brie Francés Leche Vaca Pasteurizada,"13,90 € / 1 Kg","13,90 €",CANTOREL
Frescos,Quesos corte,Q. Gruyère Suizo D.O.P Leche Cruda de Vaca,"29,90 € / 1 Kg","29,90 €",SUIZA
Frescos,Quesos corte,Queso Cabra Tierno Leche Pasteurizada,"20,90 € / 1 Kg","20,90 €",G.BAQUERO
Frescos,Quesos corte,Queso Oveja Semicurado Leche Pasteurizada,"17,50 € / 1 Kg","17,50 €",CARMEN
Frescos,Quesos corte,Queso Mezcla Barra Tierno L. Pasteurizada,"13,95 € / 1 Kg","13,95 €",CARMEN
Frescos,Quesos corte,"Tarta de Queso Artesana Queso Fresco,Huevo,Lec","9,99 € / 1 Kg","9,99 €",GRANJA RINYA
Frescos,Quesos corte,Queso Delicias de Cabra Leche Pasteurizada,"22,50 € / 1 Kg","22,50 €",EL PASTOR
Frescos,Quesos corte,Queso Oveja Añejo Leche Cruda 9 Meses,"22,99 € / 1 Kg","22,99 €",G.BAQUERO
Frescos,Quesos corte,Q.Mezcla La Cava Artes Leche Pasteurizada,"19,90 € / 1 Kg","19,90 €",G.BAQUERO
Frescos,Quesos corte,Q.Tradicional Cassoleta Fresco L.Pasteurizada,"10,90 € / 1 Kg","10,90 €",GRANJA RINYA
Frescos,Quesos corte,Queso Oveja c/Ajo Negro Leche Pasteurizada,"23,90 € / 1 Kg","23,90 €",V.SOTUELAMOS
Frescos,Quesos corte,Queso de Oveja Trufado L. de Oveja Pasteurizada,"26,90 € / 1 Kg","26,90 €",V.SOTUELAMOS
Frescos,Quesos corte,Queso Cabra La Casita Leche Cabra Pasteurizad,"20,90 € / 1 Kg","20,90 €",CAPRILLICE
Frescos,Quesos corte,Queso Mezcla Semi Leche Pasteurizada,"13,50 € / 1 Kg","13,50 €",ARTEPOK
Frescos,Quesos corte,Queso Semicurado Barra Leche Pasteurizada,"16,50 € / 1 Kg","16,50 €",G.BAQUERO
Frescos,Quesos corte,Queso Cabra Pell Florida L.Pasteurizada Maestraz,"25,90 € / 1 Kg","25,90 €",CATI
Frescos,Quesos corte,Queso Oveja Tierno Leche Pasteurizada,"15,90 € / 1 Kg","15,90 €",V.SOTUELAMOS
Frescos,Quesos corte,Queso Cabrales D.O.P Leche Cruda de Vaca,"23,56 € / 1 Kg","23,56 €",EL MOLIN
Frescos,Quesos corte,Queso Mezcla Curado Leche Pasteurizada,"16,50 € / 1 Kg","16,50 €",ARTEPOK
Frescos,Quesos corte,Queso Oveja-Cabra Añejo Leche Cruda 12 Meses,"19,50 € / 1 Kg","19,50 €",CARMEN
Frescos,Quesos corte,Q.Rulo Mezcla Papaya L.Pasteurizada Cabr-Vac,"15,80 € / 1 Kg","15,80 €",GRANJA RINYA
Frescos,Quesos corte,Q. Oveja Pasta Blanda Leche Pasteurizada,"16,50 € / 1 Kg","16,50 €",GRANJA RINYA
Frescos,Quesos corte,Queso Mahón Semi DOP de Leche Cruda,"16,90 € / 1 Kg","16,90 €",SA NAVETA
Frescos,Quesos corte,Queso Idiazabal DOP Leche Cruda de Oveja,"25,50 € / 1 Kg","25,50 €",BELAI
Frescos,Quesos corte,Queso de Cabra Curado con Leche Pasteurizada,"23,50 € / 1 Kg","23,50 €",CAPRILLICE
Frescos,Quesos corte,Queso Oveja 12 Meses Envejecido en Manteca,"22,90 € / 1 Kg","22,90 €",V.SOTUELAMOS
Frescos,Quesos corte,Queso Azul Leche Vaca Pasteurizada,"15,50 € / 1 Kg","15,50 €",SAINT-FLOUR
Frescos,Quesos corte,Queso Fresco Tradicional Villalón,"10,90 € / 1 Kg","10,90 €",LACT.VICENTE
Frescos,Quesos corte,Queso Oveja Romero 10 Meses L.Pasteurizada,"22,90 € / 1 Kg","22,90 €",VEGA SOTUELA
Frescos,Quesos corte,Queso Maasdam Tierno,"10,48 € / 1 Kg","10,48 €",M.VICENTE
Frescos,Quesos corte,Queso Añejo Intenso Grand 62,"19,90 € / 1 Kg","19,90 €",G.BAQUERO
Frescos,Quesos corte,Queso Edam Barra,"9,90 € / 1 Kg","9,90 €",M.VICENTE
Frescos,Quesos corte,Queso Manchego Curado D.O.P,"28,90 € / 1 Kg","28,90 €",DON JULIÁN
Frescos,Quesos corte,Rulo de Cabra 100%,"17,90 € / 1 Kg","17,90 €",G.BAQUERO
Frescos,Quesos corte,Queso Havarti Barra,"14,50 € / 1 Kg","14,50 €",ARLA
Frescos,Quesos corte,Roquefort DOP,"21,90 € / 1 Kg","21,90 €",PASTOURELLE
Frescos,Pescadería,Krissia Barritas de Surimi 180 Gr,"14,94 € / 1 Kg","2,99 €
2,69 €",AGUINAGA
Frescos,Pescadería,Emperador corte sin Hueso - Cortada 250gr aprox.,"9,95 € / 1 Kg","4,99 €
2,49 €",
Frescos,Pescadería,Anchoas en Aceite de Oliva 50 Gr,"62,00 € / 1 Kg","3,45 €
3,10 €",BRUIMAR
Frescos,Pescadería,Sardina Marinada 50 Gr,"28,00 € / 1 Kg","1,50 €
1,40 €",BRUIMAR
Frescos,Pescadería,Porción de Salmón Noruego - Pieza 200 g aprox.,"23,95 € / 1 Kg","5,19 €
4,79 €",
Frescos,Pescadería,Langostino Cocido mediano,"9,95 € / 1 Kg","10,95 €
9,95 €",
Frescos,Pescadería,Calamar Extra - Pieza de 150 gr. aproximadamente,"9,95 € / 1 Kg","1,94 €
1,49 €",
Frescos,Pescadería,Bacaladilla - Pieza de 80 gr. aproximadamente,"3,99 € / 1 Kg","0,40 €
0,32 €",
Frescos,Pescadería,Sardina,"5,95 € / 1 Kg","6,95 €
5,95 €",
Frescos,Pescadería,Mejillón limpio - Malla 1kg aprox.,"2,99 € / 1 Kg","3,35 €
2,99 €",
Frescos,Pescadería,"Rape Entero - Pieza 1,3 kg aprox. - Disponible de miércoles a sábado","9,90 € / 1 Kg","14,49 €
11,12 €",
Frescos,Pescadería,Esgarraet de Bacalao y Pimientos Asados 180 Gr,"14,94 € / 1 Kg","2,99 €
2,69 €",ANGOMAR
Frescos,Pescadería,Salmón Ahumado Noruego 2 x 40 Gr,"67,38 € / 1 Kg","5,99 €
5,39 €",ROYAL
Frescos,Pescadería,La Gula del Norte con Gambas 130 Gr,"27,61 € / 1 Kg","3,99 €
3,59 €",AGUINAGA
Frescos,Pescadería,"Chirla Malla Peso Aproximado 350g 0,35 Kg","8,54 € / 1 Kg","3,29 €
2,99 €",
Frescos,Pescadería,Pulpo Cocido 250g Confremar 250 Gr,"35,80 € / 1 Kg","9,95 €
8,95 €",
Frescos,Pescadería,Calamar Limpio 200 Gr,"22,45 € / 1 Kg","4,99 €
4,49 €",BOREAL
Frescos,Pescadería,Gambon Extra Caja 800 Gr,"12,06 € / 1 Kg","10,75 €
9,65 €",PESCANOVA
Frescos,Pescadería,Gamba Alistada 200g 200 Gr,"18,75 € / 1 Kg","4,20 €
3,75 €",MARINES
Frescos,Pescadería,Filetón de Bacalao,"12,90 € / 1 Kg","6,45 €",ANGOMAR
Frescos,Pescadería,Boquerones en Vinagre 50 Gr,"35,80 € / 1 Kg","1,79 €",BRUIMAR
Frescos,Pescadería,Huevas de Islandia Negras 50 Gr,"47,00 € / 1 Kg","2,35 €",ROYAL
Frescos,Pescadería,Taquitos Salmón Ahumad Noruego 75 Gr,"43,87 € / 1 Kg","3,29 €",LA BALINESA
Frescos,Pescadería,Boquerones en Aceite de Oliva con Ajo y Perejil 50 Gr,"41,00 € / 1 Kg","2,05 €",BRUIMAR
Frescos,Pescadería,Sepia Limpia - Pieza 550 g aprox.,"13,95 € / 1 Kg","7,71 €",
Frescos,Pescadería,"Merluza Entera o Mitades - Entera 1,2 Kg aprox.","9,95 € / 1 Kg","11,99 €",
Frescos,Pescadería,Migas de Bacalao 100 Gr,"29,90 € / 1 Kg","2,99 €",CONSUM
Frescos,Pescadería,Filete Bacalao Inglés 90 Gr,"39,89 € / 1 Kg","3,59 €",CONSUM
Frescos,Pescadería,Bonito Lonchas 40 Gr,"2,88 € / 100 Gr","1,15 €",ANGOMAR
Frescos,Pescadería,Filete de Lubina 200 Gr,"23,50 € / 1 Kg","4,70 €",
Frescos,Pescadería,Filete de Dorada 200 Gr,"22,55 € / 1 Kg","4,51 €",
Frescos,Pescadería,Marineras Salmón y Merluza 2 x 80 Gr,"18,69 € / 1 Kg","2,99 €",
Frescos,Pescadería,La Gula del Norte 100 Gr,"31,90 € / 1 Kg","3,19 €",AGUINAGA
Frescos,Pescadería,Tinta de Sepia 32 Gr,"5,91 € / 100 Gr","1,89 €",NORTINDAL
Frescos,Pescadería,Rodajas de Mar Selectas 200 Gr,"19,95 € / 1 Kg","3,99 €",EMBUMAR
Frescos,Pescadería,Filetón Bacalao Islandia 500 Gr,"11,98 € / 1 Kg","5,99 €",CONSUM
Frescos,Pescadería,Filete de Anchoa Aceite de Oliva MSC 16 Gr,"13,69 € / 100 Gr","2,19 €",G.CANTABRICO
Frescos,Pescadería,Huevas de Islandia Rojas 50 Gr,"47,00 € / 1 Kg","2,35 €",ROYAL
Frescos,Pescadería,Banderilla Boquerón y Aceituna 115 Gr,"23,39 € / 1 Kg","2,69 €",BRUIMAR
Frescos,Pescadería,Banderilla Anchoa y Boquerón 95 Gr,"28,32 € / 1 Kg","2,69 €",BRUIMAR
Frescos,Pescadería,Anillas a la Romana Rebozadas al Huevo 210 Gr,"19,00 € / 1 Kg","3,99 €",AGUINAMAR
Frescos,Pescadería,Banderilla Gildas 95 Gr,"28,32 € / 1 Kg","2,69 €",BRUIMAR
Frescos,Pescadería,Mojama de Atún Selección,"46,50 € / 1 Kg","9,30 €",ANGOMAR
Frescos,Pescadería,"Boquerón Cantábrico Ajo,Oliva y Perejil 100 Gr","39,90 € / 1 Kg","3,99 €",BRUIMAR
Frescos,Pescadería,Filete Anchoa Cantábrico en Aceite de Oliva 95 Gr,"65,16 € / 1 Kg","6,19 €",BRUIMAR
Frescos,Pescadería,Delicias de Mar Pack 2 Unidades 2 x 100 Gr,"8,45 € / 1 Kg","1,69 €",CONSUM
Frescos,Pescadería,Dorada Crianza de España - Pieza de 500 gr. aprox.,"9,20 € / 1 Kg","4,60 €",
Frescos,Pescadería,Anilla de Potón,"9,95 € / 1 Kg","9,95 €",
Frescos,Pescadería,Trucha Arco Iris Asalmonada - Pieza 360 gr. aprox. - Disponible todos los días e,"8,95 € / 1 Kg","3,58 €",
Frescos,Pescadería,Lubina Crianza de España - Pieza de 500 gr. aprox.,"9,20 € / 1 Kg","4,60 €",
Frescos,Pescadería,Gambón Grande - Congelado,"9,95 € / 1 Kg","9,95 €",
Frescos,Pescadería,Sepia Sucia - Pieza 550 g aprox.,"13,95 € / 1 Kg","7,71 €",
Frescos,Pescadería,Ensalada de Ahumados 60 Gr,"2,88 € / 100 Gr","1,15 €",ANGOLEVANTE
Frescos,Pescadería,Palito Maruca Inglés 75 Gr,"29,20 € / 1 Kg","2,19 €",ANGOMAR
Frescos,Pescadería,Anchoas en Salmuera 210 Gr,"22,38 € / 1 Kg","4,70 €",BRUIMAR
Frescos,Pescadería,Marineras Merluza y Gambas 2 x 80 Gr,"18,69 € / 1 Kg","2,99 €",
Frescos,Pescadería,Pescadilla - Pieza de 300 gr. aproximadamente,"8,99 € / 1 Kg","2,70 €",
Frescos,Pescadería,Boquerón - Todos los días excepto Lunes y Martes,"6,95 € / 1 Kg","6,95 €",
Frescos,Pescadería,Filete de Bacalao - Pieza 465 g aprox.,"15,90 € / 1 Kg","7,40 €",
Frescos,Pescadería,Tiras de Potón,"9,95 € / 1 Kg","9,95 €",
Frescos,Pescadería,Brandada de Bacalao 225 Gr,"13,29 € / 1 Kg","2,99 €",ANGOMAR
Frescos,Pescadería,Ajoarriero de Bacalao 225 Gr,"13,29 € / 1 Kg","2,99 €",ANGOMAR
Frescos,Pescadería,Filete Anchoa Cantábrico Aceite Girasol MSC Tarro 55 Gr,"72,55 € / 1 Kg","3,99 €",REVUELTA
Frescos,Pescadería,Filete Anchoa Cantábrico MSC en Aceite Oliva 30 Gr,"8,30 € / 100 Gr","2,49 €",REVUELTA
Frescos,Pescadería,Calamar,"8,99 € / 1 Kg","8,99 €",
Frescos,Pescadería,"Corvina Crianza España Entera o Mitades - Pieza 1,3 Kg aprox.","9,95 € / 1 Kg","13,45 €",REX
Frescos,Pescadería,Carabinero Med. 12-15 Piezas Caja 500 Gr- Congelado,"85,00 € / 1 Kg","42,50 €",
Frescos,Pescadería,Tonyina de Sorra Lonchas en Aceite 50 Gr,"49,80 € / 1 Kg","2,49 €",ANGOMAR
Frescos,Pescadería,"Salmón Noruego Entero o Mitades - Entero 2,8 kg aprox.","12,45 € / 1 Kg","35,57 €",
Frescos,Pescadería,Morralla Lonjas de la Comunidad - Disponible de martes a jueves,"7,95 € / 1 Kg","7,95 €",
Frescos,Pescadería,Sardina Ahumada 80 Gr,"30,75 € / 1 Kg","2,46 €",BRUIMAR
Frescos,Pescadería,Salmón Ahumado Suave 25% Reducido en Sal 80 Gr,"73,63 € / 1 Kg","5,89 €",ROYAL
Frescos,Pescadería,Boquerón en Vinagre del Cantábrico 60 Gr,"59,17 € / 1 Kg","3,55 €",CONSUM
Frescos,Pescadería,Lenguado - Pieza 200 gr aprox.,"24,95 € / 1 Kg","4,99 €",
Frescos,Pescadería,Salpicón de Marisco 250 Gr,"13,96 € / 1 Kg","3,49 €",ANGOMAR
Frescos,Pescadería,Rodaballo Entero o Mitadas - Entero 2 kg aprox,"14,95 € / 1 Kg","29,90 €",
Frescos,Pescadería,Mojama Extra Lonchas 80 Gr,"61,13 € / 1 Kg","4,89 €",ANGOMAR
Frescos,Pescadería,Filete Anchoa Cantábrico en Aceite Oliva MSC 30 Gr,"6,63 € / 100 Gr","1,99 €",LA LAREDANA
Frescos,Pescadería,Migas de Bacalao Desalado 250 Gr,"19,40 € / 1 Kg","4,85 €",ANGOMAR
Frescos,Pescadería,Lomo de Bonito,"19,90 € / 1 Kg","4,78 €",ANGOLEVANTE
Frescos,Pescadería,Lomo Sardina Anchoada 60 Gr,"32,50 € / 1 Kg","1,95 €",BRUIMAR
Frescos,Pescadería,Tentáculo Pulpo Cocido 220 Gr,"52,27 € / 1 Kg","11,50 €",
Frescos,Pescadería,Trozos de Bacalao Especial Guisos 400 Gr,"10,88 € / 1 Kg","4,35 €",ANGOMAR
Frescos,Pescadería,Filete Anchoa Ahumado en Aceite de Oliva 16 Gr,"13,44 € / 100 Gr","2,15 €",G.CANTABRICO
Frescos,Pescadería,Sardinas Saladas 160 Gr,"7,19 € / 1 Kg","1,15 €",ANGOLEVANTE
Frescos,Pescadería,Filete Salmón Bandeja Noruego,"23,95 € / 1 Kg","4,07 €",
Frescos,Pescadería,Anchoa del Cantábrico en Aceite Oliva 23 Gr,"7,17 € / 100 Gr","1,65 €",CONSUM
Frescos,Pescadería,Rallado Krissia de Surimi 125 Gr,"15,92 € / 1 Kg","1,99 €",AGUINAGA
Frescos,Pescadería,Salmón Ahumado Noruego 2 x 80 Gr,"49,94 € / 1 Kg","7,99 €",LA BALINESA
Frescos,Pescadería,Salmón Ahumado Noruego 100 Gr,"42,50 € / 1 Kg","4,25 €",MARINA BEST
Frescos,Pescadería,Salmón Ahumado Noruego Marinado 80 Gr,"58,63 € / 1 Kg","4,69 €",LA BALINESA
Frescos,Pescadería,Filete de Merluza,"20,95 € / 1 Kg","7,35 €",
Frescos,Pescadería,Palitos de Surimi 450 Gr,"4,42 € / 1 Kg","1,99 €",CONSUM
Frescos,Pescadería,Filete de Anchoa en Aceite de Oliva 100 Gr,"59,90 € / 1 Kg","5,99 €",BRUIMAR
Frescos,Pescadería,Boquerones Ajo y Perejil en Aceite de Girasol 240 Gr,"24,96 € / 1 Kg","5,99 €",BRUIMAR
Frescos,Pescadería,Langostino Cocido Rodolfo 330 Gr,"15,12 € / 1 Kg","4,99 €",PESCANOVA
Frescos,Pescadería,Lomos de salmón Bandeja 300 Gr,"26,63 € / 1 Kg","7,99 €",
Frescos,Pescadería,Solomillo Salmón Noruego 320 Gr,"25,59 € / 1 Kg","8,19 €",
Frescos,Pescadería,Perlas de Salmón 100 Gr,"49,90 € / 1 Kg","4,99 €",SPHERIKA
Frescos,Pescadería,Perlas de Arenque MSC 50 Gr,"69,80 € / 1 Kg","3,49 €",SPHERIKA
Frescos,Pescadería,Salpicón de Pulpo 380 Gr,"18,39 € / 1 Kg","6,99 €",ANGOMAR
Frescos,Pescadería,Krissia Barritas Protein de Surimi 300 Gr,"15,50 € / 1 Kg","4,65 €",AGUINAGA
Frescos,Pescadería,Krissia Barritas de Surimi 300 Gr,"15,50 € / 1 Kg","4,65 €",AGUINAGA
Frescos,Pescadería,Mejillon en su Jugo 2´30´´ MICRO 500 Gr,"8,98 € / 1 Kg","4,49 €",AGUINAMAR
Frescos,Pescadería,Salmón Ahumado Noruego 80 Gr,"59,88 € / 1 Kg","4,79 €",LA BALINESA
Frescos,Pescadería,Anchoas en Aceite de Girasol 23 Gr,"4,13 € / 100 Gr","0,95 €",CAPRIMAR
Frescos,Pescadería,Anchoas en Aceite de Oliva 29 Gr,"9,28 € / 100 Gr","2,69 €",CONSORCIO
Frescos,Pescadería,Langostino Ajo/Perejil 200 Gr,"24,95 € / 1 Kg","4,99 €",PESCANOVA
Frescos,Pescadería,Solomillo de Salmón Ahumado Noruego 100 Gr,"66,50 € / 1 Kg","6,65 €",LA BALINESA
Frescos,Pescadería,Sepia Limpia 250g 250 Gr,"23,96 € / 1 Kg","5,99 €",BOREAL
Frescos,Pescadería,Delicias Aguinaga al Ajillo 175 Gr,"8,91 € / 1 Kg","1,56 €",CONSUM
Frescos,Pescadería,Migas de Bacalao en Salazón 160 Gr,"21,19 € / 1 Kg","3,39 €",ANGOMAR
Frescos,Pescadería,"Buey de Mar Congelado Cocido Peso Aprox 500 Gr. 0,5 Kg","17,50 € / 1 Kg","8,75 €",MARINES
Frescos,Pescadería,Pata Pulpo Cocido En su Jugo 200 Gr,"39,95 € / 1 Kg","7,99 €",PESCANOVA
Frescos,Pescadería,Rodaja Atún,"22,95 € / 1 Kg","4,94 €",
Frescos,Pescadería,Navajas Congelada 400 Gr,"9,98 € / 1 Kg","3,99 €",
Frescos,Pescadería,Carne de Vieira Congelada 200 Gr,"49,95 € / 1 Kg","9,99 €",
Frescos,Pescadería,"Bogavante Congelado Peso Aproxim 375G 0,37 Kg","40,14 € / 1 Kg","14,85 €",MARINES
Frescos,Pescadería,Bacalao al Punto de Sal,"14,95 € / 1 Kg","4,49 €",DIMAR
Frescos,Pescadería,Filetón de Bacalao Extra,"17,50 € / 1 Kg","17,50 €",ANGOMAR
Frescos,Pescadería,Capellanes Secos,"15,65 € / 1 Kg","4,08 €",ANGOMAR
Frescos,Pescadería,Galera Caja 400 Gr,"9,98 € / 1 Kg","3,99 €",
Frescos,Pescadería,Gambon Grande Caja 485 Gr,"14,41 € / 1 Kg","6,99 €",PESCANOVA
Frescos,Pescadería,Cigala Mediana 14-18 500 Gr,"21,80 € / 1 Kg","10,90 €",AMATSU
Frescos,Pescadería,Mojama de Atún 150 Gr,"21,67 € / 1 Kg","3,25 €",ANGOMAR
Frescos,Pescadería,Bacalao Noruego Skrei Entero o Mitades - Entero 3 kg aprox.,"10,95 € / 1 Kg","33,18 €",
Frescos,Verduras,Setas de Cultivo Bandeja 200 Gr,"7,15 € / 1 Kg","1,59 €
1,43 €",
Frescos,Verduras,Tomate Canario,"1,59 € / 1 Kg","0,24 €
0,20 €",
Frescos,Verduras,Ensalada Mixta Bolsa 150 Gr,"8,60 € / 1 Kg","1,53 €
1,29 €",FLORETTE
Frescos,Verduras,Guacamole Tarrina 200 Gr,"8,00 € / 1 Kg","1,75 €
1,60 €",
Frescos,Verduras,Ensalada Gourmet Completa 175 Gr,"16,86 € / 1 Kg","3,30 €
2,95 €",FLORETTE
Frescos,Verduras,Rabano Redondo Bolsa 200 Gr,"5,25 € / 1 Kg","1,05 €",EL DULZE
Frescos,Verduras,Pimiento Verde,"2,69 € / 1 Kg","0,73 €",
Frescos,Verduras,Judía Redonda Bandeja 250 Gr,"6,00 € / 1 Kg","1,50 €",
Frescos,Verduras,Pepino,"1,99 € / 1 Kg","0,36 €",
Frescos,Verduras,Pimiento Tipo Padrón Bandeja 200 Gr,"6,25 € / 1 Kg","1,25 €",
Frescos,Verduras,Patata Selección Conservación,"1,99 € / 1 Kg","0,62 €",
Frescos,Verduras,Tomate Ensalada.,"2,29 € / 1 Kg","0,46 €",
Frescos,Verduras,Tomate Pera,"1,99 € / 1 Kg","0,26 €",
Frescos,Verduras,Pimiento Rojo,"2,69 € / 1 Kg","0,86 €",
Frescos,Verduras,"Lechuga Iceberg Peso Aproximado 350 gr 0,35 Kg","3,00 € / 1 Kg","1,05 €",
Frescos,Verduras,"Lechuga Romana Peso Aprox. 320 G. 0,32 Kg","3,59 € / 1 Kg","1,15 €",
Frescos,Verduras,Cebolla Seca Malla 1 Kg,"2,29 € / 1 Kg","2,29 €",
Frescos,Verduras,Col de Bruselas Bandeja 500 Gr,"4,98 € / 1 Kg","2,49 €",
Frescos,Verduras,"Cebolla Tierna Manojo Peso Aproximado 300 gr 0,3 Kg","4,30 € / 1 Kg","1,29 €",
Frescos,Verduras,Cebolla Seca Malla 2 Kg,"1,93 € / 1 Kg","3,85 €",
Frescos,Verduras,Boniato Rojo,"2,10 € / 1 Kg","0,65 €",
Frescos,Verduras,Cebolla Seca Malla Tubo 1 Kg,"2,39 € / 1 Kg","2,39 €",
Frescos,Verduras,Tomate en Rama,"2,29 € / 1 Kg","0,34 €",
Frescos,Verduras,"Cogollos 3 Unidades Peso Aprox. 330 Gr. 0,33 Kg","3,79 € / 1 Kg","1,25 €",
Frescos,Verduras,Ajos Secos Malla 250 Gr,"6,20 € / 1 Kg","1,55 €",
Frescos,Verduras,Brócoli Manojo 500 Gr,"2,70 € / 1 Kg","1,35 €",
Frescos,Verduras,"Apio Verde Peso Aproximado 550 gr 0,55 Kg","2,53 € / 1 Kg","1,39 €",
Frescos,Verduras,Zanahoria Tierna Bolsa 500 Gr,"1,78 € / 1 Kg","0,89 €",
Frescos,Verduras,Zanahoria de Mesa Bolsa 1 Kg,"1,09 € / 1 Kg","1,09 €",
Frescos,Verduras,Berenjena Negra,"1,99 € / 1 Kg","0,77 €",
Frescos,Verduras,Calabacin Verde,"1,79 € / 1 Kg","0,82 €",
Frescos,Verduras,Cilantro Bolsa 20 Gr,"6,25 € / 100 Gr","1,25 €",EL DULZE
Frescos,Verduras,Judia Plana Bandeja 250 Gr,"6,36 € / 1 Kg","1,59 €",
Frescos,Verduras,Espinacas Bolsa 300 Gr,"4,00 € / 1 Kg","1,20 €",CONSUM
Frescos,Verduras,Acelgas Bolsa 300 Gr,"4,00 € / 1 Kg","1,20 €",CONSUM
Frescos,Verduras,Lechuga Iceberg Bolsa 250 Gr,"3,44 € / 1 Kg","0,86 €",CONSUM
Frescos,Verduras,Canónigos Bolsa 125 Gr,"9,12 € / 1 Kg","1,14 €",CONSUM
Frescos,Verduras,Ensalada 4 Estaciones Bolsa 250 Gr,"2,88 € / 1 Kg","0,72 €",CONSUM
Frescos,Verduras,Apio Verde Bandeja 300 Gr,"3,50 € / 1 Kg","1,05 €",
Frescos,Verduras,Perejil Bolsa 150 Gr,"6,67 € / 1 Kg","1,00 €",
Frescos,Verduras,Brocoli para Cocinar Microondas 225 Gr,"8,22 € / 1 Kg","1,85 €",FLORETTE
Frescos,Verduras,Remolacha Cocida Bandeja 500 Gr,"1,98 € / 1 Kg","0,99 €",HUERCASA
Frescos,Verduras,Cebolla Dulce,"2,89 € / 1 Kg","0,69 €",
Frescos,Verduras,Alcachofas (Granel),"2,50 € / 1 Kg","0,44 €",
Frescos,Verduras,Patata Freír Nueva Malla 2 Kg,"1,88 € / 1 Kg","3,75 €",
Frescos,Verduras,Patata Cocer Nueva Malla 2 Kg,"1,88 € / 1 Kg","3,75 €",
Frescos,Verduras,Pimiento Italiano.,"2,19 € / 1 Kg","0,25 €",
Frescos,Verduras,Verduras para Cocido Peso Variable,"1,99 € / 1 Kg","2,21 €",
Frescos,Verduras,Tomate Natural Rallado Tarrina 230 Gr,"6,48 € / 1 Kg","1,49 €",SURINVER
Frescos,Verduras,Dúo Canónigo Rúcula Bolsa 100 Gr,"18,90 € / 1 Kg","1,89 €",FLORETTE
Frescos,Verduras,Tomate Asurcado,"3,99 € / 1 Kg","0,76 €",
Frescos,Verduras,Patatas al Vapor Microondas 400 Gr,"3,63 € / 1 Kg","1,45 €",
Frescos,Verduras,Berenjena Rayada,"2,10 € / 1 Kg","0,94 €",
Frescos,Verduras,Tomate Tipo Valenciano,"3,59 € / 1 Kg","1,44 €",
Frescos,Verduras,Coliflor-Brócoli-Zanahoria Microondas 275 Gr,"6,73 € / 1 Kg","1,85 €",FLORETTE
Frescos,Verduras,Albahaca Bandeja 20 Gr,"7,50 € / 100 Gr","1,50 €",EL DULZE
Frescos,Verduras,Seta Shiitake Bandeja 150 Gr,"13,93 € / 1 Kg","2,09 €",
Frescos,Verduras,Rúcula Bolsa 50 Gr,"15,80 € / 1 Kg","0,79 €",CONSUM
Frescos,Verduras,Ensalada Pasta y Rucula Completa 315 Gr,"10,48 € / 1 Kg","3,30 €",FLORETTE
Frescos,Verduras,Calabaza troceada Bandeja 400 Gr,"4,50 € / 1 Kg","1,80 €",
Frescos,Verduras,Ensalada César Completa 205 Gr,"15,37 € / 1 Kg","3,15 €",FLORETTE
Frescos,Verduras,"Corazones Lechuga 6 U Peso Aproximado 200 gr 0,2 Kg","9,95 € / 1 Kg","1,99 €",EL DULZE
Frescos,Verduras,Cebolla Tierna Pequeña Bandeja 300 Gr,"7,30 € / 1 Kg","2,19 €",
Frescos,Verduras,Ensalada Maxi Variada Bolsa 350 Gr,"4,57 € / 1 Kg","1,60 €",CONSUM
Frescos,Verduras,Tomate Kumato Mini Bandeja 250 Gr,"6,76 € / 1 Kg","1,69 €",
Frescos,Verduras,Pepino Holandes Peso Aproximado 300gr,"3,30 € / 1 Kg","0,99 €",
Frescos,Verduras,Lechuga Romana Bolsa 200 Gr,"5,75 € / 1 Kg","1,15 €",CONSUM
Frescos,Verduras,Surtido Verduras Microondas 300 Gr,"6,17 € / 1 Kg","1,85 €",FLORETTE
Frescos,Verduras,Tomate Cherry Cubeta 500 Gr,"3,90 € / 1 Kg","1,95 €",
Frescos,Verduras,Ensalada Gourmet Bolsa 175 Gr,"5,83 € / 1 Kg","1,02 €",CONSUM
Frescos,Verduras,Patata Nueva Lavada Malla 3 Kg,"1,63 € / 1 Kg","4,90 €",
Frescos,Verduras,Ensalada Campestre Bolsa 175 Gr,"7,09 € / 1 Kg","1,24 €",CONSUM
Frescos,Verduras,Ensalada Gourmet Primeros Brotes 100 Gr,"19,70 € / 1 Kg","1,97 €",FLORETTE
Frescos,Verduras,Patata Nueva Lavada Malla 5 Kg,"1,30 € / 1 Kg","6,49 €",
Frescos,Verduras,Tomate Deshidratado Bandeja 70 Gr,"45,57 € / 1 Kg","3,19 €",TREVIJANO
Frescos,Verduras,Alga Wakame Deshidratada. Bandeja 50 Gr,"55,00 € / 1 Kg","2,75 €",TREVIJANO
Frescos,Verduras,Patata Guarnición Malla 1 Kg,"2,45 € / 1 Kg","2,45 €",
Frescos,Verduras,Repollo Liso entero,"1,89 € / 1 Kg","5,56 €",
Frescos,Verduras,Cebolla Morada Malla 500 Gr,"2,90 € / 1 Kg","1,45 €",
Frescos,Verduras,Hierbabuena Bandeja 20 Gr,"6,25 € / 100 Gr","1,25 €",EL DULZE
Frescos,Verduras,Pimiento Tricolor 500 Gr,"3,58 € / 1 Kg","1,79 €",
Frescos,Verduras,Patata Cocida Pelada Bolsa 500 Gr,"4,58 € / 1 Kg","2,29 €",HUERCASA
Frescos,Verduras,Judia Rochet Bandeja 250 Gr,"11,96 € / 1 Kg","2,99 €",
Frescos,Verduras,Ensalada Antiox Bolsa 100 Gr,"17,80 € / 1 Kg","1,78 €",FLORETTE
Frescos,Verduras,Ensalada de la Huerta Bandeja 400 Gr,"4,98 € / 1 Kg","1,99 €",
Frescos,Verduras,Calabacín Blanco Bandeja 800 Gr,"3,11 € / 1 Kg","2,49 €",
Frescos,Verduras,Brotes de Espinacas Bolsa 125 Gr,"14,00 € / 1 Kg","1,75 €",FLORETTE
Frescos,Verduras,Col Lombarda Pieza Peso Aprox. 1 K. 1 Kg,"1,85 € / 1 Kg","1,85 €",
Frescos,Verduras,Apio Blanco Bolsa 400 Gr,"4,98 € / 1 Kg","1,99 €",
Frescos,Verduras,Calabaza entera,"1,99 € / 1 Kg","2,93 €",
Frescos,Verduras,Garrofón Seco Malla 280 Gr,"9,61 € / 1 Kg","2,69 €",
Frescos,Verduras,Brotes de Soja Bolsa 200 Gr,"8,95 € / 1 Kg","1,79 €",
Frescos,Verduras,Pimiento Ñora Tarrina 50 Gr,"71,80 € / 1 Kg","3,59 €",
Frescos,Verduras,Cebollino Bandeja 20 Gr,"9,00 € / 100 Gr","1,80 €",EL DULZE
Frescos,Verduras,Brotes de Alfalfa Bolsa 150 Gr,"11,93 € / 1 Kg","1,79 €",
Frescos,Verduras,Picada de Ajo y Perejil Bandeja 100 Gr,"14,90 € / 1 Kg","1,49 €",
Frescos,Verduras,Panoja de MaÍz Fresca Bandeja 400 Gr,"7,48 € / 1 Kg","2,99 €",
Frescos,Verduras,Pimiento Picante Bandeja 100 Gr,"15,90 € / 1 Kg","1,59 €",
Frescos,Verduras,Guacamole Picante Tarrina 200 Gr,"8,75 € / 1 Kg","1,75 €",
Frescos,Verduras,"Lechuga Trocadero Peso Aproximado 300 gr 0,3 Kg","5,30 € / 1 Kg","1,59 €",
Frescos,Verduras,Escarola Frisee Bandeja 300 Gr,"5,83 € / 1 Kg","1,75 €",
Frescos,Verduras,"Lechuga Hoja de Roble Peso Aproximado 250 gr 0,25 Kg","5,96 € / 1 Kg","1,49 €",
Frescos,Verduras,Champiñón Granel,"4,99 € / 1 Kg","4,99 €",
Frescos,Verduras,Cebolla Francesa Malla 500 Gr,"2,78 € / 1 Kg","1,39 €",
Frescos,Verduras,Cebolla Blanca Malla 500 Gr,"2,98 € / 1 Kg","1,49 €",
Frescos,Verduras,Tomate Cherry Sugar Drop 250 Gr,"7,96 € / 1 Kg","1,99 €",
Frescos,Verduras,Zanahoria Baby 125 Gr,"11,12 € / 1 Kg","1,39 €",FLORETTE
Frescos,Verduras,Cardo Bandeja 500 Gr,"3,78 € / 1 Kg","1,89 €",
Frescos,Verduras,"Col Rizada Pieza Peso Aproximado 1.200Gr 1,2 Kg","1,66 € / 1 Kg","1,99 €",
Frescos,Verduras,Cebolla Crujiente Paquete 70 Gr,"21,29 € / 1 Kg","1,49 €",FLORETTE
Frescos,Verduras,Frutos Rojos y Mango Paquete 55 Gr,"34,36 € / 1 Kg","1,89 €",FLORETTE
Frescos,Verduras,Frutos Secos Especial Ensaladas 70 Gr,"27,00 € / 1 Kg","1,89 €",FLORETTE
Frescos,Verduras,Picatostes Ajo Finas Hierbas Paquet 70 Gr,"21,29 € / 1 Kg","1,49 €",FLORETTE
Frescos,Verduras,Picatostes César Paquete 70 Gr,"21,29 € / 1 Kg","1,49 €",FLORETTE
Frescos,Verduras,Picatostes Natural Paquete 65 Gr,"22,92 € / 1 Kg","1,49 €",FLORETTE
Frescos,Verduras,Zanahoria Manojo 700 Gr,"2,84 € / 1 Kg","1,99 €",
Frescos,Verduras,Tomate Raf Selección peso variable,"6,69 € / 1 Kg","3,35 €",
Frescos,Verduras,Alcachofas de Benicarló - Bandeja de 750 Gr,"3,99 € / 1 Kg","2,99 €",
Frescos,Verduras,Champiñon Portobello Bandeja 250 Gr,"7,16 € / 1 Kg","1,79 €",
Frescos,Verduras,Floretes Brócoli Bandeja 400 Gr,"4,98 € / 1 Kg","1,99 €",
Frescos,Verduras,Ajo Ecológico 200 Gr,"9,95 € / 1 Kg","1,99 €",CONSUM ECO
Frescos,Verduras,Remolacha Bio 500 Gr,"3,18 € / 1 Kg","1,59 €",
Frescos,Verduras,Tomate Rama Ecológico 400 Gr,"5,98 € / 1 Kg","2,39 €",CONSUM ECO
Frescos,Verduras,"Patata Eco Malla 1,5 Kg","2,00 € / 1 Kg","3,00 €",CONSUM ECO
Frescos,Verduras,Dientes Ajo Negro Pelado Ecológico 60 Gr,"88,17 € / 1 Kg","5,29 €",CONSUM ECO
Frescos,Verduras,Remolacha Fresca Ecológica 400 Gr,"3,73 € / 1 Kg","1,49 €",
Frescos,Verduras,Apio Ecológico 300 Gr,"4,97 € / 1 Kg","1,49 €",CONSUM ECO
Frescos,Verduras,Brócoli Ecológico 500 Gr,"3,78 € / 1 Kg","1,89 €",CONSUM ECO
Frescos,Verduras,Habas Granel,"3,25 € / 1 Kg","3,25 €",
Frescos,Verduras,Zanahoria Rallada Bolsa 150 Gr,"7,07 € / 1 Kg","1,06 €",FLORETTE
Frescos,Verduras,Judía Plana,"4,99 € / 1 Kg","4,99 €",
Frescos,Verduras,"Col Rizada Media Pieza Peso Aproximado 600 Gr. 0,6 Kg","1,67 € / 1 Kg","1,00 €",
Frescos,Verduras,Floretes Coliflor Bandeja 500 Gr,"3,98 € / 1 Kg","1,99 €",
Frescos,Verduras,Superalimentos 5 semillas 100 Gr,"18,90 € / 1 Kg","1,89 €",FLORETTE
Frescos,Verduras,Tomate Rama Mini Ecológico 250 Gr,"10,36 € / 1 Kg","2,59 €",
Frescos,Verduras,Ensalada Cesar Light Completa 200 Gr,"16,50 € / 1 Kg","3,30 €",FLORETTE
Frescos,Verduras,Espárrago Grueso 300 Gr,"11,30 € / 1 Kg","3,39 €",
Frescos,Verduras,Espinaca Maxi Bolsa 450 Gr,"5,24 € / 1 Kg","2,36 €",FLORETTE
Frescos,Verduras,Judía Ferraura 200 Gr,"14,95 € / 1 Kg","2,99 €",
Frescos,Verduras,Ensalada Mixta Atún con Olivas 190 Gr,"17,37 € / 1 Kg","3,30 €",FLORETTE
Frescos,Verduras,Ensalada Lorena Completa 145 Gr,"22,76 € / 1 Kg","3,30 €",DIQUESÍ
Frescos,Verduras,Palitos Zanahoria 180 Gr,"11,06 € / 1 Kg","1,99 €",
Frescos,Verduras,Brócoli Microondas 225 Gr,"6,62 € / 1 Kg","1,49 €",CONSUM
Frescos,Verduras,Calabaza Eco Peso Aproximado 800 Gr,"3,15 € / 1 Kg","1,89 €",
Frescos,Verduras,"Corazones Romana 2Ud Peso Apróximado 650 Gr. 0,65 Kg","2,69 € / 1 Kg","1,75 €",
Frescos,Verduras,Nabo Granel,"2,98 € / 1 Kg","0,72 €",
Frescos,Verduras,Patata Roja,"1,99 € / 1 Kg","0,66 €",
Frescos,Verduras,Boniato Micro 400 Gr,"6,00 € / 1 Kg","2,40 €",
Frescos,Verduras,Ensalada Cesar American Style 200 Gr,"16,50 € / 1 Kg","3,30 €",FLORETTE
Frescos,Verduras,Tomate Negro,"2,69 € / 1 Kg","0,27 €",
Frescos,Verduras,Nabicol Granel,"2,98 € / 1 Kg","0,89 €",
Frescos,Verduras,Ensalada Completa de Pasta y Pollo 310 Gr,"9,65 € / 1 Kg","2,99 €",CONSUM
Frescos,Verduras,Coliflor Granel,"1,99 € / 1 Kg","2,93 €",
Frescos,Verduras,Guacamole Eco 200 Gr,"9,95 € / 1 Kg","1,99 €",
Frescos,Verduras,Puerro Granel,"2,99 € / 1 Kg","0,33 €",
Frescos,Verduras,Judía Plana Bandeja 750 Gr,"4,33 € / 1 Kg","3,25 €",
Frescos,Verduras,Champiñón Pie Cortado Peso Variable,"4,76 € / 1 Kg","1,43 €",
Frescos,Verduras,Combinado Setas Bandeja 200 Gr,"14,95 € / 1 Kg","2,99 €",
Frescos,Verduras,Ajos Tiernos Manojo 200 Gr,"11,75 € / 1 Kg","2,35 €",
Frescos,Verduras,Escarola Bolsa 150 Gr,"8,00 € / 1 Kg","1,20 €",CONSUM
Frescos,Verduras,"Calçots Manojo 25 U - Sólo disponible jueves, viernes y sábado","0,20 € / 1 U","4,99 €",
Frescos,Verduras,Maiz Dulce 2 Piezas Bandeja 450 Gr,"3,44 € / 1 Kg","1,55 €",HUERCASA
Frescos,Verduras,Ensalada Wraps Completa 285 Gr,"9,96 € / 1 Kg","2,84 €",CONSUM
Frescos,Verduras,Ensalada Del Chef Completa 205 Gr,"14,10 € / 1 Kg","2,89 €",CONSUM
Frescos,Verduras,Espárrago Triguero 250 Gr,"9,00 € / 1 Kg","2,25 €",
Frescos,Verduras,Boniato Al Vapor 300 Gr,"6,63 € / 1 Kg","1,99 €",
Frescos,Verduras,Saltear y listo 200 Gr,"14,95 € / 1 Kg","2,99 €",
Frescos,Verduras,Endibia Bandeja 450 Gr,"3,67 € / 1 Kg","1,65 €",
Frescos,Verduras,Champiñón laminado,"6,22 € / 1 Kg","1,87 €",
Frescos,Verduras,Tomate para Untar Bandeja 500 Gr,"5,98 € / 1 Kg","2,99 €",
Frescos,Verduras,Mix de Brotes Con Espinaca y Rúcula 100 Gr,"11,50 € / 1 Kg","1,15 €",CONSUM
Frescos,Verduras,Mix Brotes Canónigos Bolsa 100 Gr,"14,90 € / 1 Kg","1,49 €",CONSUM
Frescos,Verduras,Ensalada Xtreme Pollo Completa 210 Gr,"19,00 € / 1 Kg","3,99 €",FLORETTE
Frescos,Verduras,Ensalada Gourmet Mediterránea 150 Gr,"13,27 € / 1 Kg","1,99 €",FLORETTE
Frescos,Verduras,Ensalada Proteica Pollo Y Huevo 295 Gr,"14,41 € / 1 Kg","4,25 €",FLORETTE
Frescos,Verduras,Crocante 250 Gr,"7,56 € / 1 Kg","1,89 €",FLORETTE
Frescos,Verduras,Chucrut al Vino Blanco 650 Gr,"3,08 € / 1 Kg","2,00 €",ORZECH
Frescos,Verduras,Puerro troceado Peso Variable,"4,65 € / 1 Kg","0,79 €",
Frescos,Frutas,Mandarina Granel,"1,98 € / 1 Kg","0,29 €
0,25 €",
Frescos,Frutas,Pera Alejandrina,"1,89 € / 1 Kg","0,62 €
0,50 €",
Frescos,Frutas,Ciruela Roja,"3,69 € / 1 Kg","0,39 €",
Frescos,Frutas,Manzana Fuji,"2,39 € / 1 Kg","0,60 €",
Frescos,Frutas,Manzana Golden,"2,09 € / 1 Kg","0,46 €",
Frescos,Frutas,Manzana Red Delicious,"1,99 € / 1 Kg","0,52 €",
Frescos,Frutas,Pera Conferencia,"2,49 € / 1 Kg","0,60 €",
Frescos,Frutas,Plátano Canario,"1,99 € / 1 Kg","0,37 €",
Frescos,Frutas,Melón Piel de Sapo,"1,99 € / 1 Kg","4,85 €",
Frescos,Frutas,Aguacate Premadurado.,"5,49 € / 1 Kg","1,10 €",
Frescos,Frutas,Mango,"4,59 € / 1 Kg","2,30 €",
Frescos,Frutas,Fresón Bandeja 500 Gr,"5,98 € / 1 Kg","2,99 €",
Frescos,Frutas,Limón,"1,85 € / 1 Kg","0,44 €",
Frescos,Frutas,Manzana Royal Gala,"2,39 € / 1 Kg","0,57 €",
Frescos,Frutas,Kiwi verde,"2,99 € / 1 Kg","0,36 €",
Frescos,Frutas,Limón Malla 1 Kg,"1,55 € / 1 Kg","1,55 €",
Frescos,Frutas,Uva Blanca sin Semillas 500 Gr,"5,58 € / 1 Kg","2,79 €",
Frescos,Frutas,Moras Tarrina 125 Gr,"20,72 € / 1 Kg","2,59 €",
Frescos,Frutas,Lima Bandeja 250 Gr,"5,96 € / 1 Kg","1,49 €",
Frescos,Frutas,Naranja Malla 2 Kg,"1,49 € / 1 Kg","2,98 €",
Frescos,Frutas,Piña entera,"1,99 € / 1 Kg","4,23 €",
Frescos,Frutas,Sandía,"2,29 € / 1 Kg","14,31 €",
Frescos,Frutas,Manzana Granny Smith,"2,09 € / 1 Kg","0,51 €",
Frescos,Frutas,Melón Piel de Sapo Media Pieza,"1,99 € / 1 Kg","2,40 €",
Frescos,Frutas,Sandía partida,"2,29 € / 1 Kg","5,73 €",
Frescos,Frutas,Manzana Pink Lady,"2,99 € / 1 Kg","0,66 €",
Frescos,Frutas,Piña Partida,"1,99 € / 1 Kg","2,09 €",
Frescos,Frutas,Naranja para Zumo Malla 4 Kg,"1,35 € / 1 Kg","5,40 €",
Frescos,Frutas,Kiwi Green Selección Bandeja 500 Gr,"5,98 € / 1 Kg","2,99 €",ZESPRI
Frescos,Frutas,Naranja,"1,89 € / 1 Kg","0,57 €",
Frescos,Frutas,Manzana Golden Marlene Bandeja 750 Gr,"2,65 € / 1 Kg","1,99 €",
Frescos,Frutas,Yuca,"3,29 € / 1 Kg","2,89 €",
Frescos,Frutas,Plátano de Freir,"2,99 € / 1 Kg","1,06 €",
Frescos,Frutas,Dátil en Rama Bandeja 500 Gr,"7,58 € / 1 Kg","3,79 €",
Frescos,Frutas,Pera Rocha,"2,49 € / 1 Kg","0,36 €",
Frescos,Frutas,Compota de Manzana y Pera 400 Gr,"7,98 € / 1 Kg","3,19 €",
Frescos,Frutas,Compota de Manzana y Piña 400 Gr,"7,98 € / 1 Kg","3,19 €",
Frescos,Frutas,Compota de Manzana y Mango 400 Gr,"7,98 € / 1 Kg","3,19 €",
Frescos,Frutas,Manzana Red Marlene Bandeja 750 Gr,"2,65 € / 1 Kg","1,99 €",
Frescos,Frutas,Manzana Royal Gala Marlene Bandeja 750 Gr,"2,65 € / 1 Kg","1,99 €",
Frescos,Frutas,Compota de Manzana 400 Gr,"7,98 € / 1 Kg","3,19 €",
Frescos,Frutas,Naranja Bollo Granel,"2,49 € / 1 Kg","0,71 €",BOLLO
Frescos,Frutas,Plátano Bandeja Ecológico,"2,69 € / 1 Kg","2,34 €",CONSUM ECO
Frescos,Frutas,Limón Ecológico 500 Gr,"3,98 € / 1 Kg","1,99 €",CONSUM ECO
Frescos,Frutas,Aguacate Ecológico 300 Gr,"8,97 € / 1 Kg","2,69 €",
Frescos,Frutas,Jengibre Ecológico 150 Gr,"11,27 € / 1 Kg","1,69 €",CONSUM ECO
Frescos,Frutas,Manzana Ambrosia Bolsa 1 U,"2,59 € / 1 U","2,59 €",
Frescos,Frutas,Papayón entero,"4,99 € / 1 Kg","7,56 €",
Frescos,Frutas,Papayón Partido,"4,99 € / 1 Kg","3,78 €",
Frescos,Frutas,Banana,"1,45 € / 1 Kg","0,29 €",
Frescos,Frutas,Manzana Fuji Marlene Bandeja 750 Gr,"2,65 € / 1 Kg","1,99 €",
Frescos,Frutas,Frambuesa Bandeja 170 Gr,"15,82 € / 1 Kg","2,69 €",
Frescos,Frutas,Piña Del Monte,"2,59 € / 1 Kg","5,51 €",DEL MONTE
Frescos,Frutas,Dàtil Medjoul Ecológico 150 Gr,"19,93 € / 1 Kg","2,99 €",
Frescos,Frutas,Zumo Recién Exprimido de Naranja 1L,"4,79 € / 1 L","4,79 €",
Frescos,Frutas,Piña Del Monte Partida,"2,59 € / 1 Kg","2,73 €",DEL MONTE
Frescos,Frutas,Manzana Ecológica 600 Gr,"3,98 € / 1 Kg","2,39 €",
Frescos,Frutas,Pera Conferencia D.O. Rincón de Soto 750 Gr,"3,99 € / 1 Kg","2,99 €",
Frescos,Frutas,Uva roja bandeja sin Semilla 500 Gr,"5,78 € / 1 Kg","2,89 €",
Frescos,Frutas,Piña Natural Rodajas 500 Gr,"5,80 € / 1 Kg","2,90 €",
Frescos,Frutas,Arándano Vaso 225 Gr,"13,29 € / 1 Kg","2,99 €",
Frescos,Frutas,"Mandarina Hoja Tarrina 1,5 Kg","2,09 € / 1 Kg","3,14 €",
Frescos,Frutas,"Mandarina Malla 1,5 Kg","1,79 € / 1 Kg","2,69 €",
Horno,Pan de horno,Pan de Cristal 240 Gr,"4,80 € / 1 Kg","1,35 €
1,15 €",
Horno,Pan de horno,Panecillo 10 Unidades 450 Gr,"2,34 € / 1 Kg","1,20 €
1,05 €",
Horno,Pan de horno,Mini Panecillo 100% Integral 5 Und. 225 Gr,"3,91 € / 1 Kg","1,00 €
0,88 €",
Horno,Pan de horno,Barra de Pan 250 Gr,"1,92 € / 1 Kg","0,48 €",
Horno,Pan de horno,Barra Espiga Tradición 250 Gr,"3,40 € / 1 Kg","0,95 €
0,85 €",
Horno,Pan de horno,Barra Harina Trigo Integral 41% 210 Gr,"3,76 € / 1 Kg","0,89 €
0,79 €",
Horno,Pan de horno,Pan de Espelta 99% 240 Gr,"3,71 € / 1 Kg","0,99 €
0,89 €",
Horno,Pan de horno,Barra Rústica 245 Gr,"3,22 € / 1 Kg","0,79 €",
Horno,Pan de horno,Baguette Rústica 210 Gr,"4,24 € / 1 Kg","0,89 €",
Horno,Pan de horno,Barra Familiar 315 Gr,"3,65 € / 1 Kg","1,15 €",
Horno,Pan de horno,Pan de Leche 3% 5 Unidades 275 Gr,"4,18 € / 1 Kg","1,15 €",
Horno,Pan de horno,Mini 9 Cereales y Semillas 4 Unidades 280 Gr,"4,25 € / 1 Kg","1,19 €",
Horno,Pan de horno,Baguetina con Fibra 5 Unidades 550 Gr,"2,07 € / 1 Kg","1,14 €",
Horno,Pan de horno,Pan 7 Semillas y Pipas de Calabaza 3% M.M 230 Gr,"6,48 € / 1 Kg","1,49 €",
Horno,Pan de horno,Centeno 16% 115 Gr,"8,26 € / 1 Kg","0,95 €",
Horno,Pan de horno,Hogaza 7 Cereales y Semillas 384 Gr,"6,44 € / 1 Kg","2,35 €",
Horno,Pan de horno,Baguettina sin Gluten 100 Gr - congelada,"11,50 € / 1 Kg","1,15 €",
Horno,Pan de horno,Barra de Pan Masa Madre 235 Gr,"3,06 € / 1 Kg","0,72 €",
Horno,Pan de horno,Bollo sin Gluten 60 Gr - congelado,"15,83 € / 1 Kg","0,95 €",
Horno,Pan de horno,Rústico 100 % Integral de Trigo 95 Gr,"6,21 € / 1 Kg","0,59 €",
Horno,Pan de horno,Rústico sin Sal Añadida 100% Integral de Trigo 130 Gr,"5,31 € / 1 Kg","0,69 €",
Horno,Pan de horno,Mini Centeno 30% 3 Unidades 255 Gr,"4,31 € / 1 Kg","1,10 €",
Horno,Pan de horno,Barra Huerta 255 Gr,"3,33 € / 1 Kg","0,85 €",
Horno,Pan de horno,Bocata Rústico 1 Unidad 110 Gr,"4,45 € / 1 Kg","0,49 €",
Horno,Pan de horno,Pan de Picos 285 Gr,"3,33 € / 1 Kg","0,95 €",
Horno,Pan de horno,Mini con Nueces 9% y Calabaza 6% 2 Und. 200 Gr,"7,75 € / 1 Kg","1,55 €",
Horno,Pan de horno,Hogaza 9% Nueces y 6% Calabaza 400 Gr,"6,73 € / 1 Kg","2,69 €",
Horno,Pan de horno,Bocadillo 4 Unidades 460 Gr,"1,93 € / 1 Kg","0,89 €",
Horno,Pan de horno,Pan de Agua 250 Gr,"3,60 € / 1 Kg","0,90 €",
Horno,Pan de horno,Pan Payes sin Gluten 250 Gr,"10,36 € / 1 Kg","2,59 €",
Horno,Pan de horno,Barra Maxi 440 Gr,"4,07 € / 1 Kg","1,79 €",
Horno,Pan de horno,Barra Espiga con Aceite de Oliva 5% 220 Gr,"4,32 € / 1 Kg","0,95 €",
Horno,Pan de horno,Barra Mix Cereales Integral 24% 250 Gr,"5,56 € / 1 Kg","1,39 €",
Horno,Pan de horno,Mini Rústicos 4 Unidades 180 Gr,"4,72 € / 1 Kg","0,85 €",
Horno,Pan de horno,Baguettina 5 Unidades 550 Gr,"2,53 € / 1 Kg","1,39 €",
Horno,Pan de molde y rebanado,Pan de Molde Centeno y Semillas 400 Gr,"4,23 € / 1 Kg","1,99 €
1,69 €",
Horno,Pan de molde y rebanado,Pan Rebanado Payés con Semillas de Calabaza 490 Gr,"4,59 € / 1 Kg","2,25 €",
Horno,Pan de molde y rebanado,Pan de Molde Integral 400 Gr,"3,98 € / 1 Kg","1,59 €",
Horno,Pan de molde y rebanado,Pan Rebanado de Centeno 400 Gr,"4,98 € / 1 Kg","1,99 €",
Horno,Pan de molde y rebanado,Pan Rebanado Redondo 590 Gr,"3,37 € / 1 Kg","1,99 €",
Horno,Pan de molde y rebanado,Pan de Molde con Pipas de Girasol y Calabaza 400 Gr,"4,73 € / 1 Kg","1,89 €",
Horno,Pan de molde y rebanado,Media Hogaza Integral de Espelta y Fibra 300 Gr,"8,63 € / 1 Kg","2,59 €",
Horno,Pan de molde y rebanado,Pan Rebanado con Alto Contenido en Proteinas 300 Gr,"6,63 € / 1 Kg","1,99 €",
Horno,Pan de molde y rebanado,P. Rebanado 15 Semillas y Cereales 420 Gr,"4,74 € / 1 Kg","1,99 €",
Horno,Pan de molde y rebanado,Pan de Molde Brioche 450 Gr,"4,33 € / 1 Kg","1,95 €",
Horno,Pan de molde y rebanado,Hogaza Rebanada 100% Natural 510 Gr,"3,24 € / 1 Kg","1,65 €",
Horno,Pan de molde y rebanado,Hogaza Maíz Semillas Calabaza y Girasol 400 Gr,"5,48 € / 1 Kg","2,19 €",
Horno,Pan hamburguesas y perritos,Pan Hamburguesa Rústico Natural 100% 4U 300 Gr,"5,50 € / 1 Kg","1,65 €",
Horno,Pan hamburguesas y perritos,Burger Cristal 2 Unidades 150 Gr,"7,33 € / 1 Kg","1,10 €",
Horno,Pan hamburguesas y perritos,Pan Perritos Rústicos 4 Unidades 220 Gr,"6,77 € / 1 Kg","1,49 €",
Horno,Pan hamburguesas y perritos,Pan Hamburguesa 98% Integral 4 Unidade 300 Gr,"5,30 € / 1 Kg","1,59 €",
Horno,Pan hamburguesas y perritos,P. Hamburguesa Brioche con Mantequilla 4 Und. 300 Gr,"6,63 € / 1 Kg","1,99 €",
Horno,Pan hamburguesas y perritos,Mini Perritos Brioche 10 Unidades 300 Gr,"6,63 € / 1 Kg","1,99 €",
Horno,Pan hamburguesas y perritos,Mollete Andaluz 2 Unidades 200 Gr,"4,95 € / 1 Kg","0,99 €",
Horno,Pan hamburguesas y perritos,Chapata Cristal Aceite de Oliva 7% 3 U 210 Gr,"4,67 € / 1 Kg","0,98 €",
Horno,Pan rallado,Pan Rallado Natural Paquete 500 Gr,"1,40 € / 1 Kg","0,70 €",CONSUM
Horno,Pan rallado,Rebozado Crujiente Sin Gluten 200 Gr,"7,95 € / 1 Kg","1,59 €",ESGIR
Horno,Pan rallado,Pan Rallado Crujiente Paquete 380 Gr,"4,08 € / 1 Kg","1,55 €",FRUMEN
Horno,Pan rallado,Pan Rallado Estilo Japonés Paquete 150 Gr,"11,67 € / 1 Kg","1,75 €",FRUMEN
Horno,Pan rallado,Pan Rallado Ajo-Perejil 500 Gr,"2,10 € / 1 Kg","1,05 €",CONSUM
Horno,Pan rallado,Rallado Crujiente 400 Gr,"4,63 € / 1 Kg","1,85 €",ESGIR
Horno,Pan rallado,Pan Rallado Sin Gluten 300 Gr,"7,30 € / 1 Kg","2,19 €",GALLO
Horno,Pan rallado,Pan Rallado Casero 500 Gr,"2,10 € / 1 Kg","1,05 €",CONSUM
Horno,"Rosquilletas, picos y snacks",Coqueta Multicereales 200 Gr,"9,75 € / 1 Kg","2,29 €
1,95 €",
Horno,"Rosquilletas, picos y snacks",Coqueta de Pipas 135 Gr,"17,70 € / 1 Kg","2,39 €",
Horno,"Rosquilletas, picos y snacks",Picos Gourmet 140 Gr,"13,50 € / 1 Kg","1,89 €",
Horno,"Rosquilletas, picos y snacks",Tortas Saladas Chipi 125 Gr,"15,92 € / 1 Kg","1,99 €",
Horno,"Rosquilletas, picos y snacks",Picos Gourmet Integral 140 Gr,"14,54 € / 1 Kg","1,89 €",
Horno,"Rosquilletas, picos y snacks",Coquetas de Cacahuete 200 Gr,"11,45 € / 1 Kg","2,29 €",
Horno,"Rosquilletas, picos y snacks",Palitos con Llavoretes 70 Gr,"17,00 € / 1 Kg","1,19 €",
Horno,"Rosquilletas, picos y snacks",Palitos Sabor Campesinos 70 Gr,"17,86 € / 1 Kg","1,25 €",
Horno,Bollería dulce,Tejas 160 Gr,"9,06 € / 1 Kg","1,65 €
1,45 €",
Horno,Bollería dulce,Bizcocho de Azúcar 450 Gr,"7,00 € / 1 Kg","3,50 €
3,15 €",
Horno,Bollería dulce,Bizcocho de Naranja 375 Gr,"9,04 € / 1 Kg","3,89 €
3,39 €",
Horno,Bollería dulce,Panal de Cabello 1 Unidad 117 Gr,"8,46 € / 1 Kg","1,15 €
0,99 €",
Horno,Bollería dulce,Palmeras 160 Gr,"14,94 € / 1 Kg","2,39 €",
Horno,Bollería dulce,Milhojas de Chocolate 250 Gr,"11,96 € / 1 Kg","2,99 €",
Horno,Bollería dulce,Magdalenas Caseras 360 Gr,"7,47 € / 1 Kg","2,69 €",
Horno,Bollería dulce,Bizcocho casero de Manzana 400 Gr,"6,98 € / 1 Kg","2,79 €",
Horno,Bollería dulce,Berlina Rellena de Chocolate 2 Unidades 180 Gr,"9,17 € / 1 Kg","1,65 €",
Horno,Bollería dulce,Big Dots Sugar 2 Unidades 130 Gr,"9,62 € / 1 Kg","1,25 €",
Horno,Bollería dulce,Susu de Crema con Baño de Chocolate 200 Gr,"13,45 € / 1 Kg","2,69 €",
Horno,Bollería dulce,Mini Caracola de Chocolate 5 Unidades 200 Gr,"5,70 € / 1 Kg","1,14 €",
Horno,Bollería dulce,Palmera Cacao 200 Gr,"14,95 € / 1 Kg","2,99 €",
Horno,Bollería dulce,Mini Rosquilla Glas 5 Unidades 150 Gr,"11,27 € / 1 Kg","1,69 €",
Horno,Bollería dulce,Tarta de Almendra 400 Gr,"12,98 € / 1 Kg","5,19 €",
Horno,Bollería dulce,Panquemado 300 Gr,"9,97 € / 1 Kg","2,99 €",
Horno,Bollería dulce,Susú de Crema 180 Gr,"12,17 € / 1 Kg","2,19 €",
Horno,Bollería dulce,Mini Croissant Mantequilla 6 Unidades 120 Gr,"8,33 € / 1 Kg","1,00 €",
Horno,Bollería dulce,Suizos con Mantequilla 100 Gr,"12,90 € / 1 Kg","1,29 €",
Horno,Bollería dulce,Hoops Glaseados 2 Unidades 100 Gr,"7,90 € / 1 Kg","0,79 €",
Horno,Bollería dulce,Hoops Bombón 2 Unidades 110 Gr,"7,18 € / 1 Kg","0,79 €",
Horno,Bollería dulce,Mini Magdalenas 225 Gr,"10,62 € / 1 Kg","2,39 €",
Horno,Bollería dulce,Magdalena Integral Edulcorada 4 Unidades 240 Gr,"8,29 € / 1 Kg","1,99 €",
Horno,Bollería dulce,Delicias de Almendra 225 Gr,"9,73 € / 1 Kg","2,19 €",
Horno,Bollería dulce,Capricho de Avellana y Chocolate 225 Gr,"10,44 € / 1 Kg","2,35 €",
Horno,Bollería dulce,Rosquillo Frito 260 Gr,"8,27 € / 1 Kg","2,15 €",
Horno,Bollería dulce,Fartons 5 Unidades 150 Gr,"11,67 € / 1 Kg","1,75 €",
Horno,Bollería dulce,Bizcocho Casero de Chocolate con Leche 400 Gr,"6,20 € / 1 Kg","2,48 €",
Horno,Bollería dulce,Bizcocho Casero con Nueces 400 Gr,"8,98 € / 1 Kg","3,59 €",
Horno,Bollería dulce,Torta de Pasas y Nueces 330 Gr,"12,88 € / 1 Kg","4,25 €",
Horno,Bollería dulce,Mini Palmeras de Hojaldre 140 Gr,"16,36 € / 1 Kg","2,29 €",
Horno,Bollería dulce,Muffin Chocolate 2 Unidades 220 Gr,"9,05 € / 1 Kg","1,99 €",
Horno,Bollería dulce,Trenza Crema y Cacao 450 Gr,"19,31 € / 1 Kg","8,69 €",
Horno,Bollería dulce,Palmera Cacao 240 Gr,"10,79 € / 1 Kg","2,59 €",
Horno,Bollería dulce,Rosquilla de Huevo 200 Gr,"9,45 € / 1 Kg","1,89 €",
Horno,Bollería dulce,Delicias de Coco 200 Gr,"9,95 € / 1 Kg","1,99 €",
Horno,Bollería dulce,Bizcocho Tradicional de Zanahoria 300 Gr,"9,97 € / 1 Kg","2,99 €",
Horno,Bollería dulce,Bizcocho sin Azucares Añadidos 200 Gr,"11,25 € / 1 Kg","2,25 €",
Horno,Bollería dulce,Dots Pink Nubes 2 Unidades 150 Gr,"7,93 € / 1 Kg","1,19 €",
Horno,Bollería dulce,Cookie Doble Chocolate 2 Unidades 150 Gr,"15,93 € / 1 Kg","2,39 €",
Horno,Bollería dulce,Pastel de Crema 3 Unidades 170 Gr,"7,59 € / 1 Kg","1,29 €",
Horno,Bollería dulce,Mini Croissant Margarina 6 Unidades 140 Gr,"9,21 € / 1 Kg","1,29 €",
Horno,Bollería dulce,Mini Croissant Relleno de Chocolate 6 Unidades 180 Gr,"10,83 € / 1 Kg","1,95 €",
Horno,Bollería dulce,Mini Ensaimada Hojaldrada 6 Unidades 174 Gr,"12,93 € / 1 Kg","2,25 €",
Horno,Bollería dulce,Mini Croissant Relleno de Crema 6 Unidades 180 Gr,"10,83 € / 1 Kg","1,95 €",
Horno,Bollería dulce,Trenza de Nueces 1 Unidad 120 Gr,"9,17 € / 1 Kg","1,10 €",
Horno,Bollería dulce,"Croissant con Semillas 1,85% 1 Unidad 70 Gr","12,71 € / 1 Kg","0,89 €",
Horno,Bollería dulce,Ensaimada Grande Hojaldrada 1 Unidad 84 Gr,"13,10 € / 1 Kg","1,10 €",
Horno,Bollería dulce,Tarta de Manzana 1 Unidad 125 Gr,"11,60 € / 1 Kg","1,45 €",
Horno,Bollería dulce,Napolitana de Chocolate 1 Unidad 95 Gr,"9,37 € / 1 Kg","0,89 €",
Horno,Bollería dulce,Croissant Artesano 1 Unidad 75 Gr,"10,00 € / 1 Kg","0,75 €",
Horno,Bollería dulce,Croissant Mantequilla 1 Unidad 65 Gr,"8,00 € / 1 Kg","0,52 €",
Horno,Bollería salada,Palito Sobrasada 4 Unidades 110 Gr,"10,82 € / 1 Kg","1,39 €
1,19 €",
Horno,Bollería salada,Hojaldre Pisto y Atún 1 Unidad 130 Gr,"8,84 € / 1 Kg","1,35 €
1,15 €",
Horno,Bollería salada,Mini Empanadilla Pisto 7 Unidades 250 Gr,"7,56 € / 1 Kg","1,89 €",
Horno,Bollería salada,Mini Empanadilla Selecta Espinacas Queso 5 Und. 210 Gr,"13,10 € / 1 Kg","2,75 €",
Horno,Bollería salada,Mini Empanadilla de Atún con Olivas 6 Und. 225 Gr,"11,33 € / 1 Kg","2,55 €",
Horno,Bollería salada,Empanadilla Vegetariana Tomate y Verduras 105 Gr,"12,29 € / 1 Kg","1,29 €",
Horno,Bollería salada,Palito Queso y Anchoa 4 Unidades 105 Gr,"14,19 € / 1 Kg","1,49 €",
Horno,Bollería salada,Mini Hojaldritos Variados 12 Unidades 216 Gr,"5,79 € / 1 Kg","1,25 €",
Horno,Bollería salada,Empanada Redonda Atún 15% 420 Gr,"9,50 € / 1 Kg","3,99 €",
Horno,Bollería salada,Napolitana Mixta 1 Unidad 125 Gr,"6,40 € / 1 Kg","0,80 €",
Horno,Bollería salada,Pizza de Atún y York 1 Unidad 155 Gr,"12,84 € / 1 Kg","1,99 €",
Horno,Bollería salada,Calzone de York y Queso 1 Unidad 155 Gr,"10,26 € / 1 Kg","1,59 €",
Horno,Bollería salada,Empanadilla de Pollo y Champiñon 1 Unidad 110 Gr,"13,18 € / 1 Kg","1,45 €",
Horno,Bollería salada,Hojaldre de Carne 1 Unidad 130 Gr,"11,15 € / 1 Kg","1,45 €",
Horno,Bollería salada,Empanadilla de Pisto 1 Unidad 105 Gr,"11,90 € / 1 Kg","1,25 €",
Horno,Bollería salada,Cesta de Queso de Cabra 80 Gr,"18,63 € / 1 Kg","1,49 €",
Horno,Bollería salada,Hojaldre de Pollo con Curry 1 Unidad 100 Gr,"13,50 € / 1 Kg","1,35 €",
Horno,Bollería salada,Empanadilla de Espinacas 1 Unidad 110 Gr,"13,18 € / 1 Kg","1,45 €",
Horno,Tartas y repostería,Carrot Cake Tarta de Zanahoria 770 Gr,"12,86 € / 1 Kg","11,00 €
9,90 €",
Horno,Tartas y repostería,Tarta sabor Chocolate y Avellana 525 Gr,"13,70 € / 1 Kg","7,99 €
7,19 €",
Horno,Tartas y repostería,Vela de Aniversario Número 1 1 U,"0,75 € / 1 U","0,75 €",ROURA
Horno,Tartas y repostería,Almendras con Piel Tostadas Sal Bolsa 200 Gr,"14,95 € / 1 Kg","2,99 €",CONSUM
Horno,Tartas y repostería,Almendras Repeladas Fritas Bolsa 200 Gr,"14,25 € / 1 Kg","2,85 €",CONSUM
Horno,Tartas y repostería,Vela de Aniversario Número 2 1 U,"0,75 € / 1 U","0,75 €",ROURA
Horno,Tartas y repostería,Vela de Aniversario Número 0 1 U,"0,75 € / 1 U","0,75 €",ROURA
Horno,Tartas y repostería,Vela de Aniversario Número 3 1 U,"0,75 € / 1 U","0,75 €",ROURA
Horno,Tartas y repostería,Vela de Aniversario Número 4 1 U,"0,75 € / 1 U","0,75 €",ROURA
Horno,Tartas y repostería,Vela de Aniversario Número 5 1 U,"0,75 € / 1 U","0,75 €",ROURA
Horno,Tartas y repostería,Vela de Aniversario Número 6 1 U,"0,75 € / 1 U","0,75 €",ROURA
Horno,Tartas y repostería,Vela de Aniversario Número 7 1 U,"0,75 € / 1 U","0,75 €",ROURA
Horno,Tartas y repostería,Vela de Aniversario Número 8 1 U,"0,75 € / 1 U","0,75 €",ROURA
Horno,Tartas y repostería,Vela de Aniversario Número 9 1 U,"0,75 € / 1 U","0,75 €",ROURA
Horno,Tartas y repostería,Vela de Aniversario Número ? 1 U,"0,75 € / 1 U","0,75 €",ROURA
Horno,Tartas y repostería,Almendra Repelada Cruda 150 Gr,"12,60 € / 1 Kg","1,89 €",CONSUM
Horno,Tartas y repostería,Trufas Heladas 12 Unidades 192 Gr,"28,59 € / 1 Kg","5,49 €",
Horno,Tartas y repostería,Lionesas de Nata 10 Unidades 250 Gr,"19,96 € / 1 Kg","4,99 €",
Horno,Tartas y repostería,Tarta San Marcos 1 Kg,"7,99 € / 1 Kg","7,99 €",
Horno,Tartas y repostería,Tarta Bombón 1 Kg,"11,90 € / 1 Kg","11,90 €",
Horno,Tartas y repostería,Pastel Sara 125 Gr,"19,92 € / 1 Kg","2,49 €",
Horno,Tartas y repostería,Cheesecake Oreo 350 Gr,"20,83 € / 1 Kg","7,29 €",
Horno,Tartas y repostería,Velita y Cifras 12 U,"0,24 € / 1 U","2,89 €",VAHINÉ
Horno,Tartas y repostería,Velitas Mágicas 10 U,"0,23 € / 1 U","2,29 €",VAHINÉ
Horno,Tartas y repostería,Velitas Cumpleaños Rosas y Azules 16 U,"0,11 € / 1 U","1,75 €",VAHINÉ
Horno,Tartas y repostería,Almendra con Cáscara Tostada Bolsa 250 Gr,"13,00 € / 1 Kg","3,25 €",
Horno,Tartas y repostería,Tarta Galleta Arándanos Nata y Queso 500 Gr,"19,18 € / 1 Kg","9,59 €",
Horno,Tartas y repostería,Tarta Mousse de Limón 550 Gr,"15,00 € / 1 Kg","8,25 €",
Horno,Tartas y repostería,Tarta Crujiente de Chocolate y Nata 350 Gr,"21,69 € / 1 Kg","7,59 €",
Horno,Tartas y repostería,Tarta Nata y Trufa 725 Gr,"12,76 € / 1 Kg","9,25 €",
Horno,Tartas y repostería,Velitas Smiley 27 Gr,"11,07 € / 100 Gr","2,99 €",VAHINE
Horno,Tartas y repostería,Lionesas Surtidas 10 Unidades 250 Gr,"19,96 € / 1 Kg","4,99 €",
Horno,Tartas y repostería,Porción Cheesecake Oreo 100 Gr,"29,90 € / 1 Kg","2,99 €",
Horno,Tartas y repostería,Pastel San Marcos Bajo en Azúcar 210 Gr,"18,05 € / 1 Kg","3,79 €",
Horno,Tartas y repostería,Tarta Milka 350 Gr,"20,83 € / 1 Kg","7,29 €",
Horno,Tartas y repostería,Milhojas de Merengue 2 Unidades 160 Gr,"15,56 € / 1 Kg","2,49 €",
Horno,Tartas y repostería,Tarta Sacher Frambuesa 600 Gr,"16,65 € / 1 Kg","9,99 €",
Horno,Tartas y repostería,Almendra Natural piel Doy Pack 200 Gr,"10,25 € / 1 Kg","2,05 €",CONSUM
Horno,Tartas y repostería,Tarta de Turrón y Nata 650 Gr,"17,31 € / 1 Kg","11,25 €",
Horno,Tartas y repostería,Pastel Tiramisú 125 Gr,"19,12 € / 1 Kg","2,39 €",
Horno,Tartas y repostería,Porción Carrot Cake con Queso 118 Gr,"27,88 € / 1 Kg","3,29 €",
Horno,Tartas y repostería,Tarta de Queso al Horno 500 Gr,"15,98 € / 1 Kg","7,99 €",
Horno,Tartas y repostería,Tarta Fiesta Bizcocho y Sabor Trufa 1000 Gr,"12,50 € / 1 Kg","12,50 €",
Horno,Tartas y repostería,Tarta Bombón Infantil 500 Gr,"15,38 € / 1 Kg","7,69 €",
Horno,Tartas y repostería,Velitas Diseño 10 U,"0,19 € / 1 U","1,89 €",VAHINÉ
Horno,Tartas y repostería,Pack Velas Aniversario Colores Surtidos 24 U,"0,04 € / 1 U","0,99 €",LUMAR
Horno,Tartas y repostería,Red Velvet 625 Gr,"14,38 € / 1 Kg","8,99 €",
Horno,Tartas y repostería,Cake Lotus Biscoff 415 Gr,"22,87 € / 1 Kg","9,49 €",
Horno,Tartas y repostería,Almendra Tostada Sin Sal Bolsa 200 Gr,"14,95 € / 1 Kg","2,99 €",CONSUM
Horno,Tartas y repostería,Base de Tarta 3 Capas 350 Gr,"8,14 € / 1 Kg","2,85 €",GENOISE
Horno,Tartas y repostería,Por.Mousse de Choco y Limón s/Gluten-Lactosa 220 Gr,"27,23 € / 1 Kg","5,99 €",
Horno,Tartas y repostería,Cheesecake Dulce de Leche Swirl 500 Gr,"23,00 € / 1 Kg","11,50 €",
Horno,Tartas y repostería,Tarta Galleta Café y Caramelo 600 Gr,"19,17 € / 1 Kg","11,50 €",
Horno,Tartas y repostería,Bombón Cake 725 Gr,"18,62 € / 1 Kg","13,50 €",
Horno,Tartas y repostería,Chocolate Bar 675 Gr,"20,00 € / 1 Kg","13,50 €",
