categoria,subcategoria,descripcion,precio
Charcutería y quesos,"Jamón cocido, lacón, fiambres y mortadela",Pechuga de pavo Nuestra Alacena sobre 2 x 200 g,"3,59 €
(8,98 €/KILO)"
Charcutería y quesos,"Jamón cocido, lacón, fiambres y mortadela",Jamón cocido extra Nuestra Alacena sobre 2 x 225 g,"3,19 €
(7,09 €/KILO)"
Charcutería y quesos,"Jamón cocido, lacón, fiambres y mortadela",Bacon en tiras Nuestra Alacena bandeja 2 x 100 g,"1,89 €
(9,45 €/KILO)"
Charcutería y quesos,"Jamón cocido, lacón, fiambres y mortadela",Bacon Nuestra Alacena sobre 200 g,"1,99 €
(9,95 €/KILO)"
Charcutería y quesos,"Jamón cocido, lacón, fiambres y mortadela",Jamón cocido extra 97% carne Nuestra Alacena sobre 150 g,"1,99 €
(13,27 €/KILO)"
Charcutería y quesos,"Jamón cocido, lacón, fiambres y mortadela",Pechuga de pavo 90% carne Nuestra Alacena sobre 120 g,"2,19 €
(18,25 €/KILO)"
Charcutería y quesos,"Jamón cocido, lacón, fiambres y mortadela",Jamón cocido extra Elpozo 1954 sobre 150 g,"2,00 €
(13,33 €/KILO)"
Charcutería y quesos,"Jamón cocido, lacón, fiambres y mortadela",Mortadela Nuestra Alacena sobre 250 g,"1,25 €
(5,00 €/KILO)"
Charcutería y quesos,"Jamón cocido, lacón, fiambres y mortadela",Fiambre de pavo sándwich Elpozo bandeja 270 g,"2,00 €
(7,41 €/KILO)"
Charcutería y quesos,"Jamón cocido, lacón, fiambres y mortadela",Pechuga de pavo Campofrío Finissimas sobre 115 g,"1,99 €
(17,30 €/KILO)"
Charcutería y quesos,Jamón curado y paleta,Jamón serrano reserva Nuestra Alacena bandeja 200 g,"3,59 €
(17,95 €/KILO)"
Charcutería y quesos,Jamón curado y paleta,Mini taquitos de jamón Nuestra Alacena bandeja 2 x 75 g,"2,29 €
(15,27 €/KILO)"
Charcutería y quesos,Jamón curado y paleta,Paleta curada reserva Nuestra Alacena bandeja 200 g,"2,87 €
(14,36 €/KILO)"
Charcutería y quesos,Jamón curado y paleta,Paleta de cebo ibérica 50% Nuestra Alacena bandeja 100 g,"4,99 €
(49,90 €/KILO)"
Charcutería y quesos,Jamón curado y paleta,Jamón serrano reserva medias lonchas Nuestra Alacena bandeja 100 g,"1,85 €
(18,50 €/KILO)"
Charcutería y quesos,Jamón curado y paleta,Jamón de cebo ibérico 50% Nuestra Alacena bandeja 90 g,"4,89 €
(54,33 €/KILO)"
Charcutería y quesos,Jamón curado y paleta,Paleta curada reserva 50 % duroc Nuestra Alacena bandeja 110 g,"2,59 €
(23,55 €/KILO)"
Charcutería y quesos,Jamón curado y paleta,Jamón serrano reserva Nuestra Alacena bandeja 120 g,"2,69 €
(22,42 €/KILO)"
Charcutería y quesos,Jamón curado y paleta,Jamón curado Elpozo bandeja 2 x 90 g,"3,00 €
(16,67 €/KILO)"
Charcutería y quesos,Jamón curado y paleta,Jamón curado Navidul sobre 50 g,"1,10 €
(22,00 €/KILO)"
Charcutería y quesos,"Lomo, chorizo, fuet, salchichón",Fuet extra Nuestra Alacena bolsa 2 x 170 g,"3,59 €
(10,56 €/KILO)"
Charcutería y quesos,"Lomo, chorizo, fuet, salchichón",Chorizo extra dulce Nuestra Alacena bolsa 270 g,"2,49 €
(9,22 €/KILO)"
Charcutería y quesos,"Lomo, chorizo, fuet, salchichón",Chorizo extra Nuestra Alacena bandeja 2 x 100 g,"1,99 €
(9,95 €/KILO)"
Charcutería y quesos,"Lomo, chorizo, fuet, salchichón",Salchichón extra Nuestra Alacena bandeja 2 x 100 g,"1,99 €
(9,95 €/KILO)"
Charcutería y quesos,"Lomo, chorizo, fuet, salchichón",Chorizo extra picante Nuestra Alacena bolsa 270 g,"2,49 €
(9,22 €/KILO)"
Charcutería y quesos,"Lomo, chorizo, fuet, salchichón",Lomo embuchado Nuestra Alacena bandeja 2 x 70 g,"2,69 €
(19,21 €/KILO)"
Charcutería y quesos,"Lomo, chorizo, fuet, salchichón",Salami extra Nuestra Alacena bandeja 200 g,"1,75 €
(8,75 €/KILO)"
Charcutería y quesos,"Lomo, chorizo, fuet, salchichón",Espetec extra Casa Tarradellas bolsa 180 g,"2,49 €
(13,83 €/KILO)"
Charcutería y quesos,"Lomo, chorizo, fuet, salchichón",Chorizo de pamplona extra Nuestra Alacena bandeja 2 x 112.5 g,"2,09 €
(9,29 €/KILO)"
Charcutería y quesos,"Lomo, chorizo, fuet, salchichón",Espetec extra Nuestra Alacena bolsa 170 g,"2,19 €
(12,88 €/KILO)"
Charcutería y quesos,"Queso curado, semicurado y tierno",Queso especial pasta en polvo Dia Láctea bolsa 150 g,"1,35 €
(9,00 €/KILO)"
Charcutería y quesos,"Queso curado, semicurado y tierno",Queso mezcla 4 quesos rallado Dia Láctea bolsa 200 g,"1,83 €
(9,15 €/KILO)"
Charcutería y quesos,"Queso curado, semicurado y tierno",Queso mozzarella rallado Dia Láctea bolsa 200 g,"1,54 €
(7,70 €/KILO)"
Charcutería y quesos,"Queso curado, semicurado y tierno",Queso especial gratinar rallado Dia Láctea bolsa 200 g,"1,35 €
(6,75 €/KILO)"
Charcutería y quesos,"Queso curado, semicurado y tierno",Queso curado El cencerro 300 g,"3,45 €
(11,50 €/KILO)"
Charcutería y quesos,"Queso curado, semicurado y tierno",Rulo de queso de cabra Dia Lactea 140 g,"1,75 €
(12,50 €/KILO)"
Charcutería y quesos,"Queso curado, semicurado y tierno",Queso curado cortado El Cencerro 250 g,"2,76 €
(11,04 €/KILO)"
Charcutería y quesos,"Queso curado, semicurado y tierno",Dados de queso especial ensalada Dia Láctea bolsa 100 g,"0,99 €
(9,90 €/KILO)"
Charcutería y quesos,"Queso curado, semicurado y tierno",Queso semicurado El cencerro 300 g,"3,03 €
(10,10 €/KILO)"
Charcutería y quesos,"Queso curado, semicurado y tierno",Queso tierno El cencerro 300 g,"2,70 €
(9,00 €/KILO)"
Charcutería y quesos,Queso fresco,Queso fresco natural Dia Láctea tarrina 2 x 250 g,"1,89 €
(3,78 €/KILO)"
Charcutería y quesos,Queso fresco,Queso mozzarella fresca Dia Láctea bolsa 125 g,"0,99 €
(7,92 €/KILO)"
Charcutería y quesos,Queso fresco,Queso fresco natural Dia Láctea tarrina 4 x 62.5 g,"1,09 €
(4,36 €/KILO)"
Charcutería y quesos,Queso fresco,Queso burrata Selección Mundial tarrina 150 g,"2,39 €
(15,93 €/KILO)"
Charcutería y quesos,Queso fresco,Queso fresco de vaca El cencerro tarrina 250 g,"1,65 €
(6,60 €/KILO)"
Charcutería y quesos,Queso fresco,Queso fresco natural Burgo de Arias tarrina 3 x 72 g,"2,25 €
(10,42 €/KILO)"
Charcutería y quesos,Queso fresco,Queso fresco 0% m.g Dia Láctea tarrina 4 x 62.5 g,"1,09 €
(4,36 €/KILO)"
Charcutería y quesos,Queso fresco,Queso fresco de cabra El cencerro tarrina 250 g,"2,77 €
(11,08 €/KILO)"
Charcutería y quesos,Queso fresco,Queso feta D.O.P. Selección Mundial bolsa 150 g,"2,35 €
(15,67 €/KILO)"
Charcutería y quesos,Queso fresco,Queso fresco artesano Vega e Hijos tarrina 250 g,"2,78 €
(11,12 €/KILO)"
Charcutería y quesos,Queso azul y roquefort,Queso roquefort Selección Mundial bandeja 100 g,"1,75 €
(17,50 €/KILO)"
Charcutería y quesos,Queso azul y roquefort,Queso azul El cencerro bandeja 150 g,"1,40 €
(9,33 €/KILO)"
Charcutería y quesos,Queso azul y roquefort,Queso gorgonzola D.O.P. Selección Mundial bandeja 200 g,"2,37 €
(11,85 €/KILO)"
Charcutería y quesos,Quesos fundidos y cremas,Queso de untar original Cremette tarrina 200 g,"1,72 €
(8,60 €/KILO)"
Charcutería y quesos,Quesos fundidos y cremas,Queso fundido en porciones Dia Láctea caja 375 g,"2,15 €
(5,73 €/KILO)"
Charcutería y quesos,Quesos fundidos y cremas,Crema con queso camembert Dia Láctea tarrina 125 g,"1,35 €
(10,80 €/KILO)"
Charcutería y quesos,Quesos fundidos y cremas,Queso de untar original Philadelphia tarrina 250 g,"2,68 €
(10,72 €/KILO)"
Charcutería y quesos,Quesos fundidos y cremas,Queso fundido light en porciones Dia Láctea caja 250 g,"1,55 €
(6,20 €/KILO)"
Charcutería y quesos,Quesos fundidos y cremas,Crema con queso semicurado Dia Láctea tarrina 125 g,"1,35 €
(10,80 €/KILO)"
Charcutería y quesos,Quesos fundidos y cremas,Queso de untar light Cremette tarrina 200 g,"1,72 €
(8,60 €/KILO)"
Charcutería y quesos,Quesos fundidos y cremas,Crema con queso de cabra Dia Láctea tarrina 125 g,"1,35 €
(10,80 €/KILO)"
Charcutería y quesos,Quesos fundidos y cremas,Mini queso tierno Babybel malla 120 g,"2,74 €
(22,83 €/KILO)"
Charcutería y quesos,Quesos fundidos y cremas,Queso fundido original en porciones La vaca que ríe caja 250 g,"2,78 €
(11,12 €/KILO)"
Charcutería y quesos,Quesos internacionales,Queso brie Selección Mundial 200 g,"1,69 €
(8,45 €/KILO)"
Charcutería y quesos,Quesos internacionales,Queso provolone con orégano Selección Mundial bolsa 150 g,"1,99 €
(13,27 €/KILO)"
Charcutería y quesos,Quesos internacionales,Queso curado italiano Selección Mundial bandeja 200 g,"2,79 €
(13,95 €/KILO)"
Charcutería y quesos,Quesos internacionales,Queso emmental Selección Mundial bolsa 250 g,"2,03 €
(8,12 €/KILO)"
Charcutería y quesos,Quesos internacionales,Queso gouda Selección Mundial bandeja 400 g,"3,19 €
(7,98 €/KILO)"
Charcutería y quesos,Quesos internacionales,Queso parmigiano reggiano D.O.P. Selección Mundial bandeja 150 g,"3,45 €
(23,00 €/KILO)"
Charcutería y quesos,Quesos internacionales,Queso camembert Selección Mundial tarrina 250 g,"1,99 €
(7,96 €/KILO)"
Charcutería y quesos,Quesos internacionales,Queso cheddar extra mature Selección Mundial bolsa 200 g,"2,19 €
(10,95 €/KILO)"
Charcutería y quesos,Quesos internacionales,Queso Gruyére Selección Mundial bolsa 200 g,"2,49 €
(12,45 €/KILO)"
Charcutería y quesos,Quesos internacionales,Queso de untar blanco con piña Castello tarrina 125 g,"2,29 €
(18,32 €/KILO)"
Charcutería y quesos,Salchichas,Salchichas cocidas frankfurt Funky Frank bolsa 4 x 160 g,"1,85 €
(2,89 €/KILO)"
Charcutería y quesos,Salchichas,Salchichas cocidas frankfurt con queso Funky Frank bolsa 4 x 140 g,"1,99 €
(3,55 €/KILO)"
Charcutería y quesos,Salchichas,Salchichas cocidas súper Funky Frank bolsa 350 g,"1,79 €
(5,11 €/KILO)"
Charcutería y quesos,Salchichas,Salchichas cocidas Viena con queso Funky Frank bolsa 3 x 200 g,"2,19 €
(3,65 €/KILO)"
Charcutería y quesos,Salchichas,Salchichas cocidas Viena de pollo Funky Frank bolsa 3 x 200 g,"2,15 €
(3,58 €/KILO)"
Charcutería y quesos,Salchichas,Salchichas cocidas frankfurt Campofrío bolsa 4 x 140 g,"2,25 €
(4,02 €/KILO)"
Charcutería y quesos,Salchichas,Salchichas hot dog Elpozo King bolsa 275 g,"1,50 €
(5,45 €/KILO)"
Charcutería y quesos,Salchichas,Salchichas cocidas wieners Oscar mayer bolsa 200 g,"1,33 €
(6,65 €/KILO)"
Charcutería y quesos,Salchichas,Salchichas cocidas wieners con queso Oscar mayer bolsa 200 g,"1,39 €
(6,95 €/KILO)"
Charcutería y quesos,Salchichas,Salchichas frankfurt Elpozo bolsa 3 x 160 g,"2,00 €
(4,17 €/KILO)"
Charcutería y quesos,"Foie, paté y sobrasada",Paté de atún Nuestra Alacena pack 2 x 75 g,"1,60 €
(10,67 €/KILO)"
Charcutería y quesos,"Foie, paté y sobrasada",Paté de cerdo intenso Nuestra Alacena pack 3 x 75 g,"1,75 €
(7,78 €/KILO)"
Charcutería y quesos,"Foie, paté y sobrasada",Paté a la pimienta Nuestra Alacena frasco 125 g,"1,09 €
(8,72 €/KILO)"
Charcutería y quesos,"Foie, paté y sobrasada",Paté a las finas hierbas Nuestra Alacena frasco 125 g,"1,09 €
(8,72 €/KILO)"
Charcutería y quesos,"Foie, paté y sobrasada",Paté de salmón Nuestra Alacena frasco 110 g,"1,45 €
(13,18 €/KILO)"
Charcutería y quesos,"Foie, paté y sobrasada",Mousse de foie de pato Aoste blister 100 g,"1,99 €
(19,90 €/KILO)"
Charcutería y quesos,"Foie, paté y sobrasada",Paté de hígado de cerdo suave Nuestra Alacena pack 2 x 75 g,"1,29 €
(8,60 €/KILO)"
Charcutería y quesos,"Foie, paté y sobrasada",Paté de hígado de cerdo Mina lata 3 x 80 g,"2,19 €
(9,13 €/KILO)"
Charcutería y quesos,"Foie, paté y sobrasada",Paté La piara Tapa Negra lata 3 x 75 g,"3,95 €
(17,56 €/KILO)"
Charcutería y quesos,"Foie, paté y sobrasada",Paté de campaña Nuestra Alacena frasco 125 g,"1,09 €
(8,72 €/KILO)"
Carnicería,Pollo,Filetes de pechuga de pollo Selección de Dia bandeja 450 g aprox.,"3,51 €
(7,79 €/KILO)"
Carnicería,Pollo,Jamoncitos de pollo familiar Selección de Dia bandeja 800 g aprox.,"3,35 €
(4,19 €/KILO)"
Carnicería,Pollo,Longaniza de pollo Selección de Dia bandeja 400 g,"2,99 €
(7,48 €/KILO)"
Carnicería,Pollo,Pechuga de pollo entera formato familiar Selección de Dia bandeja 1 Kg aprox.,"6,99 €
(6,99 €/KILO)"
Carnicería,Pollo,Alas partidas de pollo Selección de Dia bandeja 600 g aprox.,"3,29 €
(5,49 €/KILO)"
Carnicería,Pollo,Cuartos traseros de pollo Selección de Dia bandeja 650 g aprox.,"2,27 €
(3,49 €/KILO)"
Carnicería,Pollo,Albóndigas de pollo Selección de Dia bandeja 420 g,"3,79 €
(9,02 €/KILO)"
Carnicería,Pollo,Filetes de pechuga de pollo corte fino Selección de Dia bandeja 450 g aprox.,"4,05 €
(8,99 €/KILO)"
Carnicería,Pollo,Pechugas enteras de pollo Selección de Dia bandeja 500 g aprox.,"2,95 €
(5,89 €/KILO)"
Carnicería,Pollo,Pollo entero limpio Selección de Dia bandeja 1.9 Kg aprox.,"6,37 €
(3,35 €/KILO)"
Carnicería,Vacuno,Ternera en tacos añojo Selección de Dia bandeja 450 g aprox.,"5,53 €
(12,29 €/KILO)"
Carnicería,Vacuno,Escalopines de ternera Selección de Dia bandeja 350 g aprox.,"5,25 €
(14,99 €/KILO)"
Carnicería,Vacuno,Filete 1ºa de ternera Selección de Dia bandeja 400 g aprox.,"6,00 €
(14,99 €/KILO)"
Carnicería,Vacuno,Entrecot de lomo bajo de vacuno Selección de Dia bandeja 420 g aprox.,"8,40 €
(19,99 €/KILO)"
Carnicería,Vacuno,Escalopín de vacuno extratierno Elpozo Extratiernos bandeja 600 g aprox.,"8,99 €
(14,99 €/KILO)"
Carnicería,Vacuno,Medallón de cadera vacuno Selección de Dia bandeja 235 g aprox.,"3,99 €
(16,99 €/KILO)"
Carnicería,Vacuno,Carpaccio de vacuno marinado con queso Selección de Dia bandeja 110 g,"3,89 €
(35,36 €/KILO)"
Carnicería,Vacuno,Filete de vacuno marinado empanado Selección de Dia bandeja 500 g aprox.,"7,50 €
(14,99 €/KILO)"
Carnicería,Cerdo,Filete de cinta de lomo tierno Selección de Dia bandeja 300 g,"2,69 €
(8,97 €/KILO)"
Carnicería,Cerdo,Estofado de cerdo Selección de Dia bandeja 500 g aprox.,"3,20 €
(6,39 €/KILO)"
Carnicería,Cerdo,Solomillo de cerdo Selección de Dia bolsa 450 g aprox.,"4,05 €
(8,99 €/KILO)"
Carnicería,Cerdo,Longaniza sin tripa Selección de Dia bandeja 325 g,"1,99 €
(6,12 €/KILO)"
Carnicería,Cerdo,Escalopín de lomo de cerdo marinado Elpozo Extratiernos bandeja 600 g aprox.,"4,99 €
(8,32 €/KILO)"
Carnicería,Cerdo,Arreglo para caldo Selección de Dia bandeja 1 Kg aprox.,"5,29 €
(5,29 €/KILO)"
Carnicería,Cerdo,Albóndigas de cerdo Selección de Dia bandeja 400 g,"2,49 €
(6,23 €/KILO)"
Carnicería,Cerdo,Chorizo oreado Selección de Dia bandeja 300 g,"2,29 €
(7,63 €/KILO)"
Carnicería,Cerdo,Chuleta de aguja de cerdo Selección de Dia bandeja 600 g aprox.,"4,13 €
(6,89 €/KILO)"
Carnicería,Cerdo,Secreto de cerdo Selección de Dia bolsa 550 g aprox.,"3,84 €
(6,99 €/KILO)"
Carnicería,Pavo,Solomillo de pavo Selección de Dia bandeja 345 g aprox.,"2,76 €
(7,99 €/KILO)"
Carnicería,Pavo,Filetes de pechuga de pavo Selección de Dia bandeja 575 g aprox.,"5,17 €
(8,99 €/KILO)"
Carnicería,Pavo,Chuletas de pavo al ajillo Selección de Dia bandeja 550 g aprox.,"3,29 €
(5,99 €/KILO)"
Carnicería,Pavo,Pechuga de pavo adobada Serrano bandeja 240 g,"2,59 €
(10,79 €/KILO)"
Carnicería,Pavo,Filete de pavo al pimentón Selección de Dia bandeja 575 g aprox.,"5,17 €
(8,99 €/KILO)"
Carnicería,Pavo,Chuleta de contramuslo de pavo Selección de Dia bandeja 550 g aprox.,"4,28 €
(7,79 €/KILO)"
Carnicería,Pavo,Fiambre de lomo de pavo Serrano bandeja 240 g,"2,49 €
(10,38 €/KILO)"
Carnicería,Conejo,Medio conejo troceado Selección de Dia bandeja 650 g aprox.,"6,08 €
(9,35 €/KILO)"
Carnicería,Hamburguesas y carne picada,Preparado de carne picada de cerdo y vacuno Selección de Dia bandeja 500 g,"3,99 €
(7,98 €/KILO)"
Carnicería,Hamburguesas y carne picada,Hamburguesas de pollo Selección de Dia bandeja 540 g,"3,99 €
(7,39 €/KILO)"
Carnicería,Hamburguesas y carne picada,Preparado de carne picada de pavo y pollo Selección de Dia bandeja 365 g,"2,29 €
(6,27 €/KILO)"
Carnicería,Hamburguesas y carne picada,Preparado de carne picada de vacuno Selección de Dia bandeja 500 g,"4,39 €
(8,78 €/KILO)"
Carnicería,Hamburguesas y carne picada,Hamburguesas crispy chicken 2 unidades Selección de Dia bandeja 240 g,"2,15 €
(8,96 €/KILO)"
Carnicería,Hamburguesas y carne picada,Hamburguesas de vacuno Selección de Dia bandeja 540 g,"4,89 €
(9,06 €/KILO)"
Carnicería,Hamburguesas y carne picada,Preparado de carne picada de cerdo Selección de Dia bandeja 500 g,"3,09 €
(6,18 €/KILO)"
Carnicería,Hamburguesas y carne picada,Hamburguesas de cerdo y vacuno Selección de Dia bandeja 540 g,"4,19 €
(7,76 €/KILO)"
Carnicería,Hamburguesas y carne picada,Preparado de carne picada de vacuno y cerdo Selección de Dia bandeja 900 g,"6,39 €
(7,10 €/KILO)"
Carnicería,Hamburguesas y carne picada,Hamburguesa big new york Selección de Dia bandeja 340 g,"3,99 €
(11,74 €/KILO)"
"Pescados, mariscos y ahumados",Pescados,Escalopines de salmón Selección de Dia bandeja 350g aprox.,"8,91 €
(25,45 €/KILO)"
"Pescados, mariscos y ahumados",Pescados,Filete de dorada Selección de Dia bandeja 240 g aprox.,"5,27 €
(21,95 €/KILO)"
"Pescados, mariscos y ahumados",Pescados,Filete de salmón Selección de Dia bandeja 365 g aprox.,"8,56 €
(23,45 €/KILO)"
"Pescados, mariscos y ahumados",Pescados,Sepia Selección de Dia bandeja 320 g aprox.,"4,99 €
(15,60 €/KILO)"
"Pescados, mariscos y ahumados",Pescados,Filete de bacalao Selección de Dia bandeja 350 g aprox.,"5,25 €
(14,99 €/KILO)"
"Pescados, mariscos y ahumados",Pescados,Buñuelos de bacalao Freskibo bandeja 225 g,"2,99 €
(13,29 €/KILO)"
"Pescados, mariscos y ahumados",Pescados,Lomo de atún Terra nova bandeja 250 g aprox.,"6,24 €
(24,95 €/KILO)"
"Pescados, mariscos y ahumados",Mariscos,Langostino cocido Selección de Dia bandeja 400 g,"4,49 €
(11,23 €/KILO)"
"Pescados, mariscos y ahumados",Mariscos,Taquitos de mar cocidos Mari Marinera bolsa 125 g,"1,99 €
(15,92 €/KILO)"
"Pescados, mariscos y ahumados",Mariscos,Pata de pulpo cocido Mari Marinera bandeja 250 g,"9,95 €
(39,80 €/KILO)"
"Pescados, mariscos y ahumados",Mariscos,Mejillones cocidos en su jugo Aguinamar bolsa 1 Kg,"4,99 €
(4,99 €/KILO)"
"Pescados, mariscos y ahumados",Mariscos,Potón cocido en rodajas Mari Marinera bolsa 200 g,"3,99 €
(19,95 €/KILO)"
"Pescados, mariscos y ahumados",Mariscos,Mejillones en salsa de tomate Aguinamar bandeja 500 g,"3,99 €
(7,98 €/KILO)"
"Pescados, mariscos y ahumados","Ahumados, salazones y preparados",Salmón ahumado Selección Mundial sobre 200 g,"7,49 €
(37,45 €/KILO)"
"Pescados, mariscos y ahumados","Ahumados, salazones y preparados",Salmón ahumado Selección Mundial sobre 100 g,"3,80 €
(38,00 €/KILO)"
"Pescados, mariscos y ahumados","Ahumados, salazones y preparados",Boquerones al vinagre MSC Mari Marinera bandeja 80 g,"2,39 €
(29,88 €/KILO)"
"Pescados, mariscos y ahumados","Ahumados, salazones y preparados",Trucha ahumada Mari Marinera bandeja 100 g,"3,69 €
(36,90 €/KILO)"
"Pescados, mariscos y ahumados","Ahumados, salazones y preparados",Filetes de anchoa del Cantábrico en aceite de girasol Mari Marinera pack 3 x 25 g,"2,69 €
(35,87 €/KILO)"
"Pescados, mariscos y ahumados","Ahumados, salazones y preparados",Anchoa del Cantábrico en aceite de oliva Mari Marinera pack 3 x 25 g,"3,29 €
(43,87 €/KILO)"
"Pescados, mariscos y ahumados","Ahumados, salazones y preparados",Boquerón al vinagre con ajo y perejil MSC Mari Marinera bandeja 80 g,"2,39 €
(29,88 €/KILO)"
"Pescados, mariscos y ahumados","Ahumados, salazones y preparados",Filetes de anchoa en aceite de oliva Consorcio lata 23 g,"2,79 €
(121,30 €/KILO)"
"Pescados, mariscos y ahumados","Ahumados, salazones y preparados",Bacalao desmigado desalado MSC Mari Marinera bandeja 250 g,"4,79 €
(19,16 €/KILO)"
"Pescados, mariscos y ahumados","Ahumados, salazones y preparados",Filetes de anchoa en aceite de oliva reducido sal Mari Marinera lata 29 g,"1,79 €
(61,72 €/KILO)"
"Pescados, mariscos y ahumados",Gulas y surimi,Palitos de surimi refrigeradas MSC Mari Marinera bolsa 300 g,"1,89 €
(6,30 €/KILO)"
"Pescados, mariscos y ahumados",Gulas y surimi,Gulas clásicas refrigeradas MSC Mari Marinera bandeja 200 g,"2,79 €
(13,95 €/KILO)"
"Pescados, mariscos y ahumados",Gulas y surimi,Gulas con gambas Mari Marinera bandeja 200 g,"2,89 €
(14,45 €/KILO)"
"Pescados, mariscos y ahumados",Gulas y surimi,Gula del norte refrigeradas La gula del Norte bandeja 180 g,"5,99 €
(33,28 €/KILO)"
"Pescados, mariscos y ahumados",Gulas y surimi,Palitos de surimi Krissia bolsa 180 g,"2,99 €
(16,61 €/KILO)"
"Pescados, mariscos y ahumados",Gulas y surimi,Del norte al ajillo La gula del Norte bolsa 130 g,"3,99 €
(30,69 €/KILO)"
"Pescados, mariscos y ahumados",Gulas y surimi,Pintxo a la Donostiarra con Krissia Aguinamar tarrina 180 g,"3,39 €
(18,83 €/KILO)"
Verduras,"Ajos, cebollas y puerros",Cebolla malla 750 g,"1,79 €
(2,39 €/KILO)"
Verduras,"Ajos, cebollas y puerros",Ajos malla 250 g,"1,59 €
(6,36 €/KILO)"
Verduras,"Ajos, cebollas y puerros",Cebolla malla 1.5 Kg,"2,89 €
(1,93 €/KILO)"
Verduras,"Ajos, cebollas y puerros",Puerro 250 g,"0,89 €
(3,56 €/KILO)"
Verduras,"Ajos, cebollas y puerros",Cebolla tierna manojo 350 g,"1,29 €
(3,69 €/KILO)"
Verduras,"Ajos, cebollas y puerros",Puerros bandeja 500 g,"2,39 €
(4,78 €/KILO)"
Verduras,"Ajos, cebollas y puerros",Cebolla morada malla 500 g,"1,39 €
(2,78 €/KILO)"
Verduras,"Ajos, cebollas y puerros",Cebolla dulce granel 1 Kg aprox.,"2,49 €
(2,49 €/KILO)"
Verduras,"Ajos, cebollas y puerros",Ajo morado malla 400 g,"1,99 €
(4,98 €/KILO)"
Verduras,"Ajos, cebollas y puerros",Cebolla dulce malla 1 Kg,"2,49 €
(2,49 €/KILO)"
Verduras,"Tomates, pimientos y pepinos",Tomate en rama granel 500 g aprox.,"0,90 €
(1,79 €/KILO)"
Verduras,"Tomates, pimientos y pepinos",Pimiento verde granel 300 g aprox.,"0,72 €
(2,39 €/KILO)"
Verduras,"Tomates, pimientos y pepinos",Pimiento rojo unidad aprox. 390 g aprox.,"1,09 €
(2,79 €/KILO)"
Verduras,"Tomates, pimientos y pepinos",Pimientos tricolor bolsa 500 g,"1,79 €
(3,58 €/KILO)"
Verduras,"Tomates, pimientos y pepinos",Tomate cherry bandeja 400 g,"1,59 €
(3,98 €/KILO)"
Verduras,"Tomates, pimientos y pepinos",Tomate canario malla 750 g,"1,49 €
(1,99 €/KILO)"
Verduras,"Tomates, pimientos y pepinos",Pepino granel 1 Kg aprox.,"1,99 €
(1,99 €/KILO)"
Verduras,"Tomates, pimientos y pepinos",Tomate cherry pera bandeja 250 g,"0,99 €
(3,96 €/KILO)"
Verduras,"Tomates, pimientos y pepinos",Tomate ensalada granel 500 g aprox.,"1,15 €
(2,29 €/KILO)"
Verduras,"Tomates, pimientos y pepinos",Tomate pera granel 500 g aprox.,"1,00 €
(1,99 €/KILO)"
Verduras,"Calabacín, calabaza y berenjena",Calabacín unidad aprox. 475 g,"0,95 €
(1,99 €/KILO)"
Verduras,"Calabacín, calabaza y berenjena",Berenjena granel 800 g aprox.,"1,51 €
(1,89 €/KILO)"
Verduras,"Calabacín, calabaza y berenjena",Calabaza a dados bolsa 500 g,"1,89 €
(3,78 €/KILO)"
Verduras,"Calabacín, calabaza y berenjena",Calabaza unidad aprox. 1.6 Kg,"3,02 €
(1,89 €/KILO)"
Verduras,"Calabacín, calabaza y berenjena",Calabacín bio 500 g,"1,79 €
(3,58 €/KILO)"
Verduras,"Judías, brócolis y coliflores",Brócoli bolsa 500 g,"1,29 €
(2,58 €/KILO)"
Verduras,"Judías, brócolis y coliflores",Judía verde bolsa 500 g,"1,99 €
(3,98 €/KILO)"
Verduras,"Judías, brócolis y coliflores",Coliflor unidad aprox. 2 Kg aprox.,"3,98 €
(1,99 €/KILO)"
Verduras,"Judías, brócolis y coliflores",Repollo liso unidad aprox. 2 Kg aprox.,"2,78 €
(1,39 €/KILO)"
Verduras,"Lechuga, escarolas y endivias",Lechuga iceberg 1 unidad,"1,15 €
(1,15 €/UNIDAD)"
Verduras,"Lechuga, escarolas y endivias",Cogollos bandeja 3 unidades,"1,25 €
(0,42 €/UNIDAD)"
Verduras,"Lechuga, escarolas y endivias",Corazones de lechuga romana bandeja 2 unidades,"1,69 €
(0,85 €/UNIDAD)"
Verduras,"Lechuga, escarolas y endivias",Corazones de cogollos bandeja 6 unidades,"1,99 €
(0,33 €/UNIDAD)"
Verduras,"Lechuga, escarolas y endivias",Endivias bandeja 350 g,"1,29 €
(3,69 €/KILO)"
Verduras,Patatas y zanahorias,Zanahoria bolsa 1 Kg,"1,19 €
(1,19 €/KILO)"
Verduras,Patatas y zanahorias,Patata malla 4 Kg,"3,69 €
(0,92 €/KILO)"
Verduras,Patatas y zanahorias,Patatas granel 1 Kg aprox.,"1,79 €
(1,79 €/KILO)"
Verduras,Patatas y zanahorias,Patata cocer malla 2 Kg,"2,99 €
(1,50 €/KILO)"
Verduras,Patatas y zanahorias,Patata de guarnición malla 1 Kg,"1,49 €
(1,49 €/KILO)"
Verduras,Patatas y zanahorias,Patata especial para freir malla 2 Kg,"3,75 €
(1,88 €/KILO)"
Verduras,Patatas y zanahorias,Patata nueva malla 1.5 Kg,"2,89 €
(1,93 €/KILO)"
Verduras,Setas y champiñones,Champiñón entero bandeja 250 g,"1,29 €
(5,16 €/KILO)"
Verduras,Setas y champiñones,Champiñón laminado bandeja 250 g,"1,59 €
(6,36 €/KILO)"
Verduras,Setas y champiñones,Seta ostra bandeja 200 g,"1,39 €
(6,95 €/KILO)"
Verduras,Setas y champiñones,Champiñón portobello bandeja 250 g,"1,69 €
(6,76 €/KILO)"
Verduras,Setas y champiñones,Champiñón grande bandeja 430 g,"2,25 €
(5,23 €/KILO)"
Verduras,Verduras y ensaladas preparadas,Surtido vegetal bandeja 1 Kg aprox.,"1,99 €
(1,99 €/KILO)"
Verduras,Verduras y ensaladas preparadas,Espinacas Vegecampo bolsa 300 g,"1,29 €
(4,30 €/KILO)"
Verduras,Verduras y ensaladas preparadas,Ensalada gourmet Vegecampo bolsa 175 g,"1,09 €
(6,23 €/KILO)"
Verduras,Verduras y ensaladas preparadas,Canónigos Vegecampo bolsa 100 g,"1,19 €
(11,90 €/KILO)"
Verduras,Verduras y ensaladas preparadas,Ensalada 4 estaciones Vegecampo bolsa 250 g,"0,79 €
(3,16 €/KILO)"
Verduras,Verduras y ensaladas preparadas,Lechuga iceberg lavada Vegecampo bolsa 250 g,"0,89 €
(3,56 €/KILO)"
Verduras,Verduras y ensaladas preparadas,Dúo canónigos y rúcula Vegecampo bolsa 100 g,"1,39 €
(13,90 €/KILO)"
Verduras,Verduras y ensaladas preparadas,Verduras para microondas 3 ingredientes Vegecampo bolsa 300 g,"1,69 €
(5,63 €/KILO)"
Verduras,Verduras y ensaladas preparadas,Tomate rallado natural La gergaleña tarrina 200 g,"1,39 €
(6,95 €/KILO)"
Verduras,Verduras y ensaladas preparadas,Rúcula Vegecampo bolsa 50 g,"0,79 €
(15,80 €/KILO)"
Verduras,Otras verduras,Espárrago verde fino manojo aprox. 250 g,"2,59 €
(10,36 €/KILO)"
Verduras,Otras verduras,Apio bolsa 500 g,"0,99 €
(1,98 €/KILO)"
Verduras,Otras verduras,Perejil manojo 50 g,"0,99 €
(19,80 €/KILO)"
Verduras,Otras verduras,Cilantro bandeja 20 g,"1,19 €
(59,50 €/KILO)"
Verduras,Otras verduras,Espárrago verde grueso manojo aprox. 250 g,"2,99 €
(11,96 €/KILO)"
Verduras,Otras verduras,Acelga bolsa 750 g,"1,50 €
(2,00 €/KILO)"
Verduras,Otras verduras,Repollo rizado unidad aprox. 1 Kg,"1,49 €
(1,49 €/KILO)"
Verduras,Otras verduras,Hierbabuena Sun&Vegs bolsa 70 g,"1,19 €
(17,00 €/KILO)"
Verduras,Otras verduras,Jengibre bio bandeja 200 g,"1,79 €
(8,95 €/KILO)"
Verduras,Otras verduras,Lombarda bolsa 2 Kg aprox.,"2,98 €
(1,49 €/KILO)"
Frutas,Manzanas,Manzana golden bolsa 1 Kg,"1,49 €
(1,49 €/KILO)"
Frutas,Manzanas,Manzana roja bolsa 1 Kg,"1,99 €
(1,99 €/KILO)"
Frutas,Manzanas,Manzana pink lady bandeja 550 g,"1,99 €
(3,62 €/KILO)"
Frutas,Manzanas,Manzana golden granel 1 Kg aprox.,"2,19 €
(2,19 €/KILO)"
Frutas,Manzanas,Manzana fuji bolsa 1 Kg,"2,69 €
(2,69 €/KILO)"
Frutas,Manzanas,Manzana granny granel 800 g aprox.,"1,75 €
(2,19 €/KILO)"
Frutas,Manzanas,Manzana roja selección granel 1 Kg aprox.,"2,69 €
(2,69 €/KILO)"
Frutas,Manzanas,Manzana reineta granel 1 Kg aprox.,"2,69 €
(2,69 €/KILO)"
Frutas,Platanos,Banana granel 500 g aprox.,"0,75 €
(1,49 €/KILO)"
Frutas,Platanos,Plátano de canarias bolsa 1.2 Kg aprox.,"2,39 €
(1,99 €/KILO)"
Frutas,Platanos,Plátano de Canarias El afortunado 900 g aprox.,"2,24 €
(2,49 €/KILO)"
Frutas,Platanos,Plátano bio bolsa 1 Kg aprox.,"2,99 €
(2,99 €/KILO)"
Frutas,Platanos,Banana bio bolsa 1 Kg aprox.,"2,49 €
(2,49 €/KILO)"
Frutas,Platanos,Plátano macho para freír granel 1 Kg aprox.,"2,89 €
(2,89 €/KILO)"
Frutas,Peras,Pera conferencia bandeja 1 Kg,"2,19 €
(2,19 €/KILO)"
Frutas,Peras,Pera Rincón de Soto D.O.P. granel 800 g aprox.,"2,23 €
(2,79 €/KILO)"
Frutas,Naranjas y mandarinas,Mandarina malla 1 Kg,"1,49 €
(1,49 €/KILO)"
Frutas,Naranjas y mandarinas,Naranja especial para zumo malla 4 Kg,"5,59 €
(1,40 €/KILO)"
Frutas,Naranjas y mandarinas,Naranjas de mesa malla 2 Kg,"2,99 €
(1,50 €/KILO)"
Frutas,Naranjas y mandarinas,Mandarina granel 500 g aprox.,"1,20 €
(2,39 €/KILO)"
Frutas,Naranjas y mandarinas,Mandarina selección bandeja 750 g,"1,89 €
(2,52 €/KILO)"
Frutas,Naranjas y mandarinas,Mandarina Torres Selección malla 750 g,"2,49 €
(3,32 €/KILO)"
Frutas,Naranjas y mandarinas,Naranja selección granel 1 Kg aprox.,"2,49 €
(2,49 €/KILO)"
Frutas,Naranjas y mandarinas,Zumo de naranja recién exprimido botella 1 l,"3,49 €
(3,49 €/LITRO)"
Frutas,Naranjas y mandarinas,Zumo de naranja recién exprimido botella 500 ml,"2,99 €
(5,98 €/LITRO)"
Frutas,Naranjas y mandarinas,Zumo de naranja recién exprimido botella 250 ml,"1,99 €
(7,96 €/LITRO)"
Frutas,Uvas,Uva blanca sin semilla bandeja 500 g,"2,99 €
(5,98 €/KILO)"
Frutas,Uvas,Uva roja sin semilla bandeja 500 g,"2,99 €
(5,98 €/KILO)"
Frutas,Limones y pomelos,Limones malla 750 g,"1,29 €
(1,72 €/KILO)"
Frutas,Limones y pomelos,Limón granel 1 Kg aprox.,"1,89 €
(1,89 €/KILO)"
Frutas,Limones y pomelos,Limón bio malla 500 g,"0,99 €
(1,98 €/KILO)"
Frutas,Frutas del bosque,Arándano vaso 170 g,"2,79 €
(16,41 €/KILO)"
Frutas,Frutas del bosque,Frambuesas bandeja 125 g,"1,99 €
(15,92 €/KILO)"
Frutas,Frutas del bosque,Arándano bandeja 300 g,"4,99 €
(16,63 €/KILO)"
Frutas,Frutas tropicales,Aguacate bandeja 450 g,"2,29 €
(5,09 €/KILO)"
Frutas,Frutas tropicales,Kiwi bandeja 700 g,"2,29 €
(3,27 €/KILO)"
Frutas,Frutas tropicales,Aguacate granel 750 g aprox.,"3,97 €
(5,29 €/KILO)"
Frutas,Frutas tropicales,Mango bandeja 650 g,"2,59 €
(3,98 €/KILO)"
Frutas,Frutas tropicales,Guacamole Al Punto tarrina 200 g,"1,69 €
(8,45 €/KILO)"
Frutas,Frutas tropicales,Coco troceado bio bolsa 56 g,"0,95 €
(16,96 €/KILO)"
Frutas,Frutas tropicales,Kiwi Zespri bandeja 500 g,"2,99 €
(5,98 €/KILO)"
Frutas,Frutas tropicales,Piña gold premium unidad aprox. 2 Kg,"4,38 €
(2,19 €/KILO)"
Frutas,Frutas tropicales,Pulpa aguacate Al Punto tarrina 125 g,"1,45 €
(11,60 €/KILO)"
Frutas,Frutas tropicales,Kiwi selección 1 unidad,"0,49 €
(0,49 €/UNIDAD)"
Frutas,Frutas de temporada,Fresón bandeja 500 g,"1,99 €
(3,98 €/KILO)"
Frutas,Frutas de temporada,Fresón bandeja 1 Kg,"3,89 €
(3,89 €/KILO)"
Frutas,Frutas de temporada,Melón piel de sapo unidad aprox. 2 Kg,"3,98 €
(1,99 €/KILO)"
Frutas,Frutas de temporada,Medio melón piel de sapo unidad aprox. 1.5 Kg,"3,29 €
(2,19 €/KILO)"
Frutas,Frutas de temporada,Melón selección unidad aprox. 3 Kg,"7,47 €
(2,49 €/KILO)"
Frutas,Frutas de temporada,Melón bollo unidad aprox. 3 Kg,"8,07 €
(2,69 €/KILO)"
Frutas,Frutas de temporada,Sandía selección unidad aprox. 5 Kg,"9,95 €
(1,99 €/KILO)"
Frutas,Frutas deshidratadas,Pasas sultanas sin pepitas Naturmundo bolsa 200 g,"1,08 €
(5,40 €/KILO)"
Frutas,Frutas deshidratadas,Arándanos rojos deshidratados Naturmundo bolsa 150 g,"1,80 €
(12,00 €/KILO)"
Frutas,Frutas deshidratadas,Ciruelas sin hueso Naturmundo bolsa 200 g,"1,68 €
(8,40 €/KILO)"
Frutas,Frutas deshidratadas,Dátiles sin hueso Naturmundo bolsa 250 g,"1,57 €
(6,28 €/KILO)"
Frutas,Frutas deshidratadas,Orejón albaricoque dia naturmundo Naturmundo bolsa 200 g,"2,60 €
(13,00 €/KILO)"
Frutas,Frutas deshidratadas,Dátiles Frit ravich bandeja 500 g,"3,20 €
(6,40 €/KILO)"
"Leche, huevos y mantequilla",Leche,Leche entera Dia Láctea brik 6 x 1 l,"5,46 €
(0,91 €/LITRO)"
"Leche, huevos y mantequilla",Leche,Leche semidesnatada Dia Láctea brik 6 x 1 l,"5,22 €
(0,87 €/LITRO)"
"Leche, huevos y mantequilla",Leche,Leche desnatada Dia Láctea brik 6 x 1 l,"5,10 €
(0,85 €/LITRO)"
"Leche, huevos y mantequilla",Leche,Leche entera Central Lechera Asturiana brik 6 x 1 l,"6,84 €
(1,14 €/LITRO)"
"Leche, huevos y mantequilla",Leche,Leche semidesnatada Central Lechera Asturiana brik 6 x 1 l,"6,84 €
(1,14 €/LITRO)"
"Leche, huevos y mantequilla",Leche,Leche desnatada Central Lechera Asturiana brik 6 x 1 l,"6,84 €
(1,14 €/LITRO)"
"Leche, huevos y mantequilla",Leche,Leche entera Pascual brik 6 x 1 l,"7,80 €
(1,30 €/LITRO)"
"Leche, huevos y mantequilla",Leche,Leche semidesnatada sin lactosa Dia Láctea brik 6 x 1 l,"5,70 €
(0,95 €/LITRO)"
"Leche, huevos y mantequilla",Leche,Leche desnatada sin lactosa Dia Láctea brik 6 x 1 l,"5,58 €
(0,93 €/LITRO)"
"Leche, huevos y mantequilla",Leche,Leche semidesnatada Dia Láctea brik 1 l,"0,87 €
(0,87 €/LITRO)"
"Leche, huevos y mantequilla",Bebidas vegetales,Bebida de avena con calcio Vegedia brik 1 l,"0,99 €
(0,99 €/LITRO)"
"Leche, huevos y mantequilla",Bebidas vegetales,Bebida de avena Vegedia brik 1 l,"0,99 €
(0,99 €/LITRO)"
"Leche, huevos y mantequilla",Bebidas vegetales,Bebida de almendras 0% azúcares Vegedia brik 1 l,"1,35 €
(1,35 €/LITRO)"
"Leche, huevos y mantequilla",Bebidas vegetales,Bebida de soja con calcio Vegedia brik 1 l,"0,89 €
(0,89 €/LITRO)"
"Leche, huevos y mantequilla",Bebidas vegetales,Bebida de avena 0% azúcares Vegedia brik 1 l,"0,89 €
(0,89 €/LITRO)"
"Leche, huevos y mantequilla",Bebidas vegetales,Bebida de soja 0% azúcares Vegedia brik 1 l,"0,89 €
(0,89 €/LITRO)"
"Leche, huevos y mantequilla",Bebidas vegetales,Bebida de almendras Alpro brik 1 l,"1,99 €
(1,99 €/LITRO)"
"Leche, huevos y mantequilla",Bebidas vegetales,Bebida de arroz Vegedia brik 1 l,"0,99 €
(0,99 €/LITRO)"
"Leche, huevos y mantequilla",Bebidas vegetales,Bebida de soja Dia Vital brik 1 l,"0,70 €
(0,70 €/LITRO)"
"Leche, huevos y mantequilla",Bebidas vegetales,Bebida de avena Yosoy brik 1 l,"1,59 €
(1,59 €/LITRO)"
"Leche, huevos y mantequilla",Batidos y horchatas,Batido de cacao 90% Dia lactea brik 6 x 200 ml,"1,75 €
(1,46 €/LITRO)"
"Leche, huevos y mantequilla",Batidos y horchatas,Batido al cacao Dia botella 1 l,"1,19 €
(1,19 €/LITRO)"
"Leche, huevos y mantequilla",Batidos y horchatas,Batido de chocolate Dia Láctea brik 6 x 200 ml,"1,40 €
(1,17 €/LITRO)"
"Leche, huevos y mantequilla",Batidos y horchatas,Batido de fresa Dia lactea brik 6 x 200 ml,"1,59 €
(1,33 €/LITRO)"
"Leche, huevos y mantequilla",Batidos y horchatas,Batido de vainilla Dia lactea brik 6 x 200 ml,"1,59 €
(1,33 €/LITRO)"
"Leche, huevos y mantequilla",Batidos y horchatas,Batido de chocolate Puleva brik 6 x 200 ml,"2,75 €
(2,29 €/LITRO)"
"Leche, huevos y mantequilla",Batidos y horchatas,Batido de chocolate Cacaolat botella 1 l,"2,40 €
(2,40 €/LITRO)"
"Leche, huevos y mantequilla",Batidos y horchatas,Batido energy ColaCao pack 3 + 1 x 188 ml,"1,99 €
(2,65 €/LITRO)"
"Leche, huevos y mantequilla",Batidos y horchatas,Chocolate a la taza Ram brik 1 l,"2,60 €
(2,60 €/LITRO)"
"Leche, huevos y mantequilla",Batidos y horchatas,Batido de chocolate Cacaolat botella 4 x 200 ml,"2,66 €
(3,33 €/LITRO)"
"Leche, huevos y mantequilla",Huevos,Huevos frescos categoría A clase L Huevos Garrido caja 12 unidades,"2,26 €
(2,26 €/DOCENA)"
"Leche, huevos y mantequilla",Huevos,Huevos frescos categoría A clase M Huevos Garrido caja 12 unidades,"2,02 €
(2,02 €/DOCENA)"
"Leche, huevos y mantequilla",Huevos,Huevos frescos categoría A clase XL Huevos Garrido caja 6 unidades,"1,69 €
(3,38 €/DOCENA)"
"Leche, huevos y mantequilla",Huevos,Huevos frescos categoría A clase M Huevos Garrido caja 24 unidades,"3,80 €
(1,90 €/DOCENA)"
"Leche, huevos y mantequilla",Huevos,Huevos frescos categoría A clase M La receta bandeja 24 unidades,"3,80 €
(1,90 €/DOCENA)"
"Leche, huevos y mantequilla",Huevos,Huevos frescos categoría A clase M Dia bandeja 12 unidades,"2,02 €
(2,02 €/DOCENA)"
"Leche, huevos y mantequilla",Huevos,Huevos frescos categoría A clase L Dia bandeja 12 unidades,"2,26 €
(2,26 €/DOCENA)"
"Leche, huevos y mantequilla",Huevos,Huevos camperos categoría A clase M/L La receta bandeja 10 unidades,"2,49 €
(2,99 €/DOCENA)"
"Leche, huevos y mantequilla",Huevos,Huevos frescos de gallinas criadas en suelo categoría A clase L La receta bandeja 12 unidades,"2,49 €
(2,49 €/DOCENA)"
"Leche, huevos y mantequilla",Huevos,Huevos frescos maíz categoría A clase M/L Grupo de lucas caja 12 unidades,"2,85 €
(2,85 €/DOCENA)"
"Leche, huevos y mantequilla",Mantequilla y margarina,Mantequilla sin sal Dia Láctea 250 g,"1,90 €
(7,60 €/KILO)"
"Leche, huevos y mantequilla",Mantequilla y margarina,Mantequilla con sal Dia Láctea 250 g,"1,90 €
(7,60 €/KILO)"
"Leche, huevos y mantequilla",Mantequilla y margarina,Mantequilla tradicional Central Lechera Asturiana tarrina 250 g,"3,55 €
(14,20 €/KILO)"
"Leche, huevos y mantequilla",Mantequilla y margarina,Mantequilla ligera fácil de untar Central Lechera Asturiana tarrina 250 g,"3,65 €
(14,60 €/KILO)"
"Leche, huevos y mantequilla",Mantequilla y margarina,Margarina Tulipán tarrina 400 g,"2,85 €
(7,13 €/KILO)"
"Leche, huevos y mantequilla",Mantequilla y margarina,Margarina vitaminada con sal Diasol tarrina 500 g,"1,50 €
(3,00 €/KILO)"
"Leche, huevos y mantequilla",Mantequilla y margarina,Margarina vitaminada Diasol tarrina 500 g,"1,45 €
(2,90 €/KILO)"
"Leche, huevos y mantequilla",Mantequilla y margarina,Margarina ligera Diasol tarrina 500 g,"1,45 €
(2,90 €/KILO)"
"Leche, huevos y mantequilla",Mantequilla y margarina,Margarina con sal Tulipán tarrina 400 g,"2,85 €
(7,13 €/KILO)"
"Leche, huevos y mantequilla",Mantequilla y margarina,Mantequilla con sal Dia Láctea tarrina 250 g,"2,45 €
(9,80 €/KILO)"
"Leche, huevos y mantequilla",Nata,Nata para cocinar culinaria Dia lactea brik 3 x 200 ml,"1,89 €
(3,15 €/LITRO)"
"Leche, huevos y mantequilla",Nata,Nata para cocinar 15% m.g Dia Láctea brik 500 ml,"1,45 €
(2,90 €/LITRO)"
"Leche, huevos y mantequilla",Nata,Nata para montar Dia lactea brik 3 x 200 ml,"2,19 €
(3,65 €/LITRO)"
"Leche, huevos y mantequilla",Nata,Nata en spray Dia Láctea bote 250 g,"1,69 €
(6,76 €/KILO)"
"Leche, huevos y mantequilla",Nata,Nata para cocinar Central Lechera Asturiana brik 500 ml,"2,75 €
(5,50 €/LITRO)"
"Leche, huevos y mantequilla",Nata,Nata montada azucarada Central Lechera Asturiana spray 250 g,"2,75 €
(11,00 €/KILO)"
"Leche, huevos y mantequilla",Nata,Leche evaporada Ideal brik 525 g,"2,29 €
(4,36 €/KILO)"
"Leche, huevos y mantequilla",Nata,Nata para montar Central Lechera Asturiana brik 500 ml,"2,75 €
(5,50 €/LITRO)"
"Leche, huevos y mantequilla",Nata,Leche evaporada sin lactosa Ideal brik 525 g,"2,79 €
(5,31 €/KILO)"
"Leche, huevos y mantequilla",Nata,Nata para cocinar Puleva brik 200 ml,"1,66 €
(8,30 €/LITRO)"
Yogures y postres,Yogures bífidus y colesterol,Yogur líquido natural Actimel pack 12 x 100 g,"5,99 €
(4,99 €/KILO)"
Yogures y postres,Yogures bífidus y colesterol,Bebida láctea de fresa Danacol pack 12 x 100 g,"7,29 €
(6,08 €/KILO)"
Yogures y postres,Yogures bífidus y colesterol,Yogur líquido de fresa L-Casei pack 12 x 100 g,"2,59 €
(2,16 €/KILO)"
Yogures y postres,Yogures bífidus y colesterol,Yogur líquido de fresa y plátano/coco y piña L-Casei pack 12 x 100 g,"2,59 €
(2,16 €/KILO)"
Yogures y postres,Yogures bífidus y colesterol,Yogur líquido de fresa Actimel pack 12 x 100 g,"5,99 €
(4,99 €/KILO)"
Yogures y postres,Yogures bífidus y colesterol,Bebida láctea natural Danacol pack 12 x 100 g,"7,29 €
(6,08 €/KILO)"
Yogures y postres,Yogures bífidus y colesterol,Yogur líquido natural L-Casei pack 12 x 100 g,"2,59 €
(2,16 €/KILO)"
Yogures y postres,Yogures bífidus y colesterol,"Cremoso desnatado con fresa, kiwi, piña y ciruela Bífidus pack 8 x 125 g","2,59 €
(2,59 €/KILO)"
Yogures y postres,Yogures bífidus y colesterol,Cremoso desnatado con nueces y cereales Bífidus pack 4 x 125 g,"1,29 €
(2,58 €/KILO)"
Yogures y postres,Yogures bífidus y colesterol,Cremoso lima y limón Bífidus pack 4 x 125 g,"1,29 €
(2,58 €/KILO)"
Yogures y postres,Yogures naturales,Yogur natural Dia Láctea pack 8 x 125 g,"1,49 €
(1,49 €/KILO)"
Yogures y postres,Yogures naturales,Yogur natural azucarado Dia Láctea pack 8 x 125 g,"1,49 €
(1,49 €/KILO)"
Yogures y postres,Yogures naturales,Yogur natural con azúcar de caña Dia Láctea pack 8 x 125 g,"1,49 €
(1,49 €/KILO)"
Yogures y postres,Yogures naturales,Yogur natural Danone pack 8 x 120 g,"1,99 €
(2,07 €/KILO)"
Yogures y postres,Yogures naturales,Yogur natural azucarado Danone pack 8 x 120 g,"1,99 €
(2,07 €/KILO)"
Yogures y postres,Yogures naturales,Yogur natural Danone pack 4 x 120 g,"1,00 €
(2,08 €/KILO)"
Yogures y postres,Yogures naturales,Natural azucarado sin lactosa Dia Láctea pack 4 x 125 g,"1,55 €
(3,10 €/KILO)"
Yogures y postres,Yogures naturales,Yogur natural líquido con azúcar de caña Dia Láctea botella 1 Kg,"1,49 €
(1,49 €/KILO)"
Yogures y postres,Yogures naturales,Yogur natural azucarado Danone pack 4 x 120 g,"1,00 €
(2,08 €/KILO)"
Yogures y postres,Yogures naturales,Yogur natural Danone pack 2 x 130 g,"1,65 €
(6,35 €/KILO)"
Yogures y postres,Yogures desnatados,Yogur desnatado con frutas Dia Láctea pack 8 x 125 g,"2,25 €
(2,25 €/KILO)"
Yogures y postres,Yogures desnatados,"Yogur desnatado sabor limón, fresa y piña Dia Láctea pack 6 x 125 g","1,39 €
(1,85 €/KILO)"
Yogures y postres,Yogures desnatados,Yogur natural desnatado edulcorado Dia Láctea pack 6 x 125 g,"1,09 €
(1,45 €/KILO)"
Yogures y postres,Yogures desnatados,Yogur natural desnatado Dia Láctea pack 6 x 125 g,"1,09 €
(1,45 €/KILO)"
Yogures y postres,Yogures desnatados,Yogur natural desnatado rico en proteínas Reina vaso 180 g,"0,89 €
(4,94 €/KILO)"
Yogures y postres,Yogures desnatados,Yogur desnatado de proteínas sabor stracciatella Danone pack 4 x 100 g,"1,99 €
(4,98 €/KILO)"
Yogures y postres,Yogures desnatados,Yogur desnatado sabor fresa Vitalinea pack 4 x 125 g,"1,99 €
(3,98 €/KILO)"
Yogures y postres,Yogures desnatados,Yogur desnatado sabor limón Vitalinea pack 4 x 125 g,"1,99 €
(3,98 €/KILO)"
Yogures y postres,Yogures desnatados,Yogur desnatado de proteínas sabor fresa Danone pack 4 x 100 g,"1,99 €
(4,98 €/KILO)"
Yogures y postres,Yogures de sabores y frutas,Yogur sabores Dia Láctea pack 16 x 125 g,"2,69 €
(1,35 €/KILO)"
Yogures y postres,Yogures de sabores y frutas,Yogur con frutas Dia Láctea pack 8 x 125 g,"2,39 €
(2,39 €/KILO)"
Yogures y postres,Yogures de sabores y frutas,Yogur líquido sabor fresa y plátano Dia Láctea botella 1 Kg,"1,45 €
(1,45 €/KILO)"
Yogures y postres,Yogures de sabores y frutas,Yogur sabor fresa y plátano Dia Láctea pack 8 x 125 g,"1,59 €
(1,59 €/KILO)"
Yogures y postres,Yogures de sabores y frutas,Yogur líquido sabor fresa Dia Láctea botella 1 Kg,"1,45 €
(1,45 €/KILO)"
Yogures y postres,Yogures de sabores y frutas,Yogur sabor fresa Danone pack 4 x 125 g,"1,00 €
(2,00 €/KILO)"
Yogures y postres,Yogures de sabores y frutas,"Yogur sabor fresa, macedonia, limón y galleta Danone pack 8 x 120 g","1,99 €
(2,07 €/KILO)"
Yogures y postres,Yogures de sabores y frutas,Yogur sabor coco Dia Láctea pack 4 x 125 g,"0,79 €
(1,58 €/KILO)"
Yogures y postres,Yogures de sabores y frutas,"Yogur sabor coco, fresa, frutos del bosque y macedonia Danone pack 8 x 120 g","1,99 €
(2,07 €/KILO)"
Yogures y postres,Yogures de sabores y frutas,Yogur sabor limón Danone pack 4 x 125 g,"1,00 €
(2,00 €/KILO)"
Yogures y postres,Griegos y mousse,Yogur griego stracciatella Fidias pack 6 x 125 g,"1,59 €
(2,12 €/KILO)"
Yogures y postres,Griegos y mousse,Yogur griego natural azucarado Fidias pack 6 x 125 g,"1,59 €
(2,12 €/KILO)"
Yogures y postres,Griegos y mousse,Yogur griego natural Fidias pack 6 x 125 g,"1,59 €
(2,12 €/KILO)"
Yogures y postres,Griegos y mousse,Yogur griego con fresa Fidias pack 6 x 125 g,"1,55 €
(2,07 €/KILO)"
Yogures y postres,Griegos y mousse,Yogur griego Fidias vaso 1 Kg,"2,45 €
(2,45 €/KILO)"
Yogures y postres,Griegos y mousse,Yogur griego con nueces Fidias pack 4 x 125 g,"1,69 €
(3,38 €/KILO)"
Yogures y postres,Griegos y mousse,Yogur griego con lima y limón Fidias pack 4 x 125 g,"1,69 €
(3,38 €/KILO)"
Yogures y postres,Griegos y mousse,Yogur griego con mora y frambuesa Fidias pack 4 x 125 g,"1,75 €
(3,50 €/KILO)"
Yogures y postres,Griegos y mousse,Yogur griego con plátano y caramelo Fidias pack 4 x 125 g,"1,89 €
(3,78 €/KILO)"
Yogures y postres,Griegos y mousse,Yogur griego stracciatella Danone vaso 4 x 110 g,"1,49 €
(3,39 €/KILO)"
Yogures y postres,Yogures infantiles,Yogur de fresa líquido Dia Láctea pack 12 x 100 g,"2,39 €
(1,99 €/KILO)"
Yogures y postres,Yogures infantiles,Petit de fresa líquido Dia Láctea pack 4 x 80 g,"1,85 €
(5,78 €/KILO)"
Yogures y postres,Yogures infantiles,Yogur de fresa líquido Danonino pack 4 x 70 g,"2,55 €
(9,11 €/KILO)"
Yogures y postres,Yogures infantiles,Petit de fresa Dia Láctea pack 6 x 50 g,"0,95 €
(3,17 €/KILO)"
Yogures y postres,Yogures infantiles,Petit de fresa y plátano Dia Láctea pack 6 x 50 g,"0,95 €
(3,17 €/KILO)"
Yogures y postres,Yogures infantiles,Petit de chocolate Nesquik pack 6 x 60 g,"1,79 €
(4,97 €/KILO)"
Yogures y postres,Yogures infantiles,Petit de fresa y plátano Danonino pack 6 x 50 g,"1,44 €
(4,80 €/KILO)"
Yogures y postres,Yogures infantiles,Petit de fresa Danonino pack 6 x 50 g,"1,44 €
(4,80 €/KILO)"
Yogures y postres,Yogures infantiles,Yogur azucarado y trocitos de galleta con chocolate Nestlé pack 2 x 115 g,"1,99 €
(8,65 €/KILO)"
Yogures y postres,Yogures infantiles,Yogur azucarado con galleta oreo Reina pack 2 x 140 g,"1,95 €
(6,96 €/KILO)"
Yogures y postres,Yogures de soja y enriquecidos,Postre vegetal de soja sabor chocolate Vegedia pack 4 x 100 g,"1,49 €
(3,73 €/KILO)"
Yogures y postres,Yogures de soja y enriquecidos,Yogur natural de soja con coco Alpro vaso 400 g,"2,29 €
(5,73 €/KILO)"
Yogures y postres,Yogures de soja y enriquecidos,Postre vegetal de soja sabor vainilla Vegedia pack 4 x 100 g,"1,49 €
(3,73 €/KILO)"
Yogures y postres,Yogures de soja y enriquecidos,Yogur de soja sabor arándanos y frutos rojos Alpro pack 4 x 125 g,"2,59 €
(5,18 €/KILO)"
Yogures y postres,Yogures de soja y enriquecidos,Yogur de soja sabor mango Alpro vaso 400 g,"2,59 €
(6,48 €/KILO)"
Yogures y postres,Yogures de soja y enriquecidos,Yogur natural con avena Alpro vaso 400 g,"2,29 €
(5,73 €/KILO)"
Yogures y postres,Yogures de soja y enriquecidos,Yogur de soja sabor vainilla Alpro vaso 400 g,"2,29 €
(5,73 €/KILO)"
Yogures y postres,Yogures de soja y enriquecidos,Yogur de soja con arándanos Alpro vaso 400 g,"2,29 €
(5,73 €/KILO)"
Yogures y postres,Yogures de soja y enriquecidos,"Yogur de soja sabor melocotón, piña y fruta de la pasión Alpro pack 4 x 125 g","2,59 €
(5,18 €/KILO)"
Yogures y postres,Yogures de soja y enriquecidos,Yogur de soja sabor frutos rojos Alpro vaso 400 g,"2,59 €
(6,48 €/KILO)"
Yogures y postres,Kéfir y otros yogures,Kéfir Dia Láctea vaso 500 g,"1,59 €
(3,18 €/KILO)"
Yogures y postres,Kéfir y otros yogures,Postre lácteo natural alto en proteína Dia Láctea vaso 300 g,"1,09 €
(3,63 €/KILO)"
Yogures y postres,Kéfir y otros yogures,Kéfir Pastoret tarrina 500 g,"2,45 €
(4,90 €/KILO)"
Yogures y postres,Kéfir y otros yogures,Kéfir Activia tarrina 420 g,"2,19 €
(5,21 €/KILO)"
Yogures y postres,Kéfir y otros yogures,Kéfir desnatado Pastoret vaso 500 g,"2,45 €
(4,90 €/KILO)"
Yogures y postres,Kéfir y otros yogures,Yogur de stracciatella enriquecido con proteínas Yopro pack 2 x 160 gr,"2,79 €
(8,72 €/KILO)"
Yogures y postres,Kéfir y otros yogures,Kéfir de cabra Suerte Ampanera vaso 420 g,"3,15 €
(7,50 €/KILO)"
Yogures y postres,Cuajada,Cuajada Caprichoso pack 4 x 125 g,"1,25 €
(2,50 €/KILO)"
Yogures y postres,Cuajada,Cuajada sin azúcar Danone pack 2 x 135 g,"1,49 €
(5,52 €/KILO)"
Yogures y postres,Arroz con leche y postre tradicional,Arroz con leche con canela Caprichoso pack 4 x 130 g,"1,39 €
(2,67 €/KILO)"
Yogures y postres,Arroz con leche y postre tradicional,Arroz con leche con canela Caprichoso pack 2 x 125 g,"1,49 €
(5,96 €/KILO)"
Yogures y postres,Arroz con leche y postre tradicional,Arroz con leche con canela Caprichoso tarrina 450 g,"1,49 €
(3,31 €/KILO)"
Yogures y postres,Natillas y flan,Natillas sabor vainilla Caprichoso pack 6 x 125 g,"1,59 €
(2,12 €/KILO)"
Yogures y postres,Natillas y flan,Flan de vainilla Caprichoso pack 6 x 100 g,"0,99 €
(1,65 €/KILO)"
Yogures y postres,Natillas y flan,Copa de chocolate y nata Caprichoso pack 4 x 115 g,"1,39 €
(3,02 €/KILO)"
Yogures y postres,Natillas y flan,Flan de huevo con caramelo Caprichoso pack 4 x 100 g,"1,35 €
(3,38 €/KILO)"
Yogures y postres,Natillas y flan,Natillas de vainilla con galleta Caprichoso pack 4 x 125 g,"1,25 €
(2,50 €/KILO)"
Yogures y postres,Natillas y flan,Flan de queso Caprichoso pack 4 x 100 g,"1,99 €
(4,98 €/KILO)"
Yogures y postres,Natillas y flan,Natillas de chocolate con bizcocho Caprichoso pack 4 x 125 g,"1,59 €
(3,18 €/KILO)"
Yogures y postres,Natillas y flan,Natillas de vainilla Danet pack 4 x 120 g,"1,99 €
(4,15 €/KILO)"
Yogures y postres,Natillas y flan,Copa de vainilla con caramelo y nata Caprichoso pack 4 x 115 g,"1,39 €
(3,02 €/KILO)"
Yogures y postres,Natillas y flan,Natillas con galleta Reina pack 4 x 125 g,"1,59 €
(3,18 €/KILO)"
Yogures y postres,Gelatinas y otros postres,Tarta de queso Caprichoso tarrina 100 g,"1,15 €
(11,50 €/KILO)"
Yogures y postres,Gelatinas y otros postres,Gelatina de fresa Sueños pack 6 x 100 g,"0,99 €
(1,65 €/KILO)"
Yogures y postres,Gelatinas y otros postres,Mousse de chocolate con leche Caprichoso pack 4 x 60 g,"1,05 €
(4,38 €/KILO)"
Yogures y postres,Gelatinas y otros postres,"Gelatina de fresa, limón y multifruta Sueños pack 6 x 100 g","0,99 €
(1,65 €/KILO)"
Yogures y postres,Gelatinas y otros postres,Gelatina sabor fresa sin azúcar Royal pack 4 x 90 g,"1,79 €
(4,97 €/KILO)"
Yogures y postres,Gelatinas y otros postres,Cheesecake Caprichoso pack 2 x 90 g,"1,65 €
(9,17 €/KILO)"
Yogures y postres,Gelatinas y otros postres,Gelatina sabor frutas alto en proteínas Dia Láctea pack 4 x 100 g,"1,25 €
(3,13 €/KILO)"
Yogures y postres,Gelatinas y otros postres,Tiramisú Caprichoso pack 2 x 90 g,"1,29 €
(7,17 €/KILO)"
Yogures y postres,Gelatinas y otros postres,Carrot cake Caprichoso pack 2 x 90 g,"1,49 €
(8,28 €/KILO)"
Yogures y postres,Gelatinas y otros postres,Postre Mario Vaquerizo de chocolate con caramelo salado Caprichoso pack 2 x 110 g,"1,99 €
(9,05 €/KILO)"
"Arroz, pastas y legumbres",Arroz,Arroz extra Arrozona bolsa 1 Kg,"1,30 €
(1,30 €/KILO)"
"Arroz, pastas y legumbres",Arroz,Arroz largo de primera categoría Arrozona bolsa 1 Kg,"1,30 €
(1,30 €/KILO)"
"Arroz, pastas y legumbres",Arroz,Arroz basmati Selección Mundial paquete 1 Kg,"2,54 €
(2,54 €/KILO)"
"Arroz, pastas y legumbres",Arroz,Arroz bomba Arrozona paquete 1 Kg,"4,90 €
(4,90 €/KILO)"
"Arroz, pastas y legumbres",Arroz,Arroz redondo SOS paquete 1 Kg,"1,80 €
(1,80 €/KILO)"
"Arroz, pastas y legumbres",Arroz,Arroz redondo Al Punto vaso 2 x 125 g,"1,19 €
(4,76 €/KILO)"
"Arroz, pastas y legumbres",Arroz,Arroz basmati Brillante vaso 2 x 125 g,"1,39 €
(5,56 €/KILO)"
"Arroz, pastas y legumbres",Arroz,Arroz vaporizado Arrozona bolsa 1 Kg,"1,54 €
(1,54 €/KILO)"
"Arroz, pastas y legumbres",Arroz,Arroz redondo Brillante paquete 1 Kg,"2,68 €
(2,68 €/KILO)"
"Arroz, pastas y legumbres",Arroz,Arroz integral Brillante vaso 2 x 125 g,"1,29 €
(5,16 €/KILO)"
"Arroz, pastas y legumbres",Pastas,Macarrón Al Diante bolsa 1 Kg,"1,35 €
(1,35 €/KILO)"
"Arroz, pastas y legumbres",Pastas,Espagueti Al Diante bolsa 1 Kg,"1,35 €
(1,35 €/KILO)"
"Arroz, pastas y legumbres",Pastas,Espirales tricolor Al Diante bolsa 500 g,"0,95 €
(1,90 €/KILO)"
"Arroz, pastas y legumbres",Pastas,Fideo cabellín Al Diante bolsa 500 g,"0,82 €
(1,64 €/KILO)"
"Arroz, pastas y legumbres",Pastas,Espaguetis nº 3 Gallo bolsa 450 g + 50%,"1,33 €
(2,96 €/KILO)"
"Arroz, pastas y legumbres",Pastas,Pluma nº 6 Gallo bolsa 450 g,"1,33 €
(2,96 €/KILO)"
"Arroz, pastas y legumbres",Pastas,Espagueti nº 5 Barilla caja 500 g,"1,79 €
(3,58 €/KILO)"
"Arroz, pastas y legumbres",Pastas,Pasta de tiburones Al Diante bolsa 500 g,"0,82 €
(1,64 €/KILO)"
"Arroz, pastas y legumbres",Pastas,Tallarines Al Diante bolsa 500 g,"0,82 €
(1,64 €/KILO)"
"Arroz, pastas y legumbres",Pastas,Macarrón Al Diante bolsa 500 g,"0,82 €
(1,64 €/KILO)"
"Arroz, pastas y legumbres",Garbanzos,Garbanzos extra Vegecampo bolsa 1 Kg,"2,69 €
(2,69 €/KILO)"
"Arroz, pastas y legumbres",Garbanzos,Garbanzo pedrosillano Vegecampo bolsa 1 Kg,"1,95 €
(1,95 €/KILO)"
"Arroz, pastas y legumbres",Garbanzos,Garbanzos cocidos extra Vegecampo frasco 400 g,"0,85 €
(2,13 €/KILO)"
"Arroz, pastas y legumbres",Garbanzos,Garbanzos cocidos extra Vegecampo frasco 210 g,"0,70 €
(3,33 €/KILO)"
"Arroz, pastas y legumbres",Garbanzos,Garbanzo cocido pedrosillano Vegecampo frasco 400 g,"1,05 €
(2,63 €/KILO)"
"Arroz, pastas y legumbres",Garbanzos,Hummus clásico Al Punto tarrina 220 g,"1,29 €
(5,86 €/KILO)"
"Arroz, pastas y legumbres",Garbanzos,Garbanzos cocidos bajo contenido en sal Vegecampo frasco 400 g,"0,99 €
(2,48 €/KILO)"
"Arroz, pastas y legumbres",Garbanzos,Garbanzos cocidos Luengo frasco 400 g,"1,04 €
(2,60 €/KILO)"
"Arroz, pastas y legumbres",Garbanzos,Garbanzos Luengo bolsa 1 Kg,"3,79 €
(3,79 €/KILO)"
"Arroz, pastas y legumbres",Garbanzos,Garbanzos con verduras cocidas Luengo frasco 400 g,"1,45 €
(3,63 €/KILO)"
"Arroz, pastas y legumbres",Alubias,Alubias blancas Vegecampo bolsa 1 Kg,"2,09 €
(2,09 €/KILO)"
"Arroz, pastas y legumbres",Alubias,Alubias pintas Vegecampo bolsa 1 Kg,"2,29 €
(2,29 €/KILO)"
"Arroz, pastas y legumbres",Alubias,Alubia negra Vegecampo bolsa 500 g,"1,20 €
(2,40 €/KILO)"
"Arroz, pastas y legumbres",Alubias,Alubias blancas bajo contenido en sal Vegecampo frasco 400 g,"0,95 €
(2,38 €/KILO)"
"Arroz, pastas y legumbres",Alubias,Alubias rojas cocidas Vegecampo frasco 400 g,"1,05 €
(2,63 €/KILO)"
"Arroz, pastas y legumbres",Alubias,Alubias pintas cocidas Vegecampo frasco 400 g,"1,10 €
(2,75 €/KILO)"
"Arroz, pastas y legumbres",Alubias,Alubias blancas con verduras Vegecampo frasco 400 g,"1,15 €
(2,88 €/KILO)"
"Arroz, pastas y legumbres",Alubias,Alubias blancas extra Vegecampo frasco 210 g,"0,70 €
(3,33 €/KILO)"
"Arroz, pastas y legumbres",Alubias,Alubia cocida Luengo frasco 400 g,"1,25 €
(3,13 €/KILO)"
"Arroz, pastas y legumbres",Alubias,Alubias blancas Luengo bolsa 1 Kg,"3,75 €
(3,75 €/KILO)"
"Arroz, pastas y legumbres",Lentejas,Lentejas cocidas Vegecampo frasco 400 g,"0,90 €
(2,25 €/KILO)"
"Arroz, pastas y legumbres",Lentejas,Lenteja castellana Vegecampo bolsa 1 Kg,"1,88 €
(1,88 €/KILO)"
"Arroz, pastas y legumbres",Lentejas,Lenteja roja Vegecampo bolsa 1 Kg,"1,89 €
(1,89 €/KILO)"
"Arroz, pastas y legumbres",Lentejas,Lenteja pardina Luengo bolsa 500 g,"1,95 €
(3,90 €/KILO)"
"Arroz, pastas y legumbres",Lentejas,Lenteja pardina Luengo bolsa 1 Kg,"3,79 €
(3,79 €/KILO)"
"Arroz, pastas y legumbres",Lentejas,Lentejas cocidas Vegecampo frasco 210 g,"0,75 €
(3,57 €/KILO)"
"Arroz, pastas y legumbres",Lentejas,Lenteja pardina Legumbres La Asturiana bolsa 500 g,"2,45 €
(4,90 €/KILO)"
"Arroz, pastas y legumbres",Lentejas,Lenteja pardina cocida Luengo frasco 400 g,"1,45 €
(3,63 €/KILO)"
"Arroz, pastas y legumbres",Lentejas,Lenteja roja pelada Luengo bolsa 400 g,"2,39 €
(5,98 €/KILO)"
"Arroz, pastas y legumbres",Lentejas,Lenteja pardina Legumbres La Asturiana bolsa 1 Kg,"4,80 €
(4,80 €/KILO)"
"Arroz, pastas y legumbres",Quinoa y couscous,Quinoa blanca y roja Brillante vaso 2 x 125 g,"1,59 €
(6,36 €/KILO)"
"Arroz, pastas y legumbres",Quinoa y couscous,Cous cous Gallo caja 500 g,"1,99 €
(3,98 €/KILO)"
"Arroz, pastas y legumbres",Quinoa y couscous,Quinoa bolsa 500 g,"2,60 €
(5,20 €/KILO)"
"Arroz, pastas y legumbres",Quinoa y couscous,Couscous El forsane caja 750 g,"2,15 €
(2,87 €/KILO)"
"Aceites, salsas y especias",Aceites,Aceite de oliva virgen extra La Almazara del Olivar garrafa 3 l,"29,55 €
(9,85 €/LITRO)"
"Aceites, salsas y especias",Aceites,Aceite de oliva suave La Almazara del Olivar garrafa 5 l,"46,00 €
(9,20 €/LITRO)"
"Aceites, salsas y especias",Aceites,Aceite de oliva intenso La Almazara del Olivar garrafa 5 l,"46,00 €
(9,20 €/LITRO)"
"Aceites, salsas y especias",Aceites,Aceite de oliva suave La Almazara del Olivar botella 1 l,"9,25 €
(9,25 €/LITRO)"
"Aceites, salsas y especias",Aceites,Aceite refinado de girasol Diasol botella 1 l,"1,55 €
(1,55 €/LITRO)"
"Aceites, salsas y especias",Aceites,Aceite de orujo de oliva La Almazara del Olivar botella 1 l,"5,19 €
(5,19 €/LITRO)"
"Aceites, salsas y especias",Aceites,Aceite de oliva virgen La Almazara del Olivar botella 1 l,"9,55 €
(9,55 €/LITRO)"
"Aceites, salsas y especias",Aceites,Aceite de oliva suave Carbonell botella 1 l,"13,89 €
(13,89 €/LITRO)"
"Aceites, salsas y especias",Aceites,Aceite de oliva suave La española botella 1 l,"13,45 €
(13,45 €/LITRO)"
"Aceites, salsas y especias",Aceites,Aceite de oliva virgen extra Carbonell botella 750 ml,"10,89 €
(14,52 €/LITRO)"
"Aceites, salsas y especias",Vinagres y aliños,Vinagre de vino blanco Aliña tu Dia botella 1 l,"0,75 €
(0,75 €/LITRO)"
"Aceites, salsas y especias",Vinagres y aliños,Vinagre balsámico de módena Selección Mundial botella 500 ml,"2,39 €
(4,78 €/LITRO)"
"Aceites, salsas y especias",Vinagres y aliños,Crema de vinagre de módena Aliña tu Dia botella 250 ml,"1,99 €
(7,96 €/LITRO)"
"Aceites, salsas y especias",Vinagres y aliños,Vinagre de manzana Aliña tu Dia botella 1 l,"0,90 €
(0,90 €/LITRO)"
"Aceites, salsas y especias",Vinagres y aliños,Vinagre de jerez reserva dop Delicias de Dia botella 250 ml,"1,99 €
(7,96 €/LITRO)"
"Aceites, salsas y especias",Vinagres y aliños,Crema vinagre de módena sin azúcares añadidos Vulpi botella 400 ml,"1,79 €
(4,48 €/LITRO)"
"Aceites, salsas y especias",Vinagres y aliños,Aderezo de limón Aliña tu Dia botella 50 cl,"0,99 €
(1,98 €/LITRO)"
"Aceites, salsas y especias",Vinagres y aliños,Crema de vinagre de módena con frambuesa Aliña tu Dia botella 250 ml,"2,35 €
(9,40 €/LITRO)"
"Aceites, salsas y especias",Vinagres y aliños,Vinagre de vino blanco Ybarra botella 1 l,"1,05 €
(1,05 €/LITRO)"
"Aceites, salsas y especias",Vinagres y aliños,Vinagre balsámico de módena Borges botella 250 ml,"2,19 €
(8,76 €/LITRO)"
"Aceites, salsas y especias",Tomate,Tomate frito Vegecampo brik 3 x 390 g,"1,65 €
(1,41 €/KILO)"
"Aceites, salsas y especias",Tomate,Tomate frito Vegecampo brik 3 x 215 g,"1,25 €
(1,94 €/KILO)"
"Aceites, salsas y especias",Tomate,Tomate triturado Vegecampo lata 780 g,"0,98 €
(1,26 €/KILO)"
"Aceites, salsas y especias",Tomate,Tomate frito Vegecampo frasco 550 g,"0,95 €
(1,73 €/KILO)"
"Aceites, salsas y especias",Tomate,Tomate frito casero Vegecampo frasco 350 g,"1,59 €
(4,54 €/KILO)"
"Aceites, salsas y especias",Tomate,Tomate triturado Vegecampo lata 390 g,"0,72 €
(1,85 €/KILO)"
"Aceites, salsas y especias",Tomate,Tomate frito casero con aceite de oliva Hida lata 340 g,"1,54 €
(4,53 €/KILO)"
"Aceites, salsas y especias",Tomate,Tomate frito Solís brik 350 g,"0,79 €
(2,26 €/KILO)"
"Aceites, salsas y especias",Tomate,Sofrito tomate y cebolla Gallina Blanca frasco 350 g,"2,39 €
(6,83 €/KILO)"
"Aceites, salsas y especias",Tomate,Tomate frito con aceite de oliva Vegecampo brik 390 g,"0,95 €
(2,44 €/KILO)"
"Aceites, salsas y especias",Mayonesa y otras salsas,Mayonesa Salseo frasco 450 ml,"1,35 €
(3,00 €/LITRO)"
"Aceites, salsas y especias",Mayonesa y otras salsas,Mayonesa Salseo bote 500 ml,"1,89 €
(3,78 €/LITRO)"
"Aceites, salsas y especias",Mayonesa y otras salsas,Gran mayonesa Hellmanns frasco 450 ml,"3,25 €
(7,22 €/LITRO)"
"Aceites, salsas y especias",Mayonesa y otras salsas,Mayonesa Ybarra frasco 400 ml,"2,19 €
(5,48 €/LITRO)"
"Aceites, salsas y especias",Mayonesa y otras salsas,Salsa bechamel Al Diante brik 500 ml,"1,75 €
(3,50 €/LITRO)"
"Aceites, salsas y especias",Mayonesa y otras salsas,Mayonesa Hellmanns bote 430 ml,"3,25 €
(7,56 €/LITRO)"
"Aceites, salsas y especias",Mayonesa y otras salsas,Mayonesa casera Calvé frasco 430 ml,"1,99 €
(4,63 €/LITRO)"
"Aceites, salsas y especias",Mayonesa y otras salsas,Salsa fina original Ligeresa frasco 425 ml,"2,65 €
(6,24 €/LITRO)"
"Aceites, salsas y especias",Mayonesa y otras salsas,Salsa boloñesa Al Diante frasco 300 g,"1,65 €
(5,50 €/KILO)"
"Aceites, salsas y especias",Mayonesa y otras salsas,Ketchup Salseo bote 560 g,"1,25 €
(2,23 €/KILO)"
"Aceites, salsas y especias",Sal y especias,Bicarbonato sódico Carmencita bolsa 1 Kg,"3,92 €
(3,92 €/KILO)"
"Aceites, salsas y especias",Sal y especias,Ajo en polvo Vegecampo frasco 85 g,"0,85 €
(10,00 €/KILO)"
"Aceites, salsas y especias",Sal y especias,Sal marina yodada Dia bolsa 1 Kg,"0,35 €
(0,35 €/KILO)"
"Aceites, salsas y especias",Sal y especias,Sal marina de mesa fina Dia bolsa 1 Kg,"0,35 €
(0,35 €/KILO)"
"Aceites, salsas y especias",Sal y especias,Orégano Vegecampo frasco 15 g,"0,65 €
(43,33 €/KILO)"
"Aceites, salsas y especias",Sal y especias,Orégano en hoja Dani frasco 60 g,"2,49 €
(41,50 €/KILO)"
"Aceites, salsas y especias",Sal y especias,Hojas de laurel Dani bolsa 10 g,"0,89 €
(89,00 €/KILO)"
"Aceites, salsas y especias",Sal y especias,Perejil Vegecampo frasco 13 g,"0,69 €
(53,08 €/KILO)"
"Aceites, salsas y especias",Sal y especias,Cebolla en polvo Vegecampo frasco 60 g,"0,95 €
(15,83 €/KILO)"
"Aceites, salsas y especias",Sal y especias,Ajo molido Dani frasco 55 g,"1,63 €
(29,64 €/KILO)"
"Conservas, caldos y cremas","Atún, bonito y caballa",Atún claro en aceite de oliva Mari Marinera lata 6 x 60 g,"5,25 €
(14,58 €/KILO)"
"Conservas, caldos y cremas","Atún, bonito y caballa",Atún claro al natural Mari Marinera lata 6 x 60 g,"3,79 €
(10,53 €/KILO)"
"Conservas, caldos y cremas","Atún, bonito y caballa",Atún en aceite de girasol Mari Marinera lata 6 x 52 g,"3,95 €
(12,66 €/KILO)"
"Conservas, caldos y cremas","Atún, bonito y caballa",Atún en aceite de oliva Calvo lata 3 x 52 g,"3,95 €
(25,32 €/KILO)"
"Conservas, caldos y cremas","Atún, bonito y caballa",Atún claro al natural Calvo lata 3 x 52 g,"3,50 €
(20,83 €/KILO)"
"Conservas, caldos y cremas","Atún, bonito y caballa",Atún en aceite de girasol Isabel lata 650 g,"9,49 €
(14,60 €/KILO)"
"Conservas, caldos y cremas","Atún, bonito y caballa",Atún en aceite de girasol Mari Marinera lata 650 g,"6,99 €
(10,75 €/KILO)"
"Conservas, caldos y cremas","Atún, bonito y caballa",Atún claro en aceite de girasol Mari Marinera lata 6 x 70 g,"3,49 €
(10,39 €/KILO)"
"Conservas, caldos y cremas","Atún, bonito y caballa",Atún claro en escabeche Mari Marinera lata 6 x 60 g,"4,75 €
(13,19 €/KILO)"
"Conservas, caldos y cremas","Atún, bonito y caballa",Filetes de caballa del sur en aceite de oliva Mari Marinera lata 85 g,"1,55 €
(18,24 €/KILO)"
"Conservas, caldos y cremas",Berberechos,Berberechos al natural Dani lata 63 g,"3,10 €
(49,21 €/KILO)"
"Conservas, caldos y cremas",Berberechos,Berberechos al natural 60/90 piezas Mari Marinera lata 63 g,"2,59 €
(41,11 €/KILO)"
"Conservas, caldos y cremas",Berberechos,Berberechos al natural 55/65 piezas Dani lata 63 g,"3,89 €
(61,75 €/KILO)"
"Conservas, caldos y cremas",Berberechos,Berberechos al natural 45/55 piezas Mari Marinera lata 63 g,"3,69 €
(58,57 €/KILO)"
"Conservas, caldos y cremas",Berberechos,Berberechos al natural 45/55 piezas Cabo de Peñas lata 63 g,"4,35 €
(69,05 €/KILO)"
"Conservas, caldos y cremas",Berberechos,Berberechos al natural Sagres lata 58 g,"2,00 €
(34,48 €/KILO)"
"Conservas, caldos y cremas",Berberechos,Berberechos al natural Dani lata 90 g,"3,89 €
(43,22 €/KILO)"
"Conservas, caldos y cremas",Mejillones,Mejillones en escabeche Mari Marinera lata 3 x 43 g,"2,29 €
(17,75 €/KILO)"
"Conservas, caldos y cremas",Mejillones,Mejillones al natural 14/18 piezas Mari Marinera lata 69 g,"1,49 €
(21,59 €/KILO)"
"Conservas, caldos y cremas",Mejillones,Mejillones en escabeche Isabel lata 3 x 43 g,"3,39 €
(26,28 €/KILO)"
"Conservas, caldos y cremas",Mejillones,Mejillones en escabeche 13/18 piezas Mari Marinera lata 69 g,"1,79 €
(25,94 €/KILO)"
"Conservas, caldos y cremas",Mejillones,Mejillones en escabeche 13/18 piezas Calvo lata 69 g,"2,35 €
(34,06 €/KILO)"
"Conservas, caldos y cremas",Mejillones,Mejillones en escabeche picantes 14/18 piezas Mari Marinera lata 69 g,"1,79 €
(25,94 €/KILO)"
"Conservas, caldos y cremas",Mejillones,Mejillones en salsa vieira 14/18 piezas Mari Marinera lata 69 g,"1,89 €
(27,39 €/KILO)"
"Conservas, caldos y cremas",Mejillones,Mejillones picantes 13/18 piezas Isabel lata 69 g,"2,25 €
(32,61 €/KILO)"
"Conservas, caldos y cremas",Mejillones,Mejillones en escabeche 8/12 piezas Isabel lata 69 g,"3,79 €
(54,93 €/KILO)"
"Conservas, caldos y cremas",Mejillones,Mejillones en escabeche pequeños Isabel lata 69 g,"1,65 €
(23,91 €/KILO)"
"Conservas, caldos y cremas",Sardinas y sardinillas,Sardinillas en aceite de oliva Mari Marinera lata 2 x 62 g,"1,89 €
(15,24 €/KILO)"
"Conservas, caldos y cremas",Sardinas y sardinillas,Sardinas en aceite de oliva Mari Marinera lata 85 g,"0,99 €
(11,65 €/KILO)"
"Conservas, caldos y cremas",Sardinas y sardinillas,Sardinillas en aceite de girasol Mari Marinera lata 2 x 65 g,"1,69 €
(13,00 €/KILO)"
"Conservas, caldos y cremas",Sardinas y sardinillas,Sardinillas en aceite de oliva bajo en sal Mari Marinera lata 2 x 65 g,"1,89 €
(14,54 €/KILO)"
"Conservas, caldos y cremas",Sardinas y sardinillas,Sardinas en aceite de oliva Albo lata 85 g,"2,15 €
(25,29 €/KILO)"
"Conservas, caldos y cremas",Sardinas y sardinillas,Sardinillas en aceite de oliva bajo en sal Calvo lata 60 g,"1,75 €
(29,17 €/KILO)"
"Conservas, caldos y cremas",Sardinas y sardinillas,Sardinillas en tomate Mari Marinera lata 62 g,"0,75 €
(12,10 €/KILO)"
"Conservas, caldos y cremas",Sardinas y sardinillas,Sardinillas en aceite picante Mari Marinera lata 62 g,"0,95 €
(15,32 €/KILO)"
"Conservas, caldos y cremas",Sardinas y sardinillas,Sardinillas en escabeche Mari Marinera lata 65 g,"0,95 €
(14,62 €/KILO)"
"Conservas, caldos y cremas",Sardinas y sardinillas,Sardinas en tomate Mari Marinera lata 85 g,"0,85 €
(10,00 €/KILO)"
"Conservas, caldos y cremas",Otras conservas de pescado,Melva en aceite de oliva Mari Marinera lata 85 g,"2,15 €
(25,29 €/KILO)"
"Conservas, caldos y cremas",Otras conservas de pescado,Trozos de calamar en salsa americana Lamberti lata 3 x 51 g,"2,00 €
(13,07 €/KILO)"
"Conservas, caldos y cremas",Otras conservas de pescado,Trozos de calamar en su tinta Lamberti lata 3 x 51 g,"2,00 €
(13,07 €/KILO)"
"Conservas, caldos y cremas",Otras conservas de pescado,Almejón natural Galica lata 63 g,"1,45 €
(23,02 €/KILO)"
"Conservas, caldos y cremas",Otras conservas de pescado,Zamburiña en salsa vieira Galica lata 63 g,"2,20 €
(34,92 €/KILO)"
"Conservas, caldos y cremas",Otras conservas de pescado,Tacos de potón al ajillo Mari Marinera lata 72 g,"1,29 €
(17,92 €/KILO)"
"Conservas, caldos y cremas",Otras conservas de pescado,Maravillas de mar al ajillo Mari Marinera lata 50 g,"1,45 €
(29,00 €/KILO)"
"Conservas, caldos y cremas",Otras conservas de pescado,Ensalada mediterránea de atún Al Punto lata 150 g,"1,25 €
(8,33 €/KILO)"
"Conservas, caldos y cremas",Otras conservas de pescado,Calamares en su tinta Albo lata 72 g,"2,59 €
(35,97 €/KILO)"
"Conservas, caldos y cremas",Otras conservas de pescado,Chipirones rellenos en salsa americana Lamberti lata 72 g,"2,45 €
(34,03 €/KILO)"
"Conservas, caldos y cremas",Conservas vegetales,Maíz dulce Vegecampo lata 3 x 140 g,"1,79 €
(4,26 €/KILO)"
"Conservas, caldos y cremas",Conservas vegetales,Judías verdes cortadas categoría extra Vegecampo frasco 360 g,"1,35 €
(3,75 €/KILO)"
"Conservas, caldos y cremas",Conservas vegetales,Alubias blancas extra Vegecampo frasco 400 g,"0,75 €
(1,88 €/KILO)"
"Conservas, caldos y cremas",Conservas vegetales,Champiñones laminados Vegecampo lata 185 g,"1,00 €
(5,41 €/KILO)"
"Conservas, caldos y cremas",Conservas vegetales,Espárragos blancos medianos extra Vegecampo frasco 205 g,"2,00 €
(9,76 €/KILO)"
"Conservas, caldos y cremas",Conservas vegetales,Pimientos del piquillo en tiras con ajo Vegecampo frasco 225 g,"0,95 €
(4,22 €/KILO)"
"Conservas, caldos y cremas",Conservas vegetales,Champiñón laminado Vegecampo lata 3 x 105 g,"2,35 €
(7,46 €/KILO)"
"Conservas, caldos y cremas",Conservas vegetales,Judías verdes redondas Vegecampo frasco 360 g,"1,35 €
(3,75 €/KILO)"
"Conservas, caldos y cremas",Conservas vegetales,Espárragos blancos muy gruesos 6/9 piezas Vegecampo frasco 325 g,"3,00 €
(9,23 €/KILO)"
"Conservas, caldos y cremas","Sopas, caldos y purés deshidratados",Puré de patatas Patatas Unidas caja 500 g,"1,95 €
(3,90 €/KILO)"
"Conservas, caldos y cremas","Sopas, caldos y purés deshidratados",Pastillas de caldo de pollo Gallina Blanca Avecrem caja 24 unidades,"2,95 €
(0,12 €/UNIDAD)"
"Conservas, caldos y cremas","Sopas, caldos y purés deshidratados",Caldo de carne Knorr caja 18 unidades,"1,99 €
(0,11 €/UNIDAD)"
"Conservas, caldos y cremas","Sopas, caldos y purés deshidratados",Pastillas de caldo de pollo Gallina Blanca Avecrem caja 8 unidades,"1,00 €
(0,13 €/UNIDAD)"
"Conservas, caldos y cremas","Sopas, caldos y purés deshidratados",Caldo de pollo Al Punto caja 24 unidades,"1,50 €
(0,06 €/UNIDAD)"
"Conservas, caldos y cremas","Sopas, caldos y purés deshidratados",Sopa de pollo con fideos Al Punto sobre 71 g,"0,55 €
(7,75 €/KILO)"
"Conservas, caldos y cremas","Sopas, caldos y purés deshidratados",Sopa de pollo con fideos Gallina Blanca sobre 71 g,"0,85 €
(11,97 €/KILO)"
"Conservas, caldos y cremas","Sopas, caldos y purés deshidratados",Sopa maravilla Al Punto sobre 90 g,"0,55 €
(6,11 €/KILO)"
"Conservas, caldos y cremas","Sopas, caldos y purés deshidratados",Caldo de verduras Al Punto caja 12 unidades,"0,85 €
(0,07 €/UNIDAD)"
"Conservas, caldos y cremas",Cremas y caldos líquidos,Caldo de pollo casero Al Punto brik 1 l,"0,80 €
(0,80 €/LITRO)"
"Conservas, caldos y cremas",Cremas y caldos líquidos,Caldo de cocido Al Punto brik 1 l,"0,90 €
(0,90 €/LITRO)"
"Conservas, caldos y cremas",Cremas y caldos líquidos,Caldo casero de pollo 100% natural Gallina Blanca brik 1 l,"2,20 €
(2,20 €/LITRO)"
"Conservas, caldos y cremas",Cremas y caldos líquidos,Caldo casero de cocido 100% natural Gallina Blanca brik 1 l,"2,20 €
(2,20 €/LITRO)"
"Conservas, caldos y cremas",Cremas y caldos líquidos,Crema de calabaza Al Punto brik 500 ml,"1,10 €
(2,20 €/LITRO)"
"Conservas, caldos y cremas",Cremas y caldos líquidos,Crema de calabacín con queso Al Punto brik 500 ml,"1,10 €
(2,20 €/LITRO)"
"Conservas, caldos y cremas",Cremas y caldos líquidos,Crema de verduras Al Punto brik 500 ml,"1,10 €
(2,20 €/LITRO)"
"Conservas, caldos y cremas",Cremas y caldos líquidos,Caldo de verduras Al Punto brik 1 l,"1,00 €
(1,00 €/LITRO)"
"Conservas, caldos y cremas",Cremas y caldos líquidos,Caldo de pollo 100% natural Gallina Blanca brik 2 x 1 l,"4,09 €
(2,05 €/LITRO)"
"Panes, harinas y masas",Pan recien horneado,Barra de pan El molino de Dia bolsa 250 g,"0,48 €
(1,92 €/KILO)"
"Panes, harinas y masas",Pan recien horneado,Chapata de cristal 2 unidades bolsa 190 g,"1,71 €
(9,00 €/KILO)"
"Panes, harinas y masas",Pan recien horneado,Barra de pan baguette El molino de Dia bolsa 250 g,"0,54 €
(2,16 €/KILO)"
"Panes, harinas y masas",Pan recien horneado,Barra de pan chapata El molino de Dia bolsa 300 g,"0,65 €
(2,17 €/KILO)"
"Panes, harinas y masas",Pan recien horneado,Hogaza El molino de Dia bolsa 350 g,"0,99 €
(2,83 €/KILO)"
"Panes, harinas y masas",Pan recien horneado,Barra de pan de picos El molino de Dia bolsa 260 g,"0,68 €
(2,62 €/KILO)"
"Panes, harinas y masas",Pan recien horneado,Hogaza de centeno y avena El molino de Dia bolsa 500 g,"2,05 €
(4,10 €/KILO)"
"Panes, harinas y masas",Pan recien horneado,Pan de centeno 100% de masa madre El molino de Dia 450 g,"0,99 €
(2,20 €/KILO)"
"Panes, harinas y masas",Pan recien horneado,Barra de pan El molino de Dia bolsa 125 g,"0,27 €
(2,16 €/KILO)"
"Panes, harinas y masas",Pan de molde,Pan de molde formato familiar El molino de Dia bolsa 820 g,"1,25 €
(1,52 €/KILO)"
"Panes, harinas y masas",Pan de molde,Pan de molde blanco sin corteza El molino de Dia bolsa 450 g,"1,25 €
(2,78 €/KILO)"
"Panes, harinas y masas",Pan de molde,Pan de molde 100% integral familiar El molino de Dia bolsa 820 g,"1,25 €
(1,52 €/KILO)"
"Panes, harinas y masas",Pan de molde,Pan de hamburguesa maxi El molino de Dia bolsa 300 g,"0,90 €
(3,00 €/KILO)"
"Panes, harinas y masas",Pan de molde,Panecillos para perritos El molino de Dia bolsa 330 g,"0,95 €
(2,88 €/KILO)"
"Panes, harinas y masas",Pan de molde,Pan de molde blanco El molino de Dia bolsa 460 g,"0,85 €
(1,85 €/KILO)"
"Panes, harinas y masas",Pan de molde,Pan de molde 100% integral sin corteza El molino de Dia bolsa 450 g,"1,39 €
(3,09 €/KILO)"
"Panes, harinas y masas",Pan de molde,Pan de molde 100% integral El molino de Dia bolsa 460 g,"0,95 €
(2,07 €/KILO)"
"Panes, harinas y masas",Pan de molde,Pan de hamburguesa brioche El molino de Dia bolsa 300 g,"1,69 €
(5,63 €/KILO)"
"Panes, harinas y masas",Picos y panes tostados,Regañás El molino de Dia bolsa 250 g,"1,09 €
(4,36 €/KILO)"
"Panes, harinas y masas",Picos y panes tostados,Regañás con aceite de oliva virgen extra El molino de Dia bolsa 150 g,"1,45 €
(9,67 €/KILO)"
"Panes, harinas y masas",Picos y panes tostados,Pan tostado normal El molino de Dia bolsa 270 g,"1,05 €
(3,89 €/KILO)"
"Panes, harinas y masas",Picos y panes tostados,Pan tostado integral El molino de Dia bolsa 270 g,"1,45 €
(5,37 €/KILO)"
"Panes, harinas y masas",Picos y panes tostados,Biscotes integrales El molino de Dia bolsa 540 g,"2,05 €
(3,80 €/KILO)"
"Panes, harinas y masas",Picos y panes tostados,Picos camperos con aceite de oliva virgen extra El molino de Dia bolsa 200 g,"1,35 €
(6,75 €/KILO)"
"Panes, harinas y masas",Picos y panes tostados,Cóctel de picos El molino de Dia bolsa 250 g,"1,25 €
(5,00 €/KILO)"
"Panes, harinas y masas",Picos y panes tostados,Biscotes El molino de Dia bolsa 540 g,"1,95 €
(3,61 €/KILO)"
"Panes, harinas y masas",Picos y panes tostados,Picos de pan El molino de Dia bolsa 250 g,"0,85 €
(3,40 €/KILO)"
"Panes, harinas y masas",Pan rallado,Preparado para rebozar crujiente sin gluten Esgir bolsa 200 g,"1,75 €
(8,75 €/KILO)"
"Panes, harinas y masas",Pan rallado,Pan rallado sin gluten Panceliac bolsa 200 g,"1,85 €
(9,25 €/KILO)"
"Panes, harinas y masas",Harinas y levaduras,Harina de trigo El molino de Dia paquete 1 Kg,"0,70 €
(0,70 €/KILO)"
"Panes, harinas y masas",Harinas y levaduras,Harina de fuerza El molino de Dia paquete 1 Kg,"0,90 €
(0,90 €/KILO)"
"Panes, harinas y masas",Harinas y levaduras,Levadura en polvo Delimagic sobre 90 g,"0,69 €
(7,67 €/KILO)"
"Panes, harinas y masas",Harinas y levaduras,Levadura fresca Levanova 2 x 25 g,"0,49 €
(9,80 €/KILO)"
"Panes, harinas y masas",Harinas y levaduras,Harina 100% de maíz blanco Pan bolsa 1 Kg,"2,49 €
(2,49 €/KILO)"
"Panes, harinas y masas",Harinas y levaduras,Preparado para hornear en polvo Royal caja 96 g,"2,69 €
(28,02 €/KILO)"
"Panes, harinas y masas",Harinas y levaduras,Harina de trigo Gallo paquete 1 Kg,"1,39 €
(1,39 €/KILO)"
"Panes, harinas y masas",Harinas y levaduras,Harina de bizcocho Gallo paquete 1 Kg,"1,79 €
(1,79 €/KILO)"
"Panes, harinas y masas",Harinas y levaduras,Harina de maíz Maizena caja 400 g,"2,99 €
(7,48 €/KILO)"
"Panes, harinas y masas",Masas y hojaldres,Masa fina para pizza Al Punto bolsa 260 g,"1,19 €
(4,58 €/KILO)"
"Panes, harinas y masas",Masas y hojaldres,Masa de hojaldre Al Punto bolsa 230 g,"1,19 €
(5,17 €/KILO)"
"Panes, harinas y masas",Masas y hojaldres,Masa quebrada Al Punto bolsa 230 g,"1,29 €
(5,61 €/KILO)"
"Panes, harinas y masas",Masas y hojaldres,Masa para empanadillas y postres Buitoni bolsa 160 g,"1,10 €
(6,88 €/KILO)"
"Panes, harinas y masas",Masas y hojaldres,Masa para empanadillas y postres paquete Buitoni bolsa 280 g,"1,99 €
(7,11 €/KILO)"
"Panes, harinas y masas",Masas y hojaldres,Masa hojaldre Casa Tarradellas bandeja 260 g,"1,45 €
(5,58 €/KILO)"
"Panes, harinas y masas",Masas y hojaldres,Masa fina para pizza Casa Tarradellas bandeja 260 g,"1,45 €
(5,58 €/KILO)"
"Panes, harinas y masas",Masas y hojaldres,Masa de hojaldre rectangular Buitoni 230 g,"1,99 €
(8,65 €/KILO)"
"Panes, harinas y masas",Masas y hojaldres,Masa de pizza rectangular Buitoni estuche 350 g,"2,89 €
(8,26 €/KILO)"
"Panes, harinas y masas",Preparados para postres,Preparado de tortitas americanas Mary Lee bolsa 156 g,"1,75 €
(11,22 €/KILO)"
"Panes, harinas y masas",Preparados para postres,Sirope de chocolate Delimagic botella 295 g,"1,65 €
(5,59 €/KILO)"
"Panes, harinas y masas",Preparados para postres,Sirope de fresa Delimagic botella 295 g,"1,65 €
(5,59 €/KILO)"
"Panes, harinas y masas",Preparados para postres,Caramelo líquido Delimagic botella 400 g,"2,29 €
(5,73 €/KILO)"
"Panes, harinas y masas",Preparados para postres,Perlitas de chocolate Dr. Oetker bolsa 100 g,"2,39 €
(23,90 €/KILO)"
"Panes, harinas y masas",Preparados para postres,Preparado para crepes Delimagic frasco 200 g,"1,99 €
(9,95 €/KILO)"
"Panes, harinas y masas",Preparados para postres,Preparado para flanes y natillas Flanin caja 192 g,"1,79 €
(9,32 €/KILO)"
"Panes, harinas y masas",Preparados para postres,Preparado para tarta de queso Royal caja 325 g,"3,99 €
(12,28 €/KILO)"
"Panes, harinas y masas",Preparados para postres,Preparado para pastel fresco sabor limón Royal caja 103 g,"1,60 €
(15,53 €/KILO)"
"Café, cacao e infusiones",Café,Café molido mezcla Cafetería bolsa 2 x 250 g,"3,95 €
(7,90 €/KILO)"
"Café, cacao e infusiones",Café,Café molido natural Cafetería bolsa 2 x 250 g,"3,95 €
(7,90 €/KILO)"
"Café, cacao e infusiones",Café,Café soluble natural Nescafé frasco 200 g,"6,65 €
(33,25 €/KILO)"
"Café, cacao e infusiones",Café,Café en cápsulas espresso intenso Nescafé Dolce Gusto caja 16 unidades,"4,25 €
(0,27 €/UNIDAD)"
"Café, cacao e infusiones",Café,Café con leche en cápsulas Nescafé Dolce Gusto caja 16 unidades,"4,25 €
(0,27 €/UNIDAD)"
"Café, cacao e infusiones",Café,Café en cápsulas espresso intenso Arom'arte caja 20 unidades,"3,79 €
(0,19 €/UNIDAD)"
"Café, cacao e infusiones",Café,Café soluble clásico Cafetería frasco 200 g,"3,15 €
(15,75 €/KILO)"
"Café, cacao e infusiones",Café,Café en cápsulas espresso Colombia L'Or caja 20 unidades,"8,95 €
(0,45 €/UNIDAD)"
"Café, cacao e infusiones",Café,Café molido natural Bonka paquete 250 g,"3,19 €
(12,76 €/KILO)"
"Café, cacao e infusiones",Cacao y solubles,Cacao soluble Temptation bote 900 g,"3,29 €
(3,66 €/KILO)"
"Café, cacao e infusiones",Cacao y solubles,Cacao soluble instantáneo Nesquik bote 390 g,"3,29 €
(8,44 €/KILO)"
"Café, cacao e infusiones",Cacao y solubles,Cacao soluble ColaCao bote 383 g,"3,79 €
(9,90 €/KILO)"
"Café, cacao e infusiones",Cacao y solubles,Cacao soluble Temptation bote 500 g,"2,30 €
(4,60 €/KILO)"
"Café, cacao e infusiones",Cacao y solubles,Cacao soluble ColaCao caja 2.5 Kg,"15,99 €
(6,40 €/KILO)"
"Café, cacao e infusiones",Cacao y solubles,Cacao soluble instantáneo Temptation bote 800 g,"3,85 €
(4,81 €/KILO)"
"Café, cacao e infusiones",Cacao y solubles,Cacao instantáneo Nesquik bolsa 1.2 Kg,"7,29 €
(6,08 €/KILO)"
"Café, cacao e infusiones",Cacao y solubles,Cacao soluble 0% azúcares añadidos Temptation bote 325 g,"2,42 €
(7,45 €/KILO)"
"Café, cacao e infusiones",Cacao y solubles,Cacao en polvo Dia bolsa 400 g,"1,90 €
(4,75 €/KILO)"
"Café, cacao e infusiones",Infusiones,Manzanilla con anís Tetería caja 40 unidades,"1,75 €
(0,04 €/UNIDAD)"
"Café, cacao e infusiones",Infusiones,Manzanilla Dia caja 25 unidades,"0,70 €
(0,03 €/UNIDAD)"
"Café, cacao e infusiones",Infusiones,Infusión de jengibre con limón Tetería caja 25 unidades,"1,40 €
(0,06 €/UNIDAD)"
"Café, cacao e infusiones",Infusiones,Infusión poleo menta Tetería caja 25 unidades,"0,90 €
(0,04 €/UNIDAD)"
"Café, cacao e infusiones",Infusiones,Infusión buenas noches Tetería caja 25 unidades,"1,25 €
(0,05 €/UNIDAD)"
"Café, cacao e infusiones",Infusiones,Té verde con hierbabuena Tetería caja 25 unidades,"1,55 €
(0,06 €/UNIDAD)"
"Café, cacao e infusiones",Infusiones,Té verde Tetería caja 25 unidades,"1,10 €
(0,04 €/UNIDAD)"
"Café, cacao e infusiones",Infusiones,Té negro Tetería caja 25 unidades,"0,90 €
(0,04 €/UNIDAD)"
"Café, cacao e infusiones",Infusiones,Té rojo aromatizado Tetería caja 25 unidades,"1,25 €
(0,05 €/UNIDAD)"
"Azúcar, chocolates y caramelos",Azucar y edulcorantes,Azúcar blanco Dia paquete 1 Kg,"1,45 €
(1,45 €/KILO)"
"Azúcar, chocolates y caramelos",Azucar y edulcorantes,Azúcar blanco Azucarera paquete 1 Kg,"1,49 €
(1,49 €/KILO)"
"Azúcar, chocolates y caramelos",Azucar y edulcorantes,Edulcorante líquido Dia botella 200 ml,"1,35 €
(6,75 €/LITRO)"
"Azúcar, chocolates y caramelos",Azucar y edulcorantes,Edulcorante Dia bote 50 g,"1,29 €
(25,80 €/KILO)"
"Azúcar, chocolates y caramelos",Azucar y edulcorantes,Edulcorante en polvo Dia bote 200 g,"3,29 €
(16,45 €/KILO)"
"Azúcar, chocolates y caramelos",Azucar y edulcorantes,Azúcar moreno de caña integral Azucarera brik 800 g,"1,85 €
(2,31 €/KILO)"
"Azúcar, chocolates y caramelos",Azucar y edulcorantes,Azúcar moreno de caña integral Sidul bolsa 1 Kg,"1,95 €
(1,95 €/KILO)"
"Azúcar, chocolates y caramelos",Azucar y edulcorantes,Panela azúcar moreno de caña integral Azucarera bolsa 500 g,"1,99 €
(3,98 €/KILO)"
"Azúcar, chocolates y caramelos",Azucar y edulcorantes,Azúcar blanco en sobres Dia caja 300 g,"1,15 €
(3,83 €/KILO)"
"Azúcar, chocolates y caramelos",Miel,Miel de flores Mielove frasco 1 Kg,"4,70 €
(4,70 €/KILO)"
"Azúcar, chocolates y caramelos",Miel,Miel de flores antigoteo Mielove frasco 500 g,"3,30 €
(6,60 €/KILO)"
"Azúcar, chocolates y caramelos",Miel,Miel de azahar Mielove frasco 350 g,"3,19 €
(9,11 €/KILO)"
"Azúcar, chocolates y caramelos",Miel,Miel de romero Mielove frasco 350 g,"3,33 €
(9,51 €/KILO)"
"Azúcar, chocolates y caramelos",Miel,Miel de eucalipto Mielove frasco 350 g,"3,19 €
(9,11 €/KILO)"
"Azúcar, chocolates y caramelos",Miel,Miel de flores antigoteo Granja san fancisco bote 350 g,"5,50 €
(15,71 €/KILO)"
"Azúcar, chocolates y caramelos",Miel,Miel de flores con propóleo Mielove frasco 250 g,"4,49 €
(17,96 €/KILO)"
"Azúcar, chocolates y caramelos",Miel,Miel de flores con jalea real Mielove frasco 250 g,"4,49 €
(17,96 €/KILO)"
"Azúcar, chocolates y caramelos",Miel,Sirope de caña antigoteo Ramiflor frasco 500 g,"3,50 €
(7,00 €/KILO)"
"Azúcar, chocolates y caramelos",Mermeladas y frutas en almibar,Mermelada de melocotón extra Fruticampo frasco 650 g,"2,30 €
(3,54 €/KILO)"
"Azúcar, chocolates y caramelos",Mermeladas y frutas en almibar,Piña en su jugo en rodajas Sueños lata 3 x 139 g,"2,39 €
(5,73 €/KILO)"
"Azúcar, chocolates y caramelos",Mermeladas y frutas en almibar,Piña en su jugo en rodajas Sueños lata 490 g,"1,95 €
(3,98 €/KILO)"
"Azúcar, chocolates y caramelos",Mermeladas y frutas en almibar,Mermelada de fresa extra Fruticampo frasco 650 g,"2,30 €
(3,54 €/KILO)"
"Azúcar, chocolates y caramelos",Mermeladas y frutas en almibar,Mermelada de fresas de temporada de Huelva Hero frasco 350 g,"2,60 €
(7,43 €/KILO)"
"Azúcar, chocolates y caramelos",Mermeladas y frutas en almibar,Mermelada de fresa extra Fruticampo frasco 390 g,"1,50 €
(3,85 €/KILO)"
"Azúcar, chocolates y caramelos",Mermeladas y frutas en almibar,Mermelada de melocotón extra Fruticampo frasco 390 g,"1,50 €
(3,85 €/KILO)"
"Azúcar, chocolates y caramelos",Mermeladas y frutas en almibar,Mermelada de fresa 0% sin azúcares añadidos Fruticampo frasco 330 g,"1,60 €
(4,85 €/KILO)"
"Azúcar, chocolates y caramelos",Mermeladas y frutas en almibar,Mermelada de arándanos extra Fruticampo frasco 320 g,"2,10 €
(6,56 €/KILO)"
"Azúcar, chocolates y caramelos",Cremas de cacao,Crema de cacao con avellanas dúo Temptation bote 400 g,"1,85 €
(4,63 €/KILO)"
"Azúcar, chocolates y caramelos",Cremas de cacao,Crema de cacao con avellanas Temptation bote 400 g,"1,85 €
(4,63 €/KILO)"
"Azúcar, chocolates y caramelos",Cremas de cacao,Crema de cacao con avellanas Nutella bote 350 g,"3,69 €
(10,54 €/KILO)"
"Azúcar, chocolates y caramelos",Cremas de cacao,Crema de cacao con avellanas original Nocilla bote 360 g,"3,49 €
(9,69 €/KILO)"
"Azúcar, chocolates y caramelos",Cremas de cacao,Crema de cacao con avellanas cookies&cream Nocilla bote 180 g,"2,85 €
(15,83 €/KILO)"
"Azúcar, chocolates y caramelos",Cremas de cacao,Crema de cacao y leche de avellanas dúo Nocilla bote 360 g,"3,49 €
(9,69 €/KILO)"
"Azúcar, chocolates y caramelos",Cremas de cacao,Crema de cacao con avellanas original Nocilla bote 620 g,"5,45 €
(8,79 €/KILO)"
"Azúcar, chocolates y caramelos",Cremas de cacao,Crema de cacahuete Just loading frasco 500 g,"3,19 €
(6,38 €/KILO)"
"Azúcar, chocolates y caramelos",Cremas de cacao,Crema de cacao con avellanas Nutella bote 200 g,"2,49 €
(12,45 €/KILO)"
"Azúcar, chocolates y caramelos",Chocolates y bombones,Chocolate con leche Temptation 2 x 150 g,"1,79 €
(5,97 €/KILO)"
"Azúcar, chocolates y caramelos",Chocolates y bombones,Chocolate negro 85% cacao Temptation 100 g,"1,25 €
(12,50 €/KILO)"
"Azúcar, chocolates y caramelos",Chocolates y bombones,Chocolate negro con almendras enteras Temptation 200 g,"1,75 €
(8,75 €/KILO)"
"Azúcar, chocolates y caramelos",Chocolates y bombones,Chocolate blanco Temptation 2 x 200 g,"1,50 €
(7,50 €/KILO)"
"Azúcar, chocolates y caramelos",Chocolates y bombones,Chocolate con leche Nestlé Extrafino 3 x 125 g,"3,95 €
(10,53 €/KILO)"
"Azúcar, chocolates y caramelos",Chocolates y bombones,Chocolate blanco con relleno de galleta filipinos Nestlé Extrafino 84 g,"1,22 €
(14,52 €/KILO)"
"Azúcar, chocolates y caramelos",Chocolates y bombones,Barritas de chocolate con leche y avellanas Temptation bolsa 115 g,"1,50 €
(13,04 €/KILO)"
"Azúcar, chocolates y caramelos",Chocolates y bombones,Barritas de chocolate y cacahuete Temptation bolsa 250 g,"1,99 €
(7,96 €/KILO)"
"Azúcar, chocolates y caramelos",Chocolates y bombones,Barritas de barquillo recubierta de chocolate con leche Huesitos bolsa 200 g,"2,45 €
(12,25 €/KILO)"
"Azúcar, chocolates y caramelos","Caramelos, chicles y golosinas",Regaliz rojo torcidas Marcelo Caramelo bolsa 225 g,"1,09 €
(4,84 €/KILO)"
"Azúcar, chocolates y caramelos","Caramelos, chicles y golosinas",Regaliz negro torcidas Marcelo Caramelo bolsa 225 g,"1,09 €
(4,84 €/KILO)"
"Azúcar, chocolates y caramelos","Caramelos, chicles y golosinas",Chicles de hierbabuena sin azúcar Iceberg bote 70 unidades,"1,99 €
(0,03 €/UNIDAD)"
"Azúcar, chocolates y caramelos","Caramelos, chicles y golosinas",Chicles sabor hierbabuena sin azúcar Iceberg bolsa 44.8 g,"0,99 €
(22,10 €/KILO)"
"Azúcar, chocolates y caramelos","Caramelos, chicles y golosinas",Regaliz relleno pica pica Marcelo Caramelo bolsa 225 g,"1,09 €
(4,84 €/KILO)"
"Azúcar, chocolates y caramelos","Caramelos, chicles y golosinas",Caramelo de goma relleno sabor cereza Dulciora Pikotas bolsa 100 g,"1,39 €
(13,90 €/KILO)"
"Azúcar, chocolates y caramelos","Caramelos, chicles y golosinas",Golosinas de fresas con nata Fini bolsa 75 g,"1,05 €
(14,00 €/KILO)"
"Azúcar, chocolates y caramelos","Caramelos, chicles y golosinas",Golosinas surtidas Marcelo Caramelo bolsa 250 g,"1,79 €
(7,16 €/KILO)"
"Azúcar, chocolates y caramelos","Caramelos, chicles y golosinas",Palotes masticables de frutas Palotes bolsa 90 g,"1,05 €
(11,67 €/KILO)"
"Galletas, bollos y cereales",Galletas,Galletas rellenas de crema de chocolate Galleteca paquete 500 g,"1,20 €
(2,40 €/KILO)"
"Galletas, bollos y cereales",Galletas,Galletas dorada maría Galleteca paquete 800 g,"1,60 €
(2,00 €/KILO)"
"Galletas, bollos y cereales",Galletas,Galletas relieve Galleteca caja 735 g,"1,69 €
(2,30 €/KILO)"
"Galletas, bollos y cereales",Galletas,Galletas maría Galleteca paquete 800 g,"1,60 €
(2,00 €/KILO)"
"Galletas, bollos y cereales",Galletas,Galletas de desayuno Cuétara Tostarica caja 570 g,"2,99 €
(5,25 €/KILO)"
"Galletas, bollos y cereales",Galletas,Galletas de cereales con vitaminas Artiach Dinosaurus caja 411 g,"3,49 €
(8,49 €/KILO)"
"Galletas, bollos y cereales",Galletas,Galleta rellena de crema de chocolate Principe paquete 3 x 300 g,"5,59 €
(6,21 €/KILO)"
"Galletas, bollos y cereales",Galletas,Galletas tostaditas Galleteca caja 600 g,"1,79 €
(2,98 €/KILO)"
"Galletas, bollos y cereales",Galletas,Galletas de desayuno la buena maría Fontaneda caja 800 g,"3,29 €
(4,11 €/KILO)"
"Galletas, bollos y cereales",Galletas saladas,Galleta salada mini crackers Snack Maniac bote 350 g,"1,29 €
(3,69 €/KILO)"
"Galletas, bollos y cereales",Galletas saladas,Galletas crackers saladas Snack Maniac bolsa 300 g,"1,29 €
(4,30 €/KILO)"
"Galletas, bollos y cereales",Galletas saladas,Crackers Tuc bolsa 100 g,"1,49 €
(14,90 €/KILO)"
"Galletas, bollos y cereales",Galletas saladas,Galletas saladas con aceite de oliva virgen extra Biscuits Galicia bolsa 200 g,"2,09 €
(10,45 €/KILO)"
"Galletas, bollos y cereales",Galletas saladas,Galletas crackers con sal Gran pavesi bolsa 250 g,"2,39 €
(9,56 €/KILO)"
"Galletas, bollos y cereales",Bollería,Magdalenas clásicas El molino de Dia bolsa 515 g,"2,15 €
(4,17 €/KILO)"
"Galletas, bollos y cereales",Bollería,Croissants El molino de Dia bolsa 390 g,"1,99 €
(5,10 €/KILO)"
"Galletas, bollos y cereales",Bollería,Croissants rellenos de cacao y avellanas El molino de Dia bolsa 315 g,"1,99 €
(6,32 €/KILO)"
"Galletas, bollos y cereales",Bollería,Pan de leche El molino de Dia bolsa 350 g,"1,89 €
(5,40 €/KILO)"
"Galletas, bollos y cereales",Bollería,Magdalenas valencianas El molino de Dia bolsa 350 g,"1,49 €
(4,26 €/KILO)"
"Galletas, bollos y cereales",Bollería,Rosquillas glaseadas El molino de Dia caja 208 g,"1,69 €
(8,13 €/KILO)"
"Galletas, bollos y cereales",Bollería,Bocaditos de cacao Mandul bolsa 210 g,"1,25 €
(5,95 €/KILO)"
"Galletas, bollos y cereales",Bollería,Palmeritas El molino de Dia bandeja 245 g,"1,59 €
(6,49 €/KILO)"
"Galletas, bollos y cereales",Bollería,Napolitanas rellenas de crema de cacao El molino de Dia bolsa 270 g,"1,65 €
(6,11 €/KILO)"
"Galletas, bollos y cereales",Cereales,Muesli extra Gran Dia caja 500 g,"1,95 €
(3,90 €/KILO)"
"Galletas, bollos y cereales",Cereales,Copos de avena Gran Dia caja 500 g,"1,00 €
(2,00 €/KILO)"
"Galletas, bollos y cereales",Cereales,Muesli crujiente con chocolate Gran Dia caja 500 g,"2,10 €
(4,20 €/KILO)"
"Galletas, bollos y cereales",Cereales,Cereales rellenos de leche Gran Dia caja 500 g,"2,60 €
(5,20 €/KILO)"
"Galletas, bollos y cereales",Cereales,Cereales rellenos con chocolate y avena Gran Dia caja 500 g,"2,15 €
(4,30 €/KILO)"
"Galletas, bollos y cereales",Cereales,Cereales copos de maíz corn flakes Gran Dia caja 500 g,"1,45 €
(2,90 €/KILO)"
"Galletas, bollos y cereales",Cereales,Cereales de pétalos de trigo y chocolate Gran Dia caja 500 g,"1,80 €
(3,60 €/KILO)"
"Galletas, bollos y cereales",Cereales,Cereales copos de maíz corn flakes Kellogg's Corn Flakes caja 500 g,"2,99 €
(5,98 €/KILO)"
"Galletas, bollos y cereales",Cereales,Cereales de arroz inflado Kellogg's Choco Krispies caja 420 g,"3,55 €
(8,45 €/KILO)"
"Galletas, bollos y cereales",Tortitas,Tortitas de maíz Naturmundo bolsa 130 g,"1,25 €
(9,62 €/KILO)"
"Galletas, bollos y cereales",Tortitas,Tortitas de arroz integral con chocolate blanco Naturmundo bolsa 130 g,"1,60 €
(12,31 €/KILO)"
"Galletas, bollos y cereales",Tortitas,Tortitas de arroz integral con chocolate negro Naturmundo bolsa 130 g,"1,60 €
(12,31 €/KILO)"
"Galletas, bollos y cereales",Tortitas,Mini tortitas de maíz y arroz sabor jamón Naturmundo bolsa 75 g,"1,35 €
(18,00 €/KILO)"
"Galletas, bollos y cereales",Tortitas,Tortitas de arroz integral Naturmundo bolsa 130 g,"1,25 €
(9,62 €/KILO)"
"Galletas, bollos y cereales",Tortitas,Tortitas de maíz con chocolate negro Naturmundo bolsa 90 g,"1,29 €
(14,33 €/KILO)"
"Galletas, bollos y cereales",Tortitas,Mini tortitas de maíz y arroz sabor queso Naturmundo bolsa 75 g,"1,35 €
(18,00 €/KILO)"
"Galletas, bollos y cereales",Tortitas,Mini tortitas sabor campesina Naturmundo bolsa 75 g,"1,35 €
(18,00 €/KILO)"
"Galletas, bollos y cereales",Tortitas,Tortitas de arroz con chocolate blanco y frutos rojos Bicentury bolsa 184 g,"2,55 €
(13,86 €/KILO)"
"Patatas fritas, encurtidos y frutos secos",Patatas fritas y snacks,Patatas fritas onduladas sabor jamón Snack Maniac bolsa 170 g,"1,36 €
(8,00 €/KILO)"
"Patatas fritas, encurtidos y frutos secos",Patatas fritas y snacks,Patatas artesanas a la sartén Snack Maniac bolsa 2 x 150 g,"1,95 €
(6,50 €/KILO)"
"Patatas fritas, encurtidos y frutos secos",Patatas fritas y snacks,Patatas fritas lisas al punto de sal Snack Maniac bolsa 200 g,"1,29 €
(6,45 €/KILO)"
"Patatas fritas, encurtidos y frutos secos",Patatas fritas y snacks,Cóctel de aperitivos Snack Maniac bolsa 200 g,"1,50 €
(7,50 €/KILO)"
"Patatas fritas, encurtidos y frutos secos",Patatas fritas y snacks,Patatas fritas gourmet Lay's bolsa 170 g,"2,79 €
(16,41 €/KILO)"
"Patatas fritas, encurtidos y frutos secos",Patatas fritas y snacks,Patatas fritas onduladas sabor a jamón Ruffles bolsa 275 g,"3,39 €
(12,33 €/KILO)"
"Patatas fritas, encurtidos y frutos secos",Patatas fritas y snacks,Patatas fritas original Pringles bote 165 g,"2,59 €
(15,70 €/KILO)"
"Patatas fritas, encurtidos y frutos secos",Patatas fritas y snacks,Nachos sabor a queso Doritos bolsa 260 g,"3,49 €
(13,42 €/KILO)"
"Patatas fritas, encurtidos y frutos secos",Patatas fritas y snacks,Nachos sabor a queso Snack Maniac bolsa 150 g,"0,95 €
(6,33 €/KILO)"
"Patatas fritas, encurtidos y frutos secos",Aceitunas y encurtidos,Aceitunas negras sin hueso Vegecampo lata 150 g,"1,20 €
(8,00 €/KILO)"
"Patatas fritas, encurtidos y frutos secos",Aceitunas y encurtidos,Aceitunas rellenas de anchoa suave Vegecampo lata 150 g,"1,40 €
(9,33 €/KILO)"
"Patatas fritas, encurtidos y frutos secos",Aceitunas y encurtidos,Aceitunas rellenas de anchoa Vegecampo lata 3 x 50 g,"1,60 €
(10,67 €/KILO)"
"Patatas fritas, encurtidos y frutos secos",Aceitunas y encurtidos,Pepinillos agridulces Vegecampo frasco 360 g,"1,55 €
(4,31 €/KILO)"
"Patatas fritas, encurtidos y frutos secos",Aceitunas y encurtidos,Aceitunas verdes sin hueso Vegecampo frasco 400 g,"2,60 €
(6,50 €/KILO)"
"Patatas fritas, encurtidos y frutos secos",Aceitunas y encurtidos,Aceitunas rellenas de anchoa Vegecampo lata 3 x 150 g,"3,15 €
(7,00 €/KILO)"
"Patatas fritas, encurtidos y frutos secos",Aceitunas y encurtidos,Pepinillos y cebollitas Vegecampo frasco 380 g,"1,85 €
(4,87 €/KILO)"
"Patatas fritas, encurtidos y frutos secos",Aceitunas y encurtidos,Pepinillos pequeños Vegecampo frasco 180 g,"1,15 €
(6,39 €/KILO)"
"Patatas fritas, encurtidos y frutos secos",Aceitunas y encurtidos,Pepinillos sabor anchoa Vegecampo frasco 180 g,"1,29 €
(7,17 €/KILO)"
"Patatas fritas, encurtidos y frutos secos",Frutos secos,Nueces sin cáscara al natural Naturmundo bolsa 200 g,"2,00 €
(10,00 €/KILO)"
"Patatas fritas, encurtidos y frutos secos",Frutos secos,Anacardo al natural Naturmundo bolsa 200 g,"2,30 €
(11,50 €/KILO)"
"Patatas fritas, encurtidos y frutos secos",Frutos secos,Pistachos tostados sin sal Naturmundo bolsa 250 g,"3,35 €
(13,40 €/KILO)"
"Patatas fritas, encurtidos y frutos secos",Frutos secos,Pistachos tostados con sal Naturmundo bolsa 250 g,"3,35 €
(13,40 €/KILO)"
"Patatas fritas, encurtidos y frutos secos",Frutos secos,Almendras al natural con piel Naturmundo bolsa 200 g,"2,05 €
(10,25 €/KILO)"
"Patatas fritas, encurtidos y frutos secos",Frutos secos,Avellanas tostadas Naturmundo bolsa 200 g,"3,10 €
(15,50 €/KILO)"
"Patatas fritas, encurtidos y frutos secos",Frutos secos,Palomitas con sal Snack Maniac caja 270 g,"1,25 €
(4,63 €/KILO)"
"Patatas fritas, encurtidos y frutos secos",Frutos secos,Cacahuete frito salado Naturmundo bolsa 250 g,"1,15 €
(4,60 €/KILO)"
"Patatas fritas, encurtidos y frutos secos",Frutos secos,Mix de frutos secos clásico Naturmundo bolsa 200 g,"1,95 €
(9,75 €/KILO)"
Pizzas y platos preparados,Pizzas,Pizza jamón y queso Al Punto bandeja 400 g,"2,49 €
(6,23 €/KILO)"
Pizzas y platos preparados,Pizzas,Pizza barbacoa Al Punto bandeja 425 g,"2,59 €
(6,09 €/KILO)"
Pizzas y platos preparados,Pizzas,Pizza 4 quesos Al Punto bandeja 390 g,"2,69 €
(6,90 €/KILO)"
Pizzas y platos preparados,Pizzas,Pizza carbonara Al Punto bandeja 400 g,"2,69 €
(6,73 €/KILO)"
Pizzas y platos preparados,Pizzas,Pizza atún y bacon Al Punto bandeja 400 g,"2,69 €
(6,73 €/KILO)"
Pizzas y platos preparados,Pizzas,Pizza jamón y queso Casa Tarradellas bandeja 2 x 225 g,"3,19 €
(7,09 €/KILO)"
Pizzas y platos preparados,Pizzas,Pizza pollo Al Punto bandeja 400 g,"2,69 €
(6,73 €/KILO)"
Pizzas y platos preparados,Pizzas,Pizza smoky grilled pork Al Punto bandeja 480 g,"2,99 €
(6,23 €/KILO)"
Pizzas y platos preparados,Pizzas,Pizza serrana Al Punto bandeja 390 g,"2,69 €
(6,90 €/KILO)"
Pizzas y platos preparados,Precocinados envasados,Flautas de pollo y 2 quesos Al Punto bandeja 275 g,"1,95 €
(7,09 €/KILO)"
Pizzas y platos preparados,Precocinados envasados,Fabada asturiana Al Punto lata 435 g,"1,50 €
(3,45 €/KILO)"
Pizzas y platos preparados,Precocinados envasados,Fabada asturiana Litoral lata 420 g,"2,50 €
(5,95 €/KILO)"
Pizzas y platos preparados,Precocinados envasados,Lasaña boloñesa Al Punto bandeja 350 g,"2,65 €
(7,57 €/KILO)"
Pizzas y platos preparados,Precocinados envasados,Flautas de bacon y 2 quesos Al Punto bandeja 275 g,"1,95 €
(7,09 €/KILO)"
Pizzas y platos preparados,Precocinados envasados,Lentejas con chorizo Al Punto lata 415 g,"1,35 €
(3,25 €/KILO)"
Pizzas y platos preparados,Precocinados envasados,Albóndigas Al Punto lata 415 g,"1,80 €
(4,34 €/KILO)"
Pizzas y platos preparados,Precocinados envasados,Ensaladilla rusa Al Punto bandeja 250 g,"1,79 €
(7,16 €/KILO)"
Pizzas y platos preparados,Precocinados envasados,Migas con chorizo Al Punto bandeja 250 g,"1,89 €
(7,56 €/KILO)"
Pizzas y platos preparados,Comida internacional,Tortillas trigo Al Punto bolsa 320 g,"1,35 €
(4,22 €/KILO)"
Pizzas y platos preparados,Comida internacional,Tortilla integral Al Punto bolsa 320 g,"1,79 €
(5,59 €/KILO)"
Pizzas y platos preparados,Comida internacional,Tortillas de trigo Old El Paso bolsa 244 g,"2,35 €
(9,63 €/KILO)"
Pizzas y platos preparados,Comida internacional,Sazonador para fajitas Al Punto sobre 30 g,"0,85 €
(28,33 €/KILO)"
Pizzas y platos preparados,Comida internacional,Rollitos de primavera Al Punto bandeja 280 g,"2,45 €
(8,75 €/KILO)"
Pizzas y platos preparados,Comida internacional,Pasta oriental fusian sabor pollo Maggi sobre 71 g,"0,90 €
(12,68 €/KILO)"
Pizzas y platos preparados,Comida internacional,Gyozas de pollo y verduras al teppanyaki Al Punto bandeja 140 g,"2,95 €
(21,07 €/KILO)"
Pizzas y platos preparados,Comida internacional,Noodles orientales sabor pollo Dia vaso 65 g,"0,95 €
(14,62 €/KILO)"
Pizzas y platos preparados,Comida internacional,Noodles sabor pollo Al Punto sobre 85 g,"0,95 €
(11,18 €/KILO)"
Pizzas y platos preparados,Tortillas y empanadas,Tortilla de patatas con cebolla Al Punto bandeja 600 g,"2,59 €
(4,32 €/KILO)"
Pizzas y platos preparados,Tortillas y empanadas,Empanada de atún El molino de Dia bolsa 550 g,"3,49 €
(6,35 €/KILO)"
Pizzas y platos preparados,Tortillas y empanadas,Tortilla de patatas sin cebolla Al Punto bandeja 600 g,"2,59 €
(4,32 €/KILO)"
Pizzas y platos preparados,Tortillas y empanadas,Mini tortilla de patatas con cebolla Al Punto bandeja 220 g,"1,29 €
(5,86 €/KILO)"
Pizzas y platos preparados,Tortillas y empanadas,Empanada de pollo El molino de Dia 550 g,"3,49 €
(6,35 €/KILO)"
Pizzas y platos preparados,Tortillas y empanadas,Empanada de carne El molino de Dia bolsa 550 g,"3,49 €
(6,35 €/KILO)"
Pizzas y platos preparados,Tortillas y empanadas,Empanada de pollo El molino de Dia bolsa 120 g,"0,69 €
(5,75 €/KILO)"
Pizzas y platos preparados,Tortillas y empanadas,Tortilla de patata fresca Al Punto bandeja 600 g,"2,95 €
(4,92 €/KILO)"
Pizzas y platos preparados,Tortillas y empanadas,Empanada de bacalao El molino de Dia bolsa 550 g,"3,49 €
(6,35 €/KILO)"
Congelados,Helados y hielo,Hielo en cubitos bolsa 2 Kg,"0,99 €
(0,50 €/KILO)"
Congelados,Helados y hielo,Helado sabor dulce de leche Temptation tarrina 525 g,"2,89 €
(5,50 €/KILO)"
Congelados,Helados y hielo,Helado cookie dough Temptation tarrina 350 g,"2,99 €
(8,54 €/KILO)"
Congelados,Helados y hielo,Helado bombón mini surtido 8 unidades Temptation estuche 288 g,"2,39 €
(8,30 €/KILO)"
Congelados,Helados y hielo,Helado cono de nata y chocolate 4 unidades Temptation caja 272 g,"1,79 €
(6,58 €/KILO)"
Congelados,Helados y hielo,Tarta laminada nata y chocolate Temptation caja 525 g,"2,29 €
(4,36 €/KILO)"
Congelados,Helados y hielo,Helado mini bombón mix Magnum caja 6 + 2 uds 356 g,"4,99 €
(14,02 €/KILO)"
Congelados,Helados y hielo,Helado sabor stracciatella Temptation tarrina 525 g,"2,89 €
(5,50 €/KILO)"
Congelados,Helados y hielo,Helado sándwich de nata 6 unidades Temptation caja 300 g,"1,99 €
(6,63 €/KILO)"
Congelados,"Pizzas, bases y masas",Pizza 4 quesos Al punto caja 400 g,"2,49 €
(6,23 €/KILO)"
Congelados,"Pizzas, bases y masas",Baguette jamón y queso 2 unidades Al Punto caja 250 g,"1,89 €
(7,56 €/KILO)"
Congelados,"Pizzas, bases y masas",Bases de pizza finas 3 unidades Al Punto bolsa 420 g,"1,99 €
(4,74 €/KILO)"
Congelados,"Pizzas, bases y masas",Mini pizzas jamón y queso Al Punto caja 270 g,"2,49 €
(9,22 €/KILO)"
Congelados,"Pizzas, bases y masas",Pizza jamón y queso Buitoni Forno di pietra caja 350 g,"3,65 €
(10,43 €/KILO)"
Congelados,"Pizzas, bases y masas",Pizza caprese Buitoni Forno di pietra caja 350 g,"3,65 €
(10,43 €/KILO)"
Congelados,"Pizzas, bases y masas",Pizza reina 2 unidades Al Punto caja 700 g,"3,39 €
(4,84 €/KILO)"
Congelados,"Pizzas, bases y masas",Pizza crispy bacon Al Punto caja 450 g,"3,99 €
(8,87 €/KILO)"
Congelados,"Pizzas, bases y masas",Pizza barbacoa Al punto caja 350 g,"2,49 €
(7,11 €/KILO)"
Congelados,Pescado y marisco,Filete de merluza argentino sin piel Mari Marinera bolsa 400 g,"3,19 €
(7,98 €/KILO)"
Congelados,Pescado y marisco,Rabas empanadas Mari Marinera bolsa 400 g,"2,89 €
(7,23 €/KILO)"
Congelados,Pescado y marisco,Muslitos de mar Mari Marinera caja 250 g,"1,49 €
(5,96 €/KILO)"
Congelados,Pescado y marisco,Lomos de salmón Selección Mundial bolsa 250 g,"6,39 €
(25,56 €/KILO)"
Congelados,Pescado y marisco,Filetes de bacalao MSC Mari Marinera bandeja 400 g,"5,59 €
(13,98 €/KILO)"
Congelados,Pescado y marisco,Filete de merluza del cabo sin piel MSC Mari Marinera bolsa 600 g,"5,29 €
(8,82 €/KILO)"
Congelados,Pescado y marisco,Merluza rebozada al huevo MSC Mari Marinera caja 340 g,"2,79 €
(8,21 €/KILO)"
Congelados,Pescado y marisco,Caprichos del mar Mari Marinera bolsa 400 g,"1,79 €
(4,48 €/KILO)"
Congelados,Pescado y marisco,Gambas peladas medianas 70/90 piezas Mari Marinera bolsa 350 g,"4,79 €
(13,69 €/KILO)"
Congelados,Carne y pollo,Nuggets de pollo Al Punto bolsa 400 g,"2,99 €
(7,48 €/KILO)"
Congelados,Carne y pollo,San jacobo Al Punto bolsa 320 g,"1,19 €
(3,72 €/KILO)"
Congelados,Carne y pollo,Fingers de pollo Al Punto bolsa 400 g,"3,19 €
(7,98 €/KILO)"
Congelados,Carne y pollo,Kebab loncheado de pollo Gourmet Kebab bolsa 250 g,"3,49 €
(13,96 €/KILO)"
Congelados,Carne y pollo,Crunchy de pollo con salsa barbacoa Fripozo bolsa 300 g,"2,39 €
(7,97 €/KILO)"
Congelados,Carne y pollo,Nuggets de pollo y queso Al Punto bolsa 400 g,"3,19 €
(7,98 €/KILO)"
Congelados,Carne y pollo,Nuggets La cocinera caja 350 g,"4,99 €
(14,26 €/KILO)"
Congelados,Carne y pollo,Finger de pollo La cocinera caja 320 g,"4,99 €
(15,59 €/KILO)"
Congelados,"Verduras, hortalizas y salteados",Mezcla de pimientos Vegecampo bolsa 400 g,"1,15 €
(2,88 €/KILO)"
Congelados,"Verduras, hortalizas y salteados",Arroz tres delicias Al Punto bolsa 850 g,"2,47 €
(2,91 €/KILO)"
Congelados,"Verduras, hortalizas y salteados",Cebolla troceada Vegecampo bolsa 400 g,"0,98 €
(2,45 €/KILO)"
Congelados,"Verduras, hortalizas y salteados",Braseado de verduras con pollo asado Al Punto bolsa 400 g,"1,51 €
(3,78 €/KILO)"
Congelados,"Verduras, hortalizas y salteados",Guisantes Vegecampo bolsa 1 Kg,"1,59 €
(1,59 €/KILO)"
Congelados,"Verduras, hortalizas y salteados",Brócoli Vegecampo bolsa 900 g,"1,85 €
(2,06 €/KILO)"
Congelados,"Verduras, hortalizas y salteados",Salteado de setas Al Punto bolsa 450 g,"1,65 €
(3,67 €/KILO)"
Congelados,"Verduras, hortalizas y salteados",Espinacas cortadas Vegecampo bolsa 450 g,"0,89 €
(1,98 €/KILO)"
Congelados,"Verduras, hortalizas y salteados",Judías verdes planas Vegecampo bolsa 1 Kg,"1,55 €
(1,55 €/KILO)"
Congelados,Patatas fritas,Patatas prefritas Patatas Unidas bolsa 2 Kg,"3,25 €
(1,63 €/KILO)"
Congelados,Patatas fritas,Patatas prefritas Patatas Unidas bolsa 1 Kg,"1,79 €
(1,79 €/KILO)"
Congelados,Patatas fritas,Patatas finas prefritas Patatas Unidas bolsa 1 Kg,"1,90 €
(1,90 €/KILO)"
Congelados,Patatas fritas,Patatas gajo Patatas Unidas bolsa 750 g,"1,90 €
(2,53 €/KILO)"
Congelados,Patatas fritas,Patatas fritas tradition McCain bolsa 1 Kg,"3,79 €
(3,79 €/KILO)"
Congelados,Patatas fritas,Patatas bravas prefritas Patatas Unidas bolsa 750 g,"1,79 €
(2,39 €/KILO)"
Congelados,Patatas fritas,Patatas fritas corte fino Julienne McCain Airfryer bolsa 600 g,"3,39 €
(5,65 €/KILO)"
Congelados,Patatas fritas,Patatas fritas con piel McCain Chef Gourmet bolsa 500 g,"3,39 €
(6,78 €/KILO)"
Congelados,Patatas fritas,Patatas fritas golden long McCain bolsa 1 Kg,"3,79 €
(3,79 €/KILO)"
Congelados,Croquetas y rebozados,Mini empanadillas de atún Al Punto bolsa 400 g,"1,49 €
(3,73 €/KILO)"
Congelados,Croquetas y rebozados,Croquetas de jamón Al Punto bolsa 500 g,"1,25 €
(2,50 €/KILO)"
Congelados,Croquetas y rebozados,Gyozas de pollo Vici bolsa 400 g,"3,99 €
(9,98 €/KILO)"
Congelados,Croquetas y rebozados,Empanadillas de atún MSC La cocinera caja 312 g,"4,99 €
(15,99 €/KILO)"
Congelados,Croquetas y rebozados,Empanadillas de atún Al Punto bolsa 500 g,"1,89 €
(3,78 €/KILO)"
Congelados,Croquetas y rebozados,Palitos de mozzarella Al Punto bolsa 300 g,"2,59 €
(8,63 €/KILO)"
Congelados,Croquetas y rebozados,Croquetas de pollo Al Punto bolsa 450 g,"1,49 €
(3,31 €/KILO)"
Congelados,Croquetas y rebozados,Croquetas de cocido Al Punto bolsa 350 g,"1,89 €
(5,40 €/KILO)"
Congelados,Croquetas y rebozados,Croquetas de jamón ibérico Al Punto bolsa 350 g,"2,49 €
(7,11 €/KILO)"
Congelados,Churros y postres,Churros lazo Al Punto bolsa 500 g,"1,49 €
(2,98 €/KILO)"
Congelados,Churros y postres,Porras fritas Al Punto bolsa 250 g,"1,99 €
(7,96 €/KILO)"
Congelados,Churros y postres,Frutos rojos Congelados de Navarra bolsa 300 g,"1,59 €
(5,30 €/KILO)"
Congelados,Churros y postres,Fresas congeladas La cuerva bolsa 300 g,"1,65 €
(5,50 €/KILO)"
Congelados,Churros y postres,Tarta de queso con galletas oreo Oreo caja 350 g,"7,49 €
(21,40 €/KILO)"
Congelados,Churros y postres,Tarta bombón San Martín bandeja 1 Kg,"10,95 €
(10,95 €/KILO)"
Congelados,Churros y postres,Tarta de queso con frambuesas Philadelphia caja 390 g,"7,35 €
(18,85 €/KILO)"
Congelados,Churros y postres,Tarta de zanahoria San Martín bandeja 770 g,"10,59 €
(13,75 €/KILO)"
Congelados,Churros y postres,Brazo de chocolate Sietem bandeja 500 g,"6,99 €
(13,98 €/KILO)"
Congelados,Lasañas y pasta,Lasaña boloñesa Al Punto caja 300 g,"1,69 €
(5,63 €/KILO)"
Congelados,Lasañas y pasta,Canelón de carne Al Punto bolsa 300 g,"1,69 €
(5,63 €/KILO)"
Congelados,Lasañas y pasta,Canelón de atún Al Punto caja 300 g,"1,69 €
(5,63 €/KILO)"
Congelados,Lasañas y pasta,Lasaña de verdura Al Punto bolsa 300 g,"1,69 €
(5,63 €/KILO)"
Congelados,Lasañas y pasta,Macarrones con chorizo Congelados de Navarra bolsa 550 g,"2,69 €
(4,89 €/KILO)"
Congelados,Lasañas y pasta,Lasaña boloñesa La cocinera caja 500 g,"4,99 €
(9,98 €/KILO)"
"Agua, refrescos y zumos",Agua,Agua mineral natural Dia garrafa 5 l,"0,65 €
(0,13 €/LITRO)"
"Agua, refrescos y zumos",Agua,Agua mineral natural Dia botella 1.5 l,"0,25 €
(0,17 €/LITRO)"
"Agua, refrescos y zumos",Agua,Agua mineral con gas Dia botella 1.5 l,"0,41 €
(0,27 €/LITRO)"
"Agua, refrescos y zumos",Agua,Agua mineral natural Aquarel botella 1.5 l,"0,59 €
(0,39 €/LITRO)"
"Agua, refrescos y zumos",Agua,Agua mineral natural Font Vella botella 1.5 l,"0,73 €
(0,49 €/LITRO)"
"Agua, refrescos y zumos",Agua,Agua mineral natural Solán de Cabras botella 1.5 l,"0,83 €
(0,55 €/LITRO)"
"Agua, refrescos y zumos",Agua,Agua mineral natural Bezoya botella 6 x 1.5 l,"4,50 €
(0,50 €/LITRO)"
"Agua, refrescos y zumos",Agua,Agua mineral natural Dia botella 50 cl,"0,22 €
(0,44 €/LITRO)"
"Agua, refrescos y zumos",Agua,Agua mineral natural Dia botella 33 cl,"0,24 €
(0,73 €/LITRO)"
"Agua, refrescos y zumos",Cola,Refresco de cola zero Coca-Cola lata 12 x 33 cl,"10,44 €
(2,64 €/LITRO)"
"Agua, refrescos y zumos",Cola,Refresco de cola clásica Coca-Cola lata 12 x 33 cl,"9,72 €
(2,45 €/LITRO)"
"Agua, refrescos y zumos",Cola,Refresco de cola zero Coca-Cola botella 2 x 2 l,"3,70 €
(0,93 €/LITRO)"
"Agua, refrescos y zumos",Cola,Refresco de cola clásica Coca-Cola botella 2 x 2 l,"3,70 €
(0,93 €/LITRO)"
"Agua, refrescos y zumos",Cola,Refresco de cola zero Hola Cola botella 6 x 50 cl,"3,30 €
(1,10 €/LITRO)"
"Agua, refrescos y zumos",Cola,Refresco de cola zero Hola Cola botella 2 l,"0,70 €
(0,35 €/LITRO)"
"Agua, refrescos y zumos",Cola,Refresco de cola zero Hola Cola lata 12 x 33 cl,"3,84 €
(0,97 €/LITRO)"
"Agua, refrescos y zumos",Cola,Refresco de cola zero sin cafeína Hola Cola lata 6 x 33 cl,"1,92 €
(0,97 €/LITRO)"
"Agua, refrescos y zumos",Cola,Refresco de cola Hola Cola botella 4 x 2 l,"3,20 €
(0,40 €/LITRO)"
"Agua, refrescos y zumos","Gaseosa, soda",Gaseosa cero Gaseosa botella 1.5 l,"0,50 €
(0,33 €/LITRO)"
"Agua, refrescos y zumos","Gaseosa, soda",Gaseosa cero Gaseosa botella 50 cl,"0,32 €
(0,64 €/LITRO)"
"Agua, refrescos y zumos","Gaseosa, soda",Gaseosa Casera botella 1.5 l,"1,20 €
(0,80 €/LITRO)"
"Agua, refrescos y zumos","Gaseosa, soda",Gaseosa Casera botella 50 cl,"0,85 €
(1,70 €/LITRO)"
"Agua, refrescos y zumos","Gaseosa, soda",Gaseosa Geiser botella 1.5 l,"1,75 €
(1,17 €/LITRO)"
"Agua, refrescos y zumos","Gaseosa, soda",Gaseosa en polvo edulcorado El tigre sobre 39 g,"0,80 €
(20,51 €/KILO)"
"Agua, refrescos y zumos",Naranja,Refresco de naranja Fanta lata 9 x 33 cl,"6,57 €
(2,21 €/LITRO)"
"Agua, refrescos y zumos",Naranja,Refresco de naranja Fanta botella 2 x 2 l,"3,50 €
(0,88 €/LITRO)"
"Agua, refrescos y zumos",Naranja,Refresco de naranja zero Upss botella 2 l,"0,95 €
(0,48 €/LITRO)"
"Agua, refrescos y zumos",Naranja,Refresco de naranja zero Fanta botella 2 l,"1,79 €
(0,90 €/LITRO)"
"Agua, refrescos y zumos",Naranja,Refresco de naranja zero Fanta lata 33 cl,"0,75 €
(2,27 €/LITRO)"
"Agua, refrescos y zumos",Naranja,Refresco de naranja Upss botella 2 l,"0,95 €
(0,48 €/LITRO)"
"Agua, refrescos y zumos",Naranja,Refresco de naranja Upss lata 33 cl,"0,35 €
(1,06 €/LITRO)"
"Agua, refrescos y zumos",Naranja,Refresco de naranja Fanta lata 33 cl,"0,75 €
(2,27 €/LITRO)"
"Agua, refrescos y zumos",Naranja,Refresco de naranja sin gas Upss botella 1.5 l,"1,05 €
(0,70 €/LITRO)"
"Agua, refrescos y zumos","Limón, lima limón",Refresco de limón Fanta botella 2 l,"1,79 €
(0,90 €/LITRO)"
"Agua, refrescos y zumos","Limón, lima limón",Refresco de limón zero Fanta botella 2 l,"1,79 €
(0,90 €/LITRO)"
"Agua, refrescos y zumos","Limón, lima limón",Refresco de limón zero Upss botella 2 l,"0,95 €
(0,48 €/LITRO)"
"Agua, refrescos y zumos","Limón, lima limón",Refresco de limón 6% zumo con gas Upss botella 2 l,"0,95 €
(0,48 €/LITRO)"
"Agua, refrescos y zumos","Limón, lima limón",Refresco de lima limón Upss botella 2 l,"0,95 €
(0,48 €/LITRO)"
"Agua, refrescos y zumos","Limón, lima limón",Refresco de limón Upss lata 33 cl,"0,35 €
(1,06 €/LITRO)"
"Agua, refrescos y zumos","Limón, lima limón",Refresco de limón zero Fanta lata 33 cl,"0,75 €
(2,27 €/LITRO)"
"Agua, refrescos y zumos","Limón, lima limón",Refresco de limón sin gas Upss botella 1.5 l,"1,05 €
(0,70 €/LITRO)"
"Agua, refrescos y zumos","Limón, lima limón",Refresco de limón Fanta lata 33 cl,"0,75 €
(2,27 €/LITRO)"
"Agua, refrescos y zumos","Tés fríos, cafés frios",Refresco de té al limón zero Upss botella 1.5 l,"0,99 €
(0,66 €/LITRO)"
"Agua, refrescos y zumos","Tés fríos, cafés frios",Refresco de té al limón Upss botella 1.5 l,"0,79 €
(0,53 €/LITRO)"
"Agua, refrescos y zumos","Tés fríos, cafés frios",Refresco de té al limón sin azúcar Nestea botella 1.5 l,"1,99 €
(1,33 €/LITRO)"
"Agua, refrescos y zumos","Tés fríos, cafés frios",Refresco de té al limón sin azúcar Nestea lata 33 cl,"0,99 €
(3,00 €/LITRO)"
"Agua, refrescos y zumos","Tés fríos, cafés frios",Refresco de té al melocotón Upss botella 1.5 l,"0,79 €
(0,53 €/LITRO)"
"Agua, refrescos y zumos","Tés fríos, cafés frios",Refresco de té al limón Upss lata 33 cl,"0,50 €
(1,52 €/LITRO)"
"Agua, refrescos y zumos","Tés fríos, cafés frios",Refresco de té al limón Nestea botella 1.5 l,"1,99 €
(1,33 €/LITRO)"
"Agua, refrescos y zumos","Tés fríos, cafés frios",Refresco de té sabor hierbabuena y limón zero Tetería botella 1.5 l,"1,05 €
(0,70 €/LITRO)"
"Agua, refrescos y zumos","Tés fríos, cafés frios",Café cappuccino Cafetería vaso 230 ml,"0,95 €
(4,13 €/LITRO)"
"Agua, refrescos y zumos",Tónicas,Tónica Toni Tónico lata 33 cl,"0,37 €
(1,12 €/LITRO)"
"Agua, refrescos y zumos",Tónicas,Tónica zero Schweppes lata 33 cl,"0,95 €
(2,88 €/LITRO)"
"Agua, refrescos y zumos",Tónicas,Tónica Schweppes botella 1 l,"1,90 €
(1,90 €/LITRO)"
"Agua, refrescos y zumos",Tónicas,Tónica Toni Tónico botella 1.5 l,"0,95 €
(0,63 €/LITRO)"
"Agua, refrescos y zumos",Tónicas,Tónica premium bohemian berry sensation Royal Bliss lata 25 cl,"0,75 €
(3,00 €/LITRO)"
"Agua, refrescos y zumos",Tónicas,Tónica Schweppes lata 33 cl,"0,95 €
(2,88 €/LITRO)"
"Agua, refrescos y zumos",Tónicas,Tónica pink Schweppes lata 33 cl,"0,95 €
(2,88 €/LITRO)"
"Agua, refrescos y zumos",Tónicas,Tónica de limón Schweppes lata 33 cl,"0,95 €
(2,88 €/LITRO)"
"Agua, refrescos y zumos",Tónicas,Tónica zero Schweppes botella 1 l,"1,90 €
(1,90 €/LITRO)"
"Agua, refrescos y zumos",Bebidas energéticas,Bebida energética El diablo lata 250 ml,"0,45 €
(1,80 €/LITRO)"
"Agua, refrescos y zumos",Bebidas energéticas,Bebida energética zero El diablo lata 250 ml,"0,45 €
(1,80 €/LITRO)"
"Agua, refrescos y zumos",Bebidas energéticas,Bebida energética green Monster lata 500 ml,"1,79 €
(3,58 €/LITRO)"
"Agua, refrescos y zumos",Bebidas energéticas,Bebida energética ultra Monster lata 500 ml,"1,79 €
(3,58 €/LITRO)"
"Agua, refrescos y zumos",Bebidas energéticas,Bebida energética de guaraná El diablo lata 500 ml,"0,99 €
(1,98 €/LITRO)"
"Agua, refrescos y zumos",Bebidas energéticas,Bebida energética mango loco Monster lata 500 ml,"1,79 €
(3,58 €/LITRO)"
"Agua, refrescos y zumos",Bebidas energéticas,Bebida energética Red bull lata 4 x 250 ml,"5,35 €
(5,35 €/LITRO)"
"Agua, refrescos y zumos",Bebidas energéticas,Bebida energética de mojito El diablo lata 250 ml,"0,59 €
(2,36 €/LITRO)"
"Agua, refrescos y zumos",Bebidas energéticas,Bebida energética sin azúcar Red bull lata 250 ml,"1,59 €
(6,36 €/LITRO)"
"Agua, refrescos y zumos",Bebidas isotónicas,Bebida refrescante de limón Aquarius botella 2 x 1.5 l,"3,80 €
(1,27 €/LITRO)"
"Agua, refrescos y zumos",Bebidas isotónicas,Bebida refrescante de limón zero Aquarius botella 1.5 l,"1,99 €
(1,33 €/LITRO)"
"Agua, refrescos y zumos",Bebidas isotónicas,Refrescante aromatizada naranja Get move botella 1.5 l,"1,00 €
(0,67 €/LITRO)"
"Agua, refrescos y zumos",Bebidas isotónicas,Bebida refrescante aromatizada cítrico zero Get move botella 1.5 l,"1,05 €
(0,70 €/LITRO)"
"Agua, refrescos y zumos",Bebidas isotónicas,Bebida refrescante aromatizada cítrico Get move botella 1.5 l,"0,85 €
(0,57 €/LITRO)"
"Agua, refrescos y zumos",Bebidas isotónicas,Bebida refrescante de limón Aquarius lata 9 x 33 cl,"7,65 €
(2,58 €/LITRO)"
"Agua, refrescos y zumos",Bebidas isotónicas,Bebida refrescante aromatizada azul Get move botella 500 ml,"0,60 €
(1,20 €/LITRO)"
"Agua, refrescos y zumos",Bebidas isotónicas,Bebida refrescante de limón Aquarius botella 1.5 l,"1,99 €
(1,33 €/LITRO)"
"Agua, refrescos y zumos",Bebidas isotónicas,Bebida refrescante de naranja Aquarius botella 1.5 l,"1,99 €
(1,33 €/LITRO)"
"Agua, refrescos y zumos",Zumos,Zumo de naranja 100% con pulpa Zumosfera brik 1 l,"1,75 €
(1,75 €/LITRO)"
"Agua, refrescos y zumos",Zumos,Zumo de naranja 100% sin pulpa Zumosfera brik 1 l,"1,75 €
(1,75 €/LITRO)"
"Agua, refrescos y zumos",Zumos,"Zumo de piña, manzana y uva 100% Zumosfera brik 6 x 200 ml","1,40 €
(1,17 €/LITRO)"
"Agua, refrescos y zumos",Zumos,Zumo de melocotón y uva Zumosfera brik 6 x 200 ml,"1,60 €
(1,33 €/LITRO)"
"Agua, refrescos y zumos",Zumos,Zumo de manzana 100% Zumosfera brik 1 l,"0,99 €
(0,99 €/LITRO)"
"Agua, refrescos y zumos",Zumos,Zumo de naranja exprimida con pulpa Don Simón brik 1 l,"2,95 €
(2,95 €/LITRO)"
"Agua, refrescos y zumos",Zumos,Néctar naranja Granini botella 1 l,"2,69 €
(2,69 €/LITRO)"
"Agua, refrescos y zumos",Zumos,Bebida de frutas con leche mediterráneo Zumosfera brik 6 x 200 ml,"1,25 €
(1,04 €/LITRO)"
"Agua, refrescos y zumos",Zumos,Zumo tropical sin azúcares añadidos Zumosfera brik 1 l,"0,70 €
(0,70 €/LITRO)"
"Agua, refrescos y zumos",Otras bebidas,Bitter Bobby Bitter lata 25 cl,"0,55 €
(2,20 €/LITRO)"
"Agua, refrescos y zumos",Otras bebidas,Refresco sin gas de naranja y zanahoria Upss botella 1.5 l,"1,09 €
(0,73 €/LITRO)"
"Agua, refrescos y zumos",Otras bebidas,Refresco sin gas de manzana Upss botella 1.5 l,"1,05 €
(0,70 €/LITRO)"
"Agua, refrescos y zumos",Otras bebidas,Refresco de fresa Tang bolsa 30 g,"0,83 €
(27,67 €/KILO)"
"Agua, refrescos y zumos",Otras bebidas,Refresco en polvo sabor tropical Tang bolsa 30 g,"0,83 €
(27,67 €/KILO)"
"Agua, refrescos y zumos",Otras bebidas,Refresco de sandía sin azúcar Fanta lata 33 cl,"0,75 €
(2,27 €/LITRO)"
"Agua, refrescos y zumos",Otras bebidas,Refresco tropical sin gas Enjoy botella 1.5 l,"1,19 €
(0,79 €/LITRO)"
"Agua, refrescos y zumos",Otras bebidas,Refresco en polvo sabor naranja Tang bolsa 30 g,"0,83 €
(27,67 €/KILO)"
"Agua, refrescos y zumos",Otras bebidas,Bitter Kas lata 33 cl,"0,99 €
(3,00 €/LITRO)"
"Cervezas, vinos y bebidas con alcohol",Cervezas,Cerveza lager Ramblers lata 12 x 33 cl,"3,72 €
(0,94 €/LITRO)"
"Cervezas, vinos y bebidas con alcohol",Cervezas,Cerveza lager Ramblers botella plástico 1 l,"0,95 €
(0,95 €/LITRO)"
"Cervezas, vinos y bebidas con alcohol",Cervezas,Cerveza clásica Mahou lata 24 x 33 cl,"17,29 €
(2,18 €/LITRO)"
"Cervezas, vinos y bebidas con alcohol",Cervezas,Cerveza Mahou 5 Estrellas lata 12 x 33 cl,"9,96 €
(2,52 €/LITRO)"
"Cervezas, vinos y bebidas con alcohol",Cervezas,Cerveza especial Estrella Galicia lata 33 cl,"0,84 €
(2,55 €/LITRO)"
"Cervezas, vinos y bebidas con alcohol",Cervezas,Cerveza Amstel lata 12 x 33 cl,"8,52 €
(2,15 €/LITRO)"
"Cervezas, vinos y bebidas con alcohol",Cervezas,Cerveza lager Ramblers lata 33 cl,"0,31 €
(0,94 €/LITRO)"
"Cervezas, vinos y bebidas con alcohol",Cervezas,Cerveza lager Ramblers botella 6 x 25 cl,"2,09 €
(1,39 €/LITRO)"
"Cervezas, vinos y bebidas con alcohol",Cervezas,Cerveza especial Ramblers lata 33 cl,"0,37 €
(1,12 €/LITRO)"
"Cervezas, vinos y bebidas con alcohol",Cervezas especiales,Cerveza extra malta Ramblers lata 33 cl,"0,55 €
(1,67 €/LITRO)"
"Cervezas, vinos y bebidas con alcohol",Cervezas especiales,Cerveza tostada Ramblers lata 33 cl,"0,49 €
(1,48 €/LITRO)"
"Cervezas, vinos y bebidas con alcohol",Cervezas especiales,Cerveza de trigo Ramblers botella 50 cl,"1,05 €
(2,10 €/LITRO)"
"Cervezas, vinos y bebidas con alcohol",Cervezas especiales,Cerveza muy suave Ramblers botella 33 cl,"0,75 €
(2,27 €/LITRO)"
"Cervezas, vinos y bebidas con alcohol",Cervezas especiales,Cerveza 100% malta Ramblers lata 33 cl,"0,45 €
(1,36 €/LITRO)"
"Cervezas, vinos y bebidas con alcohol",Cervezas especiales,Cerveza doble malta Voll Damm lata 33 cl,"0,99 €
(3,00 €/LITRO)"
"Cervezas, vinos y bebidas con alcohol",Cervezas especiales,Cerveza de trigo alemana Paulaner botella 50 cl,"1,99 €
(3,98 €/LITRO)"
"Cervezas, vinos y bebidas con alcohol",Cervezas especiales,Cerveza reserva 1925 Alhambra botella 4 x 33 cl,"5,89 €
(4,46 €/LITRO)"
"Cervezas, vinos y bebidas con alcohol",Cervezas especiales,Cerveza reserva 1925 Alhambra botella 6 x 225 ml,"5,99 €
(4,44 €/LITRO)"
"Cervezas, vinos y bebidas con alcohol",Cervezas con limón,Cerveza radler con zumo de limón Ramblers lata 33 cl,"0,40 €
(1,21 €/LITRO)"
"Cervezas, vinos y bebidas con alcohol",Cervezas con limón,Cerveza sabor limón shandy sin alcohol Ramblers lata 33 cl,"0,42 €
(1,27 €/LITRO)"
"Cervezas, vinos y bebidas con alcohol",Cervezas con limón,Cerveza radler con limón Amstel lata 12 x 33 cl,"8,99 €
(2,27 €/LITRO)"
"Cervezas, vinos y bebidas con alcohol",Cervezas con limón,"Cerveza radler con limón 0,0% alcohol San Miguel lata 33 cl","0,70 €
(2,12 €/LITRO)"
"Cervezas, vinos y bebidas con alcohol",Cervezas con limón,Cerveza con limón Shandy botella 6 x 25 cl,"3,19 €
(2,13 €/LITRO)"
"Cervezas, vinos y bebidas con alcohol",Cervezas con limón,Cerveza radler con limón Amstel lata 33 cl,"0,79 €
(2,39 €/LITRO)"
"Cervezas, vinos y bebidas con alcohol",Cervezas con limón,"Cerveza radler con limón 0,0% alcohol Amstel lata 33 cl","0,79 €
(2,39 €/LITRO)"
"Cervezas, vinos y bebidas con alcohol",Cervezas con limón,Cerveza con limón Mahou Mixta lata 33 cl,"0,79 €
(2,39 €/LITRO)"
"Cervezas, vinos y bebidas con alcohol",Cervezas con limón,Cerveza con limón Mahou Mixta botella 6 x 25 cl,"3,79 €
(2,53 €/LITRO)"
"Cervezas, vinos y bebidas con alcohol",Cervezas sin alcohol,"Cerveza 0,0% alcohol Ramblers lata 33 cl","0,35 €
(1,06 €/LITRO)"
"Cervezas, vinos y bebidas con alcohol",Cervezas sin alcohol,"Cerveza tostada 0,0% alcohol Ramblers lata 33 cl","0,48 €
(1,45 €/LITRO)"
"Cervezas, vinos y bebidas con alcohol",Cervezas sin alcohol,"Cerveza tostada 0,0% alcohol Mahou lata 12 x 33 cl","7,29 €
(1,84 €/LITRO)"
"Cervezas, vinos y bebidas con alcohol",Cervezas sin alcohol,"Cerveza 0,0% alcohol San Miguel lata 33 cl","0,69 €
(2,09 €/LITRO)"
"Cervezas, vinos y bebidas con alcohol",Cervezas sin alcohol,Cerveza sin alcohol Mahou lata 33 cl,"0,70 €
(2,12 €/LITRO)"
"Cervezas, vinos y bebidas con alcohol",Cervezas sin alcohol,"Cerveza tostada 0,0% alcohol Mahou botella 6 x 25 cl","3,49 €
(2,33 €/LITRO)"
"Cervezas, vinos y bebidas con alcohol",Cervezas sin alcohol,Cerveza sabor limón shandy sin alcohol Ramblers lata 33 cl,"0,42 €
(1,27 €/LITRO)"
"Cervezas, vinos y bebidas con alcohol",Cervezas sin alcohol,"Cerveza tostada 0,0% alcohol Mahou lata 33 cl","0,85 €
(2,58 €/LITRO)"
"Cervezas, vinos y bebidas con alcohol",Cervezas sin alcohol,Cerveza sin alcohol Mahou botella 6 x 25 cl,"2,89 €
(1,93 €/LITRO)"
"Cervezas, vinos y bebidas con alcohol",Tinto de verano y sangría,Tinto de verano con limón Dia botella 1.5 l,"1,25 €
(0,83 €/LITRO)"
"Cervezas, vinos y bebidas con alcohol",Tinto de verano y sangría,Tinto de verano sin alcohol con limón Dia botella 1.5 l,"1,15 €
(0,77 €/LITRO)"
"Cervezas, vinos y bebidas con alcohol",Tinto de verano y sangría,Tinto de verano limón Casera botella 1.5 l,"2,29 €
(1,53 €/LITRO)"
"Cervezas, vinos y bebidas con alcohol",Tinto de verano y sangría,Tinto de verano limón Don Simón botella 1.5 l,"1,85 €
(1,23 €/LITRO)"
"Cervezas, vinos y bebidas con alcohol",Tinto de verano y sangría,Tinto de verano clásico Dia botella 1.5 l,"1,25 €
(0,83 €/LITRO)"
"Cervezas, vinos y bebidas con alcohol",Tinto de verano y sangría,Sangría Dia botella 1.5 l,"1,65 €
(1,10 €/LITRO)"
"Cervezas, vinos y bebidas con alcohol",Tinto de verano y sangría,Sangría Don Simón botella 1.5 l,"2,30 €
(1,53 €/LITRO)"
"Cervezas, vinos y bebidas con alcohol",Tinto de verano y sangría,Tinto de verano limón sin alcohol Don Simón botella 1.5 l,"1,55 €
(1,03 €/LITRO)"
"Cervezas, vinos y bebidas con alcohol",Tinto de verano y sangría,Tinto de verano limón Casera lata 33 cl,"0,89 €
(2,70 €/LITRO)"
"Cervezas, vinos y bebidas con alcohol",Vino tinto,Vino tinto Castillo de Velasco brik 1 l,"1,19 €
(1,19 €/LITRO)"
"Cervezas, vinos y bebidas con alcohol",Vino tinto,Vino tinto joven D.O. La Mancha Ribera de Algodor botella 75 cl,"1,59 €
(2,12 €/LITRO)"
"Cervezas, vinos y bebidas con alcohol",Vino tinto,Vino tinto crianza D.O. Valdepeñas Viña Albalí botella 75 cl,"2,69 €
(3,59 €/LITRO)"
"Cervezas, vinos y bebidas con alcohol",Vino tinto,Vino tinto crianza D.O. Rioja Castillo de Haro botella 75 cl,"4,19 €
(5,59 €/LITRO)"
"Cervezas, vinos y bebidas con alcohol",Vino tinto,Vino tinto crianza D.O. Castilla La Mancha Ribera de Algodor botella 75 cl,"1,79 €
(2,39 €/LITRO)"
"Cervezas, vinos y bebidas con alcohol",Vino tinto,Vino tinto roble D.O. Ribera del Duero Arco del Sol botella 75 cl,"3,79 €
(5,05 €/LITRO)"
"Cervezas, vinos y bebidas con alcohol",Vino tinto,Vino tinto Castillo de Velasco garrafa 2 l,"2,60 €
(1,30 €/LITRO)"
"Cervezas, vinos y bebidas con alcohol",Vino tinto,Vino tinto reserva D.O. Valdepeñas Viña Albalí botella 75 cl,"3,69 €
(4,92 €/LITRO)"
"Cervezas, vinos y bebidas con alcohol",Vino tinto,Vino tinto D.O. Tempranillo Altos de Tamarón botella 75 cl,"2,99 €
(3,99 €/LITRO)"
"Cervezas, vinos y bebidas con alcohol",Vino blanco,Vino blanco Castillo de Velasco brik 1 l,"1,19 €
(1,19 €/LITRO)"
"Cervezas, vinos y bebidas con alcohol",Vino blanco,Vino blanco Don Simón brik 3 x 18.7 cl,"1,50 €
(2,67 €/LITRO)"
"Cervezas, vinos y bebidas con alcohol",Vino blanco,Vino blanco verdejo frizzante Condominium botella 75 cl,"2,99 €
(3,99 €/LITRO)"
"Cervezas, vinos y bebidas con alcohol",Vino blanco,Vino blanco verdejo viura D.O. Rueda Vega del Báron botella 75 cl,"2,09 €
(2,79 €/LITRO)"
"Cervezas, vinos y bebidas con alcohol",Vino blanco,Vino blanco Castillo de Velasco botella 75 cl,"1,29 €
(1,72 €/LITRO)"
"Cervezas, vinos y bebidas con alcohol",Vino blanco,Vino blanco suave y afrutado Oceanus botella 75 cl,"2,19 €
(2,92 €/LITRO)"
"Cervezas, vinos y bebidas con alcohol",Vino blanco,Vino blanco verdejo D.O. Rueda Vega del Báron botella 75 cl,"2,25 €
(3,00 €/LITRO)"
"Cervezas, vinos y bebidas con alcohol",Vino blanco,Vino blanco verdejo Viña Albalí botella 75 cl,"3,39 €
(4,52 €/LITRO)"
"Cervezas, vinos y bebidas con alcohol",Vino blanco,Vino chardonnay D.O. Castilla Señorío de Ayerbe botella 75 cl,"2,19 €
(2,92 €/LITRO)"
"Cervezas, vinos y bebidas con alcohol",Cavas y sidra,Vino rosado lambrusco Dante botella 75 cl,"2,15 €
(2,87 €/LITRO)"
"Cervezas, vinos y bebidas con alcohol",Cavas y sidra,Sidra espumosa Sidrallero botella 6 x 250 ml,"3,59 €
(2,39 €/LITRO)"
"Cervezas, vinos y bebidas con alcohol",Cavas y sidra,Sidra espumosa Sidrallero botella 75 cl,"1,60 €
(2,13 €/LITRO)"
"Cervezas, vinos y bebidas con alcohol",Cavas y sidra,Sidra de manzana Ladrón de manzanas botella 25 cl,"1,19 €
(4,76 €/LITRO)"
"Cervezas, vinos y bebidas con alcohol",Cavas y sidra,Cava semiseco Grand astoria botella 75 cl,"2,95 €
(3,93 €/LITRO)"
"Cervezas, vinos y bebidas con alcohol",Cavas y sidra,Cava brut Grand astoria botella 75 cl,"2,95 €
(3,93 €/LITRO)"
"Cervezas, vinos y bebidas con alcohol",Cavas y sidra,Sidra natural Cortina botella 70 cl,"2,40 €
(3,43 €/LITRO)"
"Cervezas, vinos y bebidas con alcohol",Cavas y sidra,Sidra El gaitero botella 75 cl,"2,35 €
(3,13 €/LITRO)"
"Cervezas, vinos y bebidas con alcohol",Cavas y sidra,Cava brut nature Grand astoria botella 75 cl,"3,95 €
(5,27 €/LITRO)"
"Cervezas, vinos y bebidas con alcohol",Vino rosado,Vino rosado lambrusco Flaminia botella 75 cl,"2,99 €
(3,99 €/LITRO)"
"Cervezas, vinos y bebidas con alcohol",Vino rosado,"Vino frizzante moscato rosado 5,5º Condominium botella 75 cl","2,99 €
(3,99 €/LITRO)"
"Cervezas, vinos y bebidas con alcohol",Vino rosado,Vino rosado D.O. Navarra Viña Ardanche botella 75 cl,"2,15 €
(2,87 €/LITRO)"
"Cervezas, vinos y bebidas con alcohol",Vino rosado,Vino rosado de aguja Peñascal botella 75 cl,"3,85 €
(5,13 €/LITRO)"
"Cervezas, vinos y bebidas con alcohol",Vino rosado,Vino rosado D.O. Valdepeñas Viña Danza botella 75 cl,"1,69 €
(2,25 €/LITRO)"
"Cervezas, vinos y bebidas con alcohol",Vino rosado,Vino rosado Castillo de Velasco brik 1 l,"1,19 €
(1,19 €/LITRO)"
"Cervezas, vinos y bebidas con alcohol",Vino rosado,Vino rosado D.O. Rioja Señorío de Ondas botella 75 cl,"2,50 €
(3,33 €/LITRO)"
"Cervezas, vinos y bebidas con alcohol",Vino rosado,Vino rosado bobal Pinta en Copas botella 75 cl,"1,99 €
(2,65 €/LITRO)"
"Cervezas, vinos y bebidas con alcohol",Vino rosado,Vino rosado D.O. Rioja Castillo de Haro botella 75 cl,"3,09 €
(4,12 €/LITRO)"
"Cervezas, vinos y bebidas con alcohol",Ginebra y vodka,Ginebra Larios botella 1 l,"12,99 €
(12,99 €/LITRO)"
"Cervezas, vinos y bebidas con alcohol",Ginebra y vodka,Ginebra london dry Beefeater botella 70 cl,"13,49 €
(19,27 €/LITRO)"
"Cervezas, vinos y bebidas con alcohol",Ginebra y vodka,Ginebra Seagram's botella 70 cl,"16,49 €
(23,56 €/LITRO)"
"Cervezas, vinos y bebidas con alcohol",Ginebra y vodka,Vodka cinco destilaciones Mikanoff botella 1 l,"6,99 €
(6,99 €/LITRO)"
"Cervezas, vinos y bebidas con alcohol",Ginebra y vodka,Vodka Absolut botella 70 cl,"14,99 €
(21,41 €/LITRO)"
"Cervezas, vinos y bebidas con alcohol",Ginebra y vodka,Ginebra Barmon's botella 70 cl,"5,99 €
(8,56 €/LITRO)"
"Cervezas, vinos y bebidas con alcohol",Ginebra y vodka,Ginebra sabor fresa Barmon's botella 70 cl,"8,99 €
(12,84 €/LITRO)"
"Cervezas, vinos y bebidas con alcohol",Ginebra y vodka,Vodka con sabor a caramelo Mikanoff botella 70 cl,"5,69 €
(8,13 €/LITRO)"
"Cervezas, vinos y bebidas con alcohol",Ginebra y vodka,Ginebra sabor fresa Puerto de Indias botella 70 cl,"16,45 €
(23,50 €/LITRO)"
"Cervezas, vinos y bebidas con alcohol",Ron y whisky,Whisky Dyc botella 1 l,"15,25 €
(15,25 €/LITRO)"
"Cervezas, vinos y bebidas con alcohol",Ron y whisky,Ron añejo Barceló botella 70 cl,"14,95 €
(21,36 €/LITRO)"
"Cervezas, vinos y bebidas con alcohol",Ron y whisky,Whisky Ballantines botella 70 cl,"12,45 €
(17,79 €/LITRO)"
"Cervezas, vinos y bebidas con alcohol",Ron y whisky,Ron añejo Brugal botella 70 cl,"15,70 €
(22,43 €/LITRO)"
"Cervezas, vinos y bebidas con alcohol",Ron y whisky,Whisky J&b botella 70 cl,"11,99 €
(17,13 €/LITRO)"
"Cervezas, vinos y bebidas con alcohol",Ron y whisky,Ron añejo Velero botella 70 cl,"5,99 €
(8,56 €/LITRO)"
"Cervezas, vinos y bebidas con alcohol",Ron y whisky,Whisky red label Johnnie Walker botella 70 cl,"14,49 €
(20,70 €/LITRO)"
"Cervezas, vinos y bebidas con alcohol",Ron y whisky,Ron añejo Negrita botella 50 cl,"6,99 €
(13,98 €/LITRO)"
"Cervezas, vinos y bebidas con alcohol",Ron y whisky,Whisky Burned barrel botella 70 cl,"5,99 €
(8,56 €/LITRO)"
"Cervezas, vinos y bebidas con alcohol",Vermouth,Vermouth rosso Alvini botella 1 l,"2,49 €
(2,49 €/LITRO)"
"Cervezas, vinos y bebidas con alcohol",Vermouth,Vermouth blanco Alvini botella 1 l,"2,49 €
(2,49 €/LITRO)"
"Cervezas, vinos y bebidas con alcohol",Vermouth,Vermouth reserva Topaz botella 75 cl,"3,19 €
(4,25 €/LITRO)"
"Cervezas, vinos y bebidas con alcohol",Vermouth,Vermouth rojo Yzaguirre botella 1 l,"7,95 €
(7,95 €/LITRO)"
"Cervezas, vinos y bebidas con alcohol",Vermouth,Vermouth rosso Martini botella 1 l,"9,69 €
(9,69 €/LITRO)"
"Cervezas, vinos y bebidas con alcohol",Vermouth,Vermut rojo Zarro botella 1 l,"5,79 €
(5,79 €/LITRO)"
"Cervezas, vinos y bebidas con alcohol",Vermouth,Aperitivo Aperol botella 70 cl,"13,39 €
(19,13 €/LITRO)"
"Cervezas, vinos y bebidas con alcohol",Vermouth,Vermouth El bandarra botella 1 l,"10,95 €
(10,95 €/LITRO)"
"Cervezas, vinos y bebidas con alcohol",Vermouth,Vermouth rosso Cinzano botella 1 l,"7,95 €
(7,95 €/LITRO)"
"Cervezas, vinos y bebidas con alcohol",Cremas y licores,Licor de hierbas Ruavieja botella 70 cl,"8,75 €
(12,50 €/LITRO)"
"Cervezas, vinos y bebidas con alcohol",Cremas y licores,Licor de crema whisky original Baileys botella 70 cl,"13,99 €
(19,99 €/LITRO)"
"Cervezas, vinos y bebidas con alcohol",Cremas y licores,Licor de anís dulce Del mono botella 70 cl,"7,99 €
(11,41 €/LITRO)"
"Cervezas, vinos y bebidas con alcohol",Cremas y licores,Licor de crema de orujo Ruavieja botella 70 cl,"11,19 €
(15,99 €/LITRO)"
"Cervezas, vinos y bebidas con alcohol",Cremas y licores,Licor de crema de orujo 17º Mourama botella 70 cl,"6,49 €
(9,27 €/LITRO)"
"Cervezas, vinos y bebidas con alcohol",Cremas y licores,Licor de crema whisky Castle loan botella 70 cl,"6,89 €
(9,84 €/LITRO)"
"Cervezas, vinos y bebidas con alcohol",Cremas y licores,Crema de limoncello 16º Alvini botella 50 cl,"4,99 €
(9,98 €/LITRO)"
"Cervezas, vinos y bebidas con alcohol",Cremas y licores,Licor de hierbas 30º Mourama botella 70 cl,"5,99 €
(8,56 €/LITRO)"
"Cervezas, vinos y bebidas con alcohol",Cremas y licores,Licor de piruleta Riska botella 70 cl,"5,99 €
(8,56 €/LITRO)"
"Cervezas, vinos y bebidas con alcohol",Brandy,Bebida espirituosa tipo brandy Gladiador botella 1 l,"5,99 €
(5,99 €/LITRO)"
"Cervezas, vinos y bebidas con alcohol",Brandy,Brandy Veterano botella 1 l,"8,89 €
(8,89 €/LITRO)"
"Cervezas, vinos y bebidas con alcohol",Brandy,Brandy de Jerez solera reserva Magno botella 70 cl,"11,39 €
(16,27 €/LITRO)"
"Cervezas, vinos y bebidas con alcohol",Brandy,Brandy de Jerez solera Gladiador botella 70 cl,"6,79 €
(9,70 €/LITRO)"
"Cervezas, vinos y bebidas con alcohol",Brandy,Brandy Centenario botella 1 l,"9,35 €
(9,35 €/LITRO)"
"Cervezas, vinos y bebidas con alcohol",Brandy,Brandy de Jerez Soberano botella 70 cl,"7,99 €
(11,41 €/LITRO)"
"Cervezas, vinos y bebidas con alcohol",Brandy,Brandy 5 solera reserva Torres botella 70 cl,"10,50 €
(15,00 €/LITRO)"
Limpieza y hogar,Cuidado de la ropa,Detergente máquina líquido marsella Super Paco garrafa 46 lavados,"3,50 €
(0,08 €/LAVADO)"
Limpieza y hogar,Cuidado de la ropa,Detergente máquina líquido marsella Super Paco garrafa 61 lavados,"5,09 €
(0,08 €/LAVADO)"
Limpieza y hogar,Cuidado de la ropa,Suavizante concentrado azul Super Paco botella 80 lavados,"2,09 €
(0,03 €/LAVADO)"
Limpieza y hogar,Cuidado de la ropa,Detergente máquina líquido azul Super Paco garrafa 46 lavados,"3,50 €
(0,08 €/LAVADO)"
Limpieza y hogar,Cuidado de la ropa,Suavizante concentrado talco Super Paco botella 80 lavados,"2,09 €
(0,03 €/LAVADO)"
Limpieza y hogar,Cuidado de la ropa,Detergente máquina líquido colonia botella Super Paco garrafa 46 lavados,"3,50 €
(0,08 €/LAVADO)"
Limpieza y hogar,Cuidado de la ropa,Oxígeno activo blanco Super Paco frasco 1 Kg,"3,49 €
(3,49 €/KILO)"
Limpieza y hogar,Cuidado de la ropa,Suavizante concentrado algodón Super Paco botella 80 lavados,"2,15 €
(0,03 €/LAVADO)"
Limpieza y hogar,Cuidado de la ropa,Oxígeno activo color Super Paco frasco 1 Kg,"3,49 €
(3,49 €/KILO)"
Limpieza y hogar,Lavavajillas,Lavavajillas concentrado ultra Super Paco botella 1 l,"1,46 €
(1,46 €/LITRO)"
Limpieza y hogar,Lavavajillas,Lavavajillas máquina classic Super Paco caja 45 unidades,"3,99 €
(0,09 €/UNIDAD)"
Limpieza y hogar,Lavavajillas,Gel lavavajillas máquina todo en 1 Super Paco botella 720 ml,"4,09 €
(5,68 €/LITRO)"
Limpieza y hogar,Lavavajillas,Lavavajillas máquina todo en 1 Super Paco bolsa 40 unidades,"4,19 €
(0,10 €/UNIDAD)"
Limpieza y hogar,Lavavajillas,Lavavajillas concentrado ultra Super Paco botella 500 ml,"0,91 €
(1,82 €/LITRO)"
Limpieza y hogar,Lavavajillas,Lavavajillas Super Paco botella 1.5 l,"1,39 €
(0,93 €/LITRO)"
Limpieza y hogar,Lavavajillas,Lavavajillas mano concentrado ultra Fairy botella 1.15 l,"4,79 €
(4,17 €/LITRO)"
Limpieza y hogar,Lavavajillas,Sal para lavavajillas Super Paco bolsa 3 Kg,"1,69 €
(0,56 €/KILO)"
Limpieza y hogar,Lavavajillas,Lavavajillas mano formula mejorada Flota botella 1.1 l,"1,59 €
(1,45 €/LITRO)"
Limpieza y hogar,"Papel higiénico, de cocina, servilletas",Papel higiénico La llama bolsa 12 unidades,"2,25 €
(0,19 €/UNIDAD)"
Limpieza y hogar,"Papel higiénico, de cocina, servilletas",Papel higiénico compacto doble rollo La llama bolsa 6 unidades,"2,25 €
(0,38 €/UNIDAD)"
Limpieza y hogar,"Papel higiénico, de cocina, servilletas",Papel multiusos absorción 375 servicios La llama bolsa 1 unidad,"2,99 €
(2,99 €/UNIDAD)"
Limpieza y hogar,"Papel higiénico, de cocina, servilletas",Papel higiénico compacto doble rollo La llama bolsa 12 unidades,"4,40 €
(0,37 €/UNIDAD)"
Limpieza y hogar,"Papel higiénico, de cocina, servilletas",Papel de cocina compacto doble rollo La llama bolsa 3 unidades,"2,20 €
(0,73 €/UNIDAD)"
Limpieza y hogar,"Papel higiénico, de cocina, servilletas",Servilletas blancas 1 capa La llama bolsa 200 unidades,"1,35 €
(0,01 €/UNIDAD)"
Limpieza y hogar,"Papel higiénico, de cocina, servilletas",Papel higiénico húmedo Fresh La llama bolsa 80 unidades,"1,50 €
(0,02 €/UNIDAD)"
Limpieza y hogar,"Papel higiénico, de cocina, servilletas",Pañuelos pocket blancos La llama paquete 10 unidades,"1,39 €
(0,14 €/UNIDAD)"
Limpieza y hogar,"Papel higiénico, de cocina, servilletas",Papel cocina estándar 2 capas La llama bolsa 2 unidades,"1,29 €
(0,65 €/UNIDAD)"
Limpieza y hogar,Utensilios de limpieza,Estropajo salvauñas suciedad resistente Super Paco estuche 3 unidades,"0,75 €
(0,25 €/UNIDAD)"
Limpieza y hogar,Utensilios de limpieza,Fregona de hilo de microfibras especial suelos delicados Super Paco bolsa 1 unidad,"1,65 €
(1,65 €/UNIDAD)"
Limpieza y hogar,Utensilios de limpieza,Fregona amarilla suave Super Paco bolsa 1 unidad,"0,95 €
(0,95 €/UNIDAD)"
Limpieza y hogar,Utensilios de limpieza,Bayeta de microfibra multiusos pequeña Super Paco bolsa 3 unidades,"1,65 €
(0,55 €/UNIDAD)"
Limpieza y hogar,Utensilios de limpieza,Bayetas suaves Super Paco bolsa 6 unidades,"1,10 €
(0,18 €/UNIDAD)"
Limpieza y hogar,Utensilios de limpieza,Escoba antichoque gris y celeste Sp berner 1 unidad,"2,25 €
(2,25 €/UNIDAD)"
Limpieza y hogar,Utensilios de limpieza,Borrador mágico Super Paco bolsa 3 unidades,"1,45 €
(0,48 €/UNIDAD)"
Limpieza y hogar,Utensilios de limpieza,Estropajo suciedad resistente Super Paco 3 unidades,"0,90 €
(0,30 €/UNIDAD)"
Limpieza y hogar,Utensilios de limpieza,Bayeta de microfibra cristales Super Paco bolsa 1 unidad,"0,85 €
(0,85 €/UNIDAD)"
Limpieza y hogar,Bolsas de basura,Bolsa de basura con autocierre azul 30 lt Super Paco 30 unidades,"1,59 €
(0,05 €/UNIDAD)"
Limpieza y hogar,Bolsas de basura,Bolsa de basura con autocierre 50 lt Super Paco 15 unidades,"1,60 €
(0,11 €/UNIDAD)"
Limpieza y hogar,Bolsas de basura,Bolsa de basura con autocierre perfumada 30 lt Super Paco 20 unidades,"1,60 €
(0,08 €/UNIDAD)"
Limpieza y hogar,Bolsas de basura,Bolsa de basura con autocierre amarilla 30 lt Super Paco 30 unidades,"1,65 €
(0,06 €/UNIDAD)"
Limpieza y hogar,Bolsas de basura,Bolsas de basura autocierre perfumadas 10 lt Super Paco 30 unidades,"1,29 €
(0,04 €/UNIDAD)"
Limpieza y hogar,Bolsas de basura,Bolsa de basura con autocierre comunidad 120 lt Super Paco 10 unidades,"2,79 €
(0,28 €/UNIDAD)"
Limpieza y hogar,Bolsas de basura,Bolsa de basura compostable con autocierre 10 lt Super Paco 15 unidades,"1,75 €
(0,12 €/UNIDAD)"
Limpieza y hogar,Bolsas de basura,Bolsa de basura comunidad 120 lt Super Paco 10 unidades,"1,55 €
(0,16 €/UNIDAD)"
Limpieza y hogar,Lejía y otros químicos,Lejía con detergente Dia garrafa 2 l,"1,15 €
(0,58 €/LITRO)"
Limpieza y hogar,Lejía y otros químicos,Lejía Dia garrafa 5 l,"1,60 €
(0,32 €/LITRO)"
Limpieza y hogar,Lejía y otros químicos,Lejía con detergente Cloromax garrafa 2 l,"1,55 €
(0,78 €/LITRO)"
Limpieza y hogar,Lejía y otros químicos,Lejía con detergente limón Dia garrafa 2 l,"1,15 €
(0,58 €/LITRO)"
Limpieza y hogar,Lejía y otros químicos,Amoniaco perfumado Dia botella 1.5 l,"0,65 €
(0,43 €/LITRO)"
Limpieza y hogar,Lejía y otros químicos,Lejía hogar garrafa amarilla Dia garrafa 2 l,"0,80 €
(0,40 €/LITRO)"
Limpieza y hogar,Lejía y otros químicos,Lejía con detergente limón Estrella botella 1.43 l,"2,65 €
(1,85 €/LITRO)"
Limpieza y hogar,Lejía y otros químicos,Lejía densa hogar Dia garrafa 2 l,"1,15 €
(0,58 €/LITRO)"
Limpieza y hogar,Lejía y otros químicos,Amoniaco con detergente Dia botella 1.5 l,"0,95 €
(0,63 €/LITRO)"
Limpieza y hogar,Cristales y suelos,Friegasuelos aroma spa Super Paco botella 1.5 l,"1,09 €
(0,73 €/LITRO)"
Limpieza y hogar,Cristales y suelos,Friegasuelos aroma pino Super Paco botella 1.5 l,"1,09 €
(0,73 €/LITRO)"
Limpieza y hogar,Cristales y suelos,Limpiacristales Super Paco spray 1 l,"1,10 €
(1,10 €/LITRO)"
Limpieza y hogar,Cristales y suelos,Friegasuelos aroma colonia Super Paco botella 1.5 l,"1,09 €
(0,73 €/LITRO)"
Limpieza y hogar,Cristales y suelos,Friegasuelos aroma limón Super Paco botella 1.5 l,"1,09 €
(0,73 €/LITRO)"
Limpieza y hogar,Cristales y suelos,Friegasuelos concentrado rosa Super Paco botella 1 l,"1,79 €
(1,79 €/LITRO)"
Limpieza y hogar,Cristales y suelos,Limpiador jabonoso madera Tenso pro botella 1 l,"1,89 €
(1,89 €/LITRO)"
Limpieza y hogar,Cristales y suelos,Limpiador concentrado para suelos y superficies Sanicentro botella 1.5 l,"2,19 €
(1,46 €/LITRO)"
Limpieza y hogar,Cristales y suelos,Toallitas limpiagafas Super Paco caja 30 unidades,"1,60 €
(0,05 €/UNIDAD)"
Limpieza y hogar,Limpia muebles y multiusos,Vinagre de limpieza Riojavina botella 1 l,"1,15 €
(1,15 €/LITRO)"
Limpieza y hogar,Limpia muebles y multiusos,Limpiador desinfectante multiusos Sanytol spray 750 ml,"2,99 €
(3,99 €/LITRO)"
Limpieza y hogar,Limpia muebles y multiusos,Limpiador oxígeno activo Super Paco botella 1 l,"1,35 €
(1,35 €/LITRO)"
Limpieza y hogar,Limpia muebles y multiusos,Limpiador multiusos Super Paco spray 1 l,"1,30 €
(1,30 €/LITRO)"
Limpieza y hogar,Limpia muebles y multiusos,Limpiador gel baño Super Paco botella 1.5 l,"1,50 €
(1,00 €/LITRO)"
Limpieza y hogar,Limpia muebles y multiusos,Toallitas limpiadoras multiusos Super Paco bolsa 80 unidades,"1,99 €
(0,02 €/UNIDAD)"
Limpieza y hogar,Limpia muebles y multiusos,Limpiamuebles cuidado experto madera classic Pronto spray 250 ml,"2,89 €
(11,56 €/LITRO)"
Limpieza y hogar,Limpia muebles y multiusos,Limpiahogar ph neutro Super Paco botella 1.5 l,"1,55 €
(1,03 €/LITRO)"
Limpieza y hogar,Limpia muebles y multiusos,Limpiamuebles Hechicera spray 400 ml,"3,19 €
(7,98 €/LITRO)"
Limpieza y hogar,Limpieza baño y WC,Gel limpiador wc lejía perfumada Super Paco botella 1 l,"1,00 €
(1,00 €/LITRO)"
Limpieza y hogar,Limpieza baño y WC,Gel limpiador wc azul marino Super Paco botella 1 l,"1,15 €
(1,15 €/LITRO)"
Limpieza y hogar,Limpieza baño y WC,Gel limpiador wc pino Super Paco botella 1 l,"1,15 €
(1,15 €/LITRO)"
Limpieza y hogar,Limpieza baño y WC,Colgador para wc floral Super Paco blister 2 unidades,"1,69 €
(0,85 €/UNIDAD)"
Limpieza y hogar,Limpieza baño y WC,Limpiador de baño acción total Super Paco spray 750 ml,"1,79 €
(2,39 €/LITRO)"
Limpieza y hogar,Limpieza baño y WC,Colgador para wc agua azul Super Paco blister 2 unidades,"1,69 €
(0,85 €/UNIDAD)"
Limpieza y hogar,Limpieza baño y WC,Gel desatascador para tuberías Super Paco botella 1 l,"1,85 €
(1,85 €/LITRO)"
Limpieza y hogar,Limpieza baño y WC,Colgador para wc limón Super Paco blister 2 unidades,"1,69 €
(0,85 €/UNIDAD)"
Limpieza y hogar,Limpieza baño y WC,Gel desinfectante wc con lejía frescor cítrico Sanicentro botella 1 l,"1,89 €
(1,89 €/LITRO)"
Limpieza y hogar,Limpieza cocina y vitrocerámica,Limpiador potente quitagrasa Super Paco spray 750 ml,"1,69 €
(2,25 €/LITRO)"
Limpieza y hogar,Limpieza cocina y vitrocerámica,Limpiador de vitrocerámica Super Paco spray 500 ml,"1,85 €
(3,70 €/LITRO)"
Limpieza y hogar,Limpieza cocina y vitrocerámica,Quitagrasas cítrico Super Paco spray 750 ml,"1,45 €
(1,93 €/LITRO)"
Limpieza y hogar,Limpieza cocina y vitrocerámica,Limpiador de vitrocerámica en crema Super Paco botella 500 ml,"2,09 €
(4,18 €/LITRO)"
Limpieza y hogar,Limpieza cocina y vitrocerámica,Limpiador vitrocerámica crema Vitroclen botella 200 ml,"3,89 €
(19,45 €/LITRO)"
Limpieza y hogar,Limpieza cocina y vitrocerámica,Quitagrasas desinfectante Asevi spray 720 ml,"3,39 €
(4,71 €/LITRO)"
Limpieza y hogar,"Papel de aluminio, horno y film",Papel de aluminio Super Paco caja 30 m,"2,10 €
(0,07 €/METRO)"
Limpieza y hogar,"Papel de aluminio, horno y film",Papel de horno Super Paco caja 20 unidades,"1,35 €
(0,07 €/UNIDAD)"
Limpieza y hogar,"Papel de aluminio, horno y film",Film transparente Super Paco caja 80 m,"1,60 €
(0,02 €/METRO)"
Limpieza y hogar,"Papel de aluminio, horno y film",Bolsas de congelación Super Paco caja 30 unidades,"0,85 €
(0,03 €/UNIDAD)"
Limpieza y hogar,"Papel de aluminio, horno y film",Bolsas de congelación zip 1 lt Super Paco caja 20 unidades,"1,20 €
(0,06 €/UNIDAD)"
Limpieza y hogar,"Papel de aluminio, horno y film",Papel de aluminio Super Paco caja 50 m,"4,79 €
(0,10 €/METRO)"
Limpieza y hogar,"Papel de aluminio, horno y film",Bolsas de congelación zipper 1 lt Super Paco caja 15 unidades,"1,19 €
(0,08 €/UNIDAD)"
Limpieza y hogar,"Papel de aluminio, horno y film",Bolsas de congelación zipper 3 lt Super Paco caja 10 unidades,"1,19 €
(0,12 €/UNIDAD)"
Limpieza y hogar,"Papel de aluminio, horno y film",Film transparente 30 m Albal caja 30 m,"2,59 €
(0,09 €/METRO)"
Limpieza y hogar,Insecticidas,Insecticida moscas y mosquitos sin perfume Xtermin spray 750 ml,"2,45 €
(3,27 €/LITRO)"
Limpieza y hogar,Insecticidas,Insecticida cucarachas y hormigas Xtermin spray 400 ml,"2,55 €
(6,38 €/LITRO)"
Limpieza y hogar,Insecticidas,Ambientador automático naranjos en flor Super Paco spray 250 ml,"2,09 €
(8,36 €/LITRO)"
Limpieza y hogar,Insecticidas,Insecticida eléctrico antimosquitos Xtermin caja 1 unidad,"2,25 €
(2,25 €/UNIDAD)"
Limpieza y hogar,Insecticidas,Insecticida para el hogar Xtermin spray 750 ml,"2,45 €
(3,27 €/LITRO)"
Limpieza y hogar,Insecticidas,Trampa para cucarachas Casa Jardín caja 6 unidades,"2,95 €
(0,49 €/UNIDAD)"
Limpieza y hogar,Insecticidas,Ambientador automático flores blancas Super Paco spray 250 ml,"2,09 €
(8,36 €/LITRO)"
Limpieza y hogar,Insecticidas,Insecticida hogar perfume rosas Casa Jardín spray 600 ml,"4,15 €
(6,92 €/LITRO)"
Limpieza y hogar,Insecticidas,Ambientador automático ropa limpia Super Paco spray 250 ml,"2,09 €
(8,36 €/LITRO)"
Limpieza y hogar,Ambientadores,Ambientador ropa limpia Splash spray 300 ml,"1,30 €
(4,33 €/LITRO)"
Limpieza y hogar,Ambientadores,Ambientador aroma flores blancas Mayordomo spray 400 ml,"1,99 €
(4,98 €/LITRO)"
Limpieza y hogar,Ambientadores,Ambientador líquido concentrado blossom Foresan botella 125 ml,"1,70 €
(13,60 €/LITRO)"
Limpieza y hogar,Ambientadores,Ambientador gel aroma flores blancas Super Paco 150 g,"1,09 €
(7,27 €/KILO)"
Limpieza y hogar,Ambientadores,Ambientador mikado white cotton Imaqe caja 40 ml,"2,50 €
(62,50 €/LITRO)"
Limpieza y hogar,Ambientadores,Sobre perfume white cotton Imaqe bolsa 2 unidades,"1,99 €
(1,00 €/UNIDAD)"
Limpieza y hogar,Ambientadores,Ambientador lavanda Splash spray 300 ml,"1,30 €
(4,33 €/LITRO)"
Limpieza y hogar,Ambientadores,Ambientador perlas perfumadas tropical Super Paco 110 g,"1,79 €
(16,27 €/KILO)"
Limpieza y hogar,Ambientadores,Ambientador rosas Splash spray 300 ml,"1,30 €
(4,33 €/LITRO)"
Limpieza y hogar,Calzado,Esponja para calzado brillo inmediato incolora Yak caja 1 unidad,"1,49 €
(1,49 €/UNIDAD)"
Limpieza y hogar,Calzado,Crema liquida color negro La piel bote 50 ml,"1,19 €
(23,80 €/LITRO)"
Limpieza y hogar,Calzado,Desodorante desinfectante para calzado Sanytol spray 150 ml,"3,79 €
(25,27 €/LITRO)"
Limpieza y hogar,"Útiles del hogar, pilas, bombillas",Cerillas Flam'up caja 3 unidades,"0,99 €
(0,33 €/UNIDAD)"
Limpieza y hogar,"Útiles del hogar, pilas, bombillas",Pila alcalina aa Varta blister 4 unidades,"3,39 €
(0,85 €/UNIDAD)"
Limpieza y hogar,"Útiles del hogar, pilas, bombillas",Pila alcalina aaa Cegasa blister 4 unidades,"3,69 €
(0,92 €/UNIDAD)"
Limpieza y hogar,"Útiles del hogar, pilas, bombillas",Pila alcalina aa Cegasa blister 4 unidades,"3,69 €
(0,92 €/UNIDAD)"
Limpieza y hogar,"Útiles del hogar, pilas, bombillas",Cañitas de papel de 4 colores Betik bolsa 48 unidades,"1,39 €
(0,03 €/UNIDAD)"
Limpieza y hogar,"Útiles del hogar, pilas, bombillas",Pila alcalina aaa Varta blister 4 unidades,"3,39 €
(0,85 €/UNIDAD)"
Limpieza y hogar,"Útiles del hogar, pilas, bombillas",Mechero mini curve Flam'up blister 3 unidades,"2,69 €
(2,69 €/UNIDAD)"
Limpieza y hogar,"Útiles del hogar, pilas, bombillas",Platos de cartón redondo kraft de 22 cm Betik bolsa 20 unidades,"1,99 €
(0,10 €/UNIDAD)"
Limpieza y hogar,"Útiles del hogar, pilas, bombillas",Pastillas de encendido Uni fuego caja 36 unidades,"1,65 €
(0,05 €/UNIDAD)"
"Perfumería, higiene, salud",Hidratación corporal,Body milk hidratante aloe vera y ácido hialurónico Imaqe bote 400 ml,"1,99 €
(0,50 €/100 ML.)"
"Perfumería, higiene, salud",Hidratación corporal,Crema hidratante universal todo tipo de pieles Nivea lata 250 ml,"3,75 €
(1,50 €/100 ML.)"
"Perfumería, higiene, salud",Hidratación corporal,Body milk nutritivo almendras y prebióticos Imaqe bote 400 ml,"1,99 €
(0,50 €/100 ML.)"
"Perfumería, higiene, salud",Hidratación corporal,Crema corporal nutritiva piel muy seca Nivea botella 500 ml,"5,50 €
(1,10 €/100 ML.)"
"Perfumería, higiene, salud",Hidratación corporal,Loción corporal intensiva piel extra seca Dove bote 400 ml,"4,69 €
(1,17 €/100 ML.)"
"Perfumería, higiene, salud",Hidratación corporal,Body milk reafirmante vitamina C y Q10 Imaqe bote 400 ml,"1,99 €
(0,50 €/100 ML.)"
"Perfumería, higiene, salud",Hidratación corporal,Crema corporal nutritiva oliva y péptidos Imaqe bote 250 ml,"1,85 €
(0,74 €/100 ML.)"
"Perfumería, higiene, salud",Hidratación corporal,Crema de manos con vainilla Imaqe tubo 50 ml,"1,00 €
(2,00 €/100 ML.)"
"Perfumería, higiene, salud",Hidratación corporal,Crema corporal aceite de oliva piel seca Nivea botella 400 ml,"3,99 €
(1,00 €/100 ML.)"
"Perfumería, higiene, salud",Gel de ducha y esponjas,Gel de ducha dermo Imaqe botella 750 ml,"1,40 €
(0,19 €/100 ML.)"
"Perfumería, higiene, salud",Gel de ducha y esponjas,Gel de ducha almendras y miel Imaqe botella 750 ml,"1,40 €
(0,19 €/100 ML.)"
"Perfumería, higiene, salud",Gel de ducha y esponjas,Gel de ducha avena botella 1 l,"1,05 €
(0,11 €/100 ML.)"
"Perfumería, higiene, salud",Gel de ducha y esponjas,Gel de ducha con leche de coco Imaqe botella 750 ml,"1,45 €
(0,19 €/100 ML.)"
"Perfumería, higiene, salud",Gel de ducha y esponjas,Gel de ducha vainilla y sándalo con nueces de macadamia Imaqe botella 750 ml,"1,45 €
(0,19 €/100 ML.)"
"Perfumería, higiene, salud",Gel de ducha y esponjas,Recambio gel de ducha zero Imaqe bolsa 1 l,"1,59 €
(0,16 €/100 ML.)"
"Perfumería, higiene, salud",Gel de ducha y esponjas,Esponja de baño flor exfoliante Imaqe bolsa 1 unidad,"0,85 €
(0,85 €/UNIDAD)"
"Perfumería, higiene, salud",Gel de ducha y esponjas,Gel de ducha aloe vera Instituto Español botella 1.25 l,"2,45 €
(0,20 €/100 ML.)"
"Perfumería, higiene, salud",Gel de ducha y esponjas,Gel de ducha proteínas de la leche Imaqe botella 1.5 l,"2,25 €
(0,15 €/100 ML.)"
"Perfumería, higiene, salud",Cuidado bucal,Pasta dentífrica original Colgate Total tubo 75 ml,"2,45 €
(3,27 €/100 ML.)"
"Perfumería, higiene, salud",Cuidado bucal,Pasta dentífrica con flúor Colgate tubo 75 ml,"1,99 €
(2,65 €/100 ML.)"
"Perfumería, higiene, salud",Cuidado bucal,Enjuague bucal cuidado total Listerine botella 1 l,"10,29 €
(1,03 €/100 ML.)"
"Perfumería, higiene, salud",Cuidado bucal,Pasta dentífrica repair & protect Sensodyne tubo 75 ml,"4,69 €
(6,25 €/100 ML.)"
"Perfumería, higiene, salud",Cuidado bucal,Enjuague bucal protección dientes y encías Imaqe botella 500 ml,"1,35 €
(0,27 €/100 ML.)"
"Perfumería, higiene, salud",Cuidado bucal,Pasta dentífrica protección total Imaqe tubo 75 ml,"1,35 €
(1,80 €/100 ML.)"
"Perfumería, higiene, salud",Cuidado bucal,Pasta dentífrica complete con enjuague bucal Oral-B tubo 75 ml,"1,99 €
(2,65 €/100 ML.)"
"Perfumería, higiene, salud",Cuidado bucal,Cepillo dental medio Imaqe blister 3 unidades,"1,19 €
(0,40 €/UNIDAD)"
"Perfumería, higiene, salud",Cuidado bucal,Pasta dentífrica con micro cristales blancos Colgate Max White tubo 75 ml,"2,59 €
(3,45 €/100 ML.)"
"Perfumería, higiene, salud",Desodorantes,Desodorante roll-on dermo algodón Imaqe bote 50 ml,"0,85 €
(1,70 €/100 ML.)"
"Perfumería, higiene, salud",Desodorantes,Desodorante roll-on invisible & antimanchas Imaqe bote 50 ml,"0,85 €
(1,70 €/100 ML.)"
"Perfumería, higiene, salud",Desodorantes,Desodorante roll-on dermo extra control Sanex bote 50 ml,"2,19 €
(4,38 €/100 ML.)"
"Perfumería, higiene, salud",Desodorantes,Desodorante dark temptation duplo Axe spray 300 ml,"7,29 €
(2,43 €/100 ML.)"
"Perfumería, higiene, salud",Desodorantes,Desodorante roll-on con extracto de rosa mosqueta Imaqe bote 50 ml,"0,85 €
(1,70 €/100 ML.)"
"Perfumería, higiene, salud",Desodorantes,Desodorante invisible black & white Nivea spray 200 ml,"2,99 €
(1,50 €/100 ML.)"
"Perfumería, higiene, salud",Desodorantes,Desodorante dark temptation man Imaqe spray 150 ml,"1,89 €
(1,26 €/100 ML.)"
"Perfumería, higiene, salud",Desodorantes,Desodorante con extracto de rosa mosqueta Imaqe spray 200 ml,"1,95 €
(0,98 €/100 ML.)"
"Perfumería, higiene, salud",Desodorantes,Desodorante invisible on black + white Rexona spray 200 ml,"2,99 €
(1,50 €/100 ML.)"
"Perfumería, higiene, salud",Champú,Champú profesional con keratina Imaqe botella 750 ml,"1,99 €
(0,27 €/100 ML.)"
"Perfumería, higiene, salud",Champú,Champú familiar botella 1 l,"1,05 €
(0,11 €/100 ML.)"
"Perfumería, higiene, salud",Champú,Champú anticaspa dos en uno clásico H&s botella 230 ml,"2,99 €
(1,30 €/100 ML.)"
"Perfumería, higiene, salud",Champú,Champú profesional hidratante Imaqe botella 750 ml,"1,99 €
(0,27 €/100 ML.)"
"Perfumería, higiene, salud",Champú,Champú anticaspa classic H&s botella 600 ml,"7,69 €
(1,28 €/100 ML.)"
"Perfumería, higiene, salud",Champú,Champú anticaspa citrus fresh cabello graso H&s botella 230 ml,"2,99 €
(1,30 €/100 ML.)"
"Perfumería, higiene, salud",Champú,Champú bio aceite de argán Herbal Essences botella 2 x 250 ml,"4,99 €
(1,00 €/100 ML.)"
"Perfumería, higiene, salud",Champú,Champú repara y protege Pantene botella 225 ml,"2,99 €
(1,33 €/100 ML.)"
"Perfumería, higiene, salud",Champú,Champú repara y protege pack Pantene botella 2 x 250 ml,"5,79 €
(1,16 €/100 ML.)"
"Perfumería, higiene, salud",Acondicionadores y mascarillas,Mascarilla oliva natural Imaqe bote 300 ml,"2,95 €
(0,98 €/100 ML.)"
"Perfumería, higiene, salud",Acondicionadores y mascarillas,Mascarilla plátano Imaqe frasco 300 ml,"2,89 €
(0,96 €/100 ML.)"
"Perfumería, higiene, salud",Acondicionadores y mascarillas,Acondicionador repara y protege Pantene tubo 180 ml,"2,99 €
(1,66 €/100 ML.)"
"Perfumería, higiene, salud",Acondicionadores y mascarillas,Mascarilla miel natural Imaqe bote 300 ml,"2,95 €
(0,98 €/100 ML.)"
"Perfumería, higiene, salud",Acondicionadores y mascarillas,Mascarilla repara y protege cabello dañado Pantene frasco 300 ml,"4,29 €
(1,43 €/100 ML.)"
"Perfumería, higiene, salud",Acondicionadores y mascarillas,Acondicionador capilar Noname botella 750 ml,"1,20 €
(0,16 €/100 ML.)"
"Perfumería, higiene, salud",Acondicionadores y mascarillas,Spray desenredante infantil Planeta Junior spray 400 ml,"1,79 €
(0,45 €/100 ML.)"
"Perfumería, higiene, salud",Acondicionadores y mascarillas,Crema suavizante con keratina cabello seco o dañado Flex botella 650 ml,"3,45 €
(0,53 €/100 ML.)"
"Perfumería, higiene, salud",Acondicionadores y mascarillas,Mascarilla reconstructora rizos definidos Pantene frasco 300 ml,"4,29 €
(1,43 €/100 ML.)"
"Perfumería, higiene, salud",Espumas y fijadores,Espuma rizo marcado Giorgi line spray 250 ml,"2,89 €
(1,16 €/100 ML.)"
"Perfumería, higiene, salud",Espumas y fijadores,Espuma rizos definidos Pantene spray 200 ml,"3,79 €
(1,90 €/100 ML.)"
"Perfumería, higiene, salud",Espumas y fijadores,Gel fijador perfect fix 24 hrs extrafuerte Giorgi line tubo 170 ml,"2,89 €
(1,70 €/100 ML.)"
"Perfumería, higiene, salud",Espumas y fijadores,Gel efecto mojado Imaqe tubo 200 ml,"1,85 €
(0,93 €/100 ML.)"
"Perfumería, higiene, salud",Espumas y fijadores,Laca fijación fuerte Nelly spray 600 ml,"3,38 €
(0,56 €/100 ML.)"
"Perfumería, higiene, salud",Espumas y fijadores,Laca clásica Nelly spray 600 ml,"3,38 €
(0,56 €/100 ML.)"
"Perfumería, higiene, salud",Espumas y fijadores,Gel fijación control total Giorgi line tubo 170 ml,"2,89 €
(1,70 €/100 ML.)"
"Perfumería, higiene, salud",Espumas y fijadores,Laca fijación ultra fuerte Pantene spray 250 ml,"3,99 €
(1,60 €/100 ML.)"
"Perfumería, higiene, salud",Espumas y fijadores,Espuma perfect volume Pantene spray 200 ml,"3,79 €
(1,90 €/100 ML.)"
"Perfumería, higiene, salud",Tintes,Tinte negro nº 1.0 Imaqe caja 1 unidad,"3,85 €
(3,85 €/UNIDAD)"
"Perfumería, higiene, salud",Tintes,"Tinte violín nº4,99 Palette caja 1 unidad","4,69 €
(4,69 €/UNIDAD)"
"Perfumería, higiene, salud",Tintes,Tinte chocolate nº 5.93 Imaqe caja 1 unidad,"3,85 €
(3,85 €/UNIDAD)"
"Perfumería, higiene, salud",Tintes,Tinte castaño caramelo nº5.6 Palette caja 1 unidad,"4,69 €
(4,69 €/UNIDAD)"
"Perfumería, higiene, salud",Tintes,Tinte negro nº1 Palette caja 1 unidad,"4,69 €
(4,69 €/UNIDAD)"
"Perfumería, higiene, salud",Tintes,Tinte rubio claro ceniza nº8.1 Palette caja 1 unidad,"4,69 €
(4,69 €/UNIDAD)"
"Perfumería, higiene, salud",Tintes,Tinte ultra negro nº1 Color sensation caja 1 unidad,"3,99 €
(3,99 €/UNIDAD)"
"Perfumería, higiene, salud",Tintes,Tinte negro azulado nº1.1 Palette caja 1 unidad,"4,69 €
(4,69 €/UNIDAD)"
"Perfumería, higiene, salud",Tintes,Tinte castaño claro nº 5.0 Imaqe caja 1 unidad,"3,85 €
(3,85 €/UNIDAD)"
"Perfumería, higiene, salud","Limpieza facial, crema facial",Toallitas desmaquillantes micelar con aloe vera Imaqe bolsa 30 unidades,"1,15 €
(0,04 €/UNIDAD)"
"Perfumería, higiene, salud","Limpieza facial, crema facial",Agua micelar con extracto de pétalos de rosa Imaqe bote 250 ml,"2,15 €
(0,86 €/100 ML.)"
"Perfumería, higiene, salud","Limpieza facial, crema facial",Crema facial de día natural antipolución & detox Imaqe frasco 50 ml,"4,95 €
(6,88 €/100 ML.)"
"Perfumería, higiene, salud","Limpieza facial, crema facial",Gel limpiador facial con aloe vera y hamamelis Imaqe bote 250 ml,"2,50 €
(1,00 €/100 ML.)"
"Perfumería, higiene, salud","Limpieza facial, crema facial",Desmaquillante de ojos waterproof Imaqe bote 125 ml,"2,00 €
(1,60 €/100 ML.)"
"Perfumería, higiene, salud","Limpieza facial, crema facial",Toallitas desmaquillantes para pieles sensibles con extractos de rosas Imaqe bolsa 30 unidades,"1,29 €
(0,04 €/UNIDAD)"
"Perfumería, higiene, salud","Limpieza facial, crema facial",Tónico facial con aloe vera y hamamelis Imaqe bote 250 ml,"1,50 €
(0,60 €/100 ML.)"
"Perfumería, higiene, salud","Limpieza facial, crema facial",Exfoliante facial 3 en 1 kaolín y aloe Imaqe tubo 100 ml,"3,50 €
(3,50 €/100 ML.)"
"Perfumería, higiene, salud","Limpieza facial, crema facial",Crema de día antiarrugas spf 15 Nivea frasco 50 ml,"9,49 €
(18,98 €/100 ML.)"
"Perfumería, higiene, salud",Quitaesmalte,Quitaesmalte con acetona Imaqe botella 200 ml,"1,35 €
(0,68 €/100 ML.)"
"Perfumería, higiene, salud",Quitaesmalte,Quitaesmalte acetona pura Imaqe botella 200 ml,"1,75 €
(0,88 €/100 ML.)"
"Perfumería, higiene, salud",Quitaesmalte,Quitaesmalte extrahidratante Cutex botella 200 ml,"3,29 €
(1,65 €/100 ML.)"
"Perfumería, higiene, salud",Quitaesmalte,Quitaesmalte sin acetona Imaqe botella 200 ml,"1,50 €
(0,75 €/100 ML.)"
"Perfumería, higiene, salud",Quitaesmalte,Discos quitaesmalte sin acetona Bonté Everyday bolsa 30 unidades,"1,59 €
(0,05 €/UNIDAD)"
"Perfumería, higiene, salud",Quitaesmalte,Quitaesmalte ultra efectivo Cutex botella 200 ml,"3,29 €
(1,65 €/100 ML.)"
"Perfumería, higiene, salud",Afeitado,Maquinilla de afeitar 2 hojas bolsa 20 unidades,"2,69 €
(0,13 €/UNIDAD)"
"Perfumería, higiene, salud",Afeitado,Espuma de afeitar Lea 250 ml,"1,95 €
(0,78 €/100 ML.)"
"Perfumería, higiene, salud",Afeitado,Maquinilla de afeitar 2 hojas Imaqe bolsa 10 unidades,"2,15 €
(0,22 €/UNIDAD)"
"Perfumería, higiene, salud",Afeitado,Maquinilla de afeitar desechable Gillette Blue II bolsa 12 unidades,"5,95 €
(0,50 €/UNIDAD)"
"Perfumería, higiene, salud",Afeitado,Espuma de afeitar pieles sensibles La toja spray 300 ml,"2,99 €
(1,00 €/100 ML.)"
"Perfumería, higiene, salud",Afeitado,Gel de afeitar piel sensible Lea spray 200 ml,"2,85 €
(1,43 €/100 ML.)"
"Perfumería, higiene, salud",Afeitado,Maquinilla de afeitar 3 hojas Imaqe bolsa 4 unidades,"2,60 €
(0,65 €/UNIDAD)"
"Perfumería, higiene, salud",Afeitado,Maquinilla de afeitar desechable Gillette blister 4 unidades,"5,79 €
(1,45 €/UNIDAD)"
"Perfumería, higiene, salud",Afeitado,Maquinilla de afeitar recargable 5 hojas Imaqe caja 1 unidad,"5,99 €
(5,99 €/UNIDAD)"
"Perfumería, higiene, salud",Depilación,Banda depilatoria facial aloe vera Imaqe frasco 16 unidades,"1,29 €
(0,08 €/UNIDAD)"
"Perfumería, higiene, salud",Depilación,Maquinilla depilación dos hojas Imaqe bolsa 10 unidades,"2,15 €
(0,22 €/UNIDAD)"
"Perfumería, higiene, salud",Depilación,Maquinilla desechable mujer Gillette Blue II blister 5 unidades,"2,99 €
(0,60 €/UNIDAD)"
"Perfumería, higiene, salud",Depilación,Maquinilla depilación 3 hojas Imaqe bolsa 4 unidades,"2,60 €
(0,65 €/UNIDAD)"
"Perfumería, higiene, salud",Depilación,Crema depilatoria aloe vera Imaqe bote 200 ml,"3,19 €
(1,60 €/100 ML.)"
"Perfumería, higiene, salud",Depilación,Bandas de cera depilatoria corporal aloe vera Imaqe estuche 20 unidades,"1,75 €
(0,09 €/UNIDAD)"
"Perfumería, higiene, salud",Depilación,Cera depilatoria caliente Imaqe bote 100 ml,"2,69 €
(2,69 €/100 ML.)"
"Perfumería, higiene, salud",Depilación,Maquinilla depilación recargable 5 hojas Imaqe caja 1 unidad,"4,99 €
(4,99 €/UNIDAD)"
"Perfumería, higiene, salud",Depilación,Maquinilla confortglide spa breeze Gillette Venus blister 1 unidad,"7,99 €
(7,99 €/UNIDAD)"
"Perfumería, higiene, salud",Colonias,Agua de colonia familiar fresh Imaqe frasco 750 ml,"1,95 €
(0,26 €/100 ML.)"
"Perfumería, higiene, salud",Colonias,Agua de colonia fragancia original Nenuco botella 650 ml,"3,99 €
(0,61 €/100 ML.)"
"Perfumería, higiene, salud",Colonias,Agua de colonia familiar lavanda Imaqe frasco 750 ml,"1,95 €
(0,26 €/100 ML.)"
"Perfumería, higiene, salud",Colonias,Body mist berries Flor de mayo spray 200 ml,"2,50 €
(1,25 €/100 ML.)"
"Perfumería, higiene, salud",Colonias,Body mist rose petals Imaqe spray 200 ml,"3,50 €
(1,75 €/100 ML.)"
"Perfumería, higiene, salud",Colonias,Colonia instant crush mini Flor de mayo frasco 22 ml,"1,70 €
(7,73 €/100 ML.)"
"Perfumería, higiene, salud",Colonias,Agua fresca de flor de naranjo Álvarez Gómez bote 300 ml,"2,95 €
(0,98 €/100 ML.)"
"Perfumería, higiene, salud",Colonias,Body mist coconut Imaqe spray 200 ml,"3,50 €
(1,75 €/100 ML.)"
"Perfumería, higiene, salud",Colonias,Colonia blue mini Flor de mayo frasco 23 ml,"1,70 €
(7,39 €/100 ML.)"
"Perfumería, higiene, salud",Jabón de manos,Jabón de manos líquido aloe vera Imaqe bote 500 ml,"0,99 €
(0,20 €/100 ML.)"
"Perfumería, higiene, salud",Jabón de manos,Recambio jabón de manos líquido aloe vera Imaqe bolsa 500 ml,"0,79 €
(0,16 €/100 ML.)"
"Perfumería, higiene, salud",Jabón de manos,Jabón de manos líquido oliva Imaqe bote 500 ml,"1,30 €
(0,26 €/100 ML.)"
"Perfumería, higiene, salud",Jabón de manos,Recambio jabón de manos líquido almendra y miel Imaqe bolsa 500 ml,"0,95 €
(0,19 €/100 ML.)"
"Perfumería, higiene, salud",Jabón de manos,Jabón de manos líquido almendra y miel Imaqe bote 500 ml,"1,30 €
(0,26 €/100 ML.)"
"Perfumería, higiene, salud",Jabón de manos,Jabón de manos líquido infantil Planeta Junior bote 500 ml,"1,30 €
(0,26 €/100 ML.)"
"Perfumería, higiene, salud",Jabón de manos,Jabón de manos Dove 2 x 90 g,"1,99 €
(1,11 €/100 GR.)"
"Perfumería, higiene, salud",Jabón de manos,Jabón de manos delicate care 3 unidades Palmolive 270 g,"2,29 €
(0,85 €/100 GR.)"
"Perfumería, higiene, salud",Jabón de manos,Jabón de manos líquido glicerina Imaqe bote 500 ml,"1,35 €
(0,27 €/100 ML.)"
"Perfumería, higiene, salud",Cremas solares,Crema solar facial con filtro mineral spf 50 Imaqe tubo 50 ml,"5,99 €
(11,98 €/100 ML.)"
"Perfumería, higiene, salud",Cremas solares,Crema solar facial spf 50+ Imaqe tubo 50 ml,"5,29 €
(10,58 €/100 ML.)"
"Perfumería, higiene, salud",Cremas solares,Crema solar facial anti edad spf 50+ Imaqe tubo 50 ml,"5,29 €
(10,58 €/100 ML.)"
"Perfumería, higiene, salud",Cremas solares,Crema solar mineral infantil spf 50 Imaqe tubo 150 ml,"8,30 €
(5,53 €/100 ML.)"
"Perfumería, higiene, salud",Cremas solares,Crema facial solar spf 50 Nivea tubo 50 ml,"12,95 €
(25,90 €/100 ML.)"
"Perfumería, higiene, salud",Cremas solares,Protector solar infantil spf 50+ Imaqe bote 250 ml,"7,50 €
(3,00 €/100 ML.)"
"Perfumería, higiene, salud",Cremas solares,Aceite solar protector dorado sublime spf 20 Delial botella 150 ml,"9,99 €
(6,66 €/100 ML.)"
"Perfumería, higiene, salud",Cremas solares,Protector solar protege & hidrata spf 30 Nivea spray 270 ml,"14,49 €
(5,37 €/100 ML.)"
"Perfumería, higiene, salud",Cremas solares,Protector solar protege & broncea spf 30 Nivea spray 270 ml,"14,99 €
(5,55 €/100 ML.)"
"Perfumería, higiene, salud",Complementos nutricionales,Melatonina Vivisima+ caja 40 unidades,"3,99 €
(0,10 €/UNIDAD)"
"Perfumería, higiene, salud",Complementos nutricionales,"Cabello, uñas y piel Vivisima+ caja 50 unidades","3,89 €
(0,08 €/UNIDAD)"
"Perfumería, higiene, salud",Complementos nutricionales,Semillas de chía Ecocesta bolsa 160 g,"2,20 €
(13,75 €/KILO)"
"Perfumería, higiene, salud",Complementos nutricionales,Colágeno Vivisima+ caja 50 unidades,"3,99 €
(0,08 €/UNIDAD)"
"Perfumería, higiene, salud",Complementos nutricionales,Alcachofa con boldo Vivisima+ caja 50 unidades,"3,69 €
(0,07 €/UNIDAD)"
"Perfumería, higiene, salud",Complementos nutricionales,Jalea real Vivisima+ caja 12 unidades,"4,79 €
(0,40 €/UNIDAD)"
"Perfumería, higiene, salud",Complementos nutricionales,Crema de cacahuete con plátano Just loading bote 190 g,"2,59 €
(13,63 €/KILO)"
"Perfumería, higiene, salud",Complementos nutricionales,Barrita de proteínas de coco y chocolate Just loading bolsa 27 g,"1,00 €
(37,04 €/KILO)"
"Perfumería, higiene, salud",Complementos nutricionales,Própolis y jalea real + equinácea Vive+ caja 12 unidades,"5,95 €
(0,50 €/UNIDAD)"
"Perfumería, higiene, salud",Parafarmacia,Discos de algodón redondos desmaquilladores Imaqe bolsa 120 unidades,"0,95 €
(0,01 €/UNIDAD)"
"Perfumería, higiene, salud",Parafarmacia,Bastoncillos de papel Planeta Bebé caja 50 unidades,"0,85 €
(0,02 €/UNIDAD)"
"Perfumería, higiene, salud",Parafarmacia,Alcohol 96º Botikit botella 250 ml,"0,79 €
(0,32 €/100 ML.)"
"Perfumería, higiene, salud",Parafarmacia,Agua oxigenada Botikit botella 250 ml,"0,69 €
(0,28 €/100 ML.)"
"Perfumería, higiene, salud",Parafarmacia,Tiritas impermeables al agua formato dos tamaños Bonté Med caja 10 unidades,"1,10 €
(0,11 €/UNIDAD)"
"Perfumería, higiene, salud",Parafarmacia,Desodorante para pies Imaqe spray 150 ml,"1,95 €
(1,30 €/100 ML.)"
"Perfumería, higiene, salud",Parafarmacia,Bastoncillos de algodón Johnson caja 100 unidades,"2,49 €
(0,02 €/UNIDAD)"
"Perfumería, higiene, salud",Parafarmacia,Vaselina pura Imaqe frasco 100 g,"1,99 €
(1,99 €/100 GR.)"
"Perfumería, higiene, salud",Parafarmacia,Povidona iodada 10% Bonté Equity bote 125 ml,"1,90 €
(1,52 €/100 ML.)"
Bebé,Papilla,Papilla de cereales con miel Nestlé caja 725 g,"5,45 €
(7,52 €/KILO)"
Bebé,Papilla,Papilla de cereales y galleta Nestlé caja 475 g,"3,95 €
(8,32 €/KILO)"
Bebé,Papilla,Papilla 8 cereales sin azúcares añadidos Hero Baby caja 410 g,"3,90 €
(9,51 €/KILO)"
Bebé,Papilla,Papilla de 8 cereales Nestlé caja 475 g,"3,95 €
(8,32 €/KILO)"
Bebé,Papilla,Papilla de cereales con miel Nestlé caja 475 g,"3,95 €
(8,32 €/KILO)"
Bebé,Papilla,Papilla crema de arroz sin azúcares añadidos Hero caja 220 g,"2,75 €
(12,50 €/KILO)"
Bebé,Papilla,Papilla líquida 8 cereales con galleta y leche continuación Nestlé brik 2 x 250 ml,"2,59 €
(5,18 €/LITRO)"
Bebé,Papilla,Papilla de maíz y arroz sin gluten Nestlé caja 240 g,"2,59 €
(10,79 €/KILO)"
Bebé,Papilla,Peque galletas junior Nestlé bolsa 180 g,"3,55 €
(19,72 €/KILO)"
Bebé,Leche infantil,Leche infantil crecimiento con cereales Puleva brik 1 l,"1,95 €
(1,95 €/LITRO)"
Bebé,Leche infantil,Leche infantil 2 continuación Nativa lata 800 g,"11,95 €
(14,94 €/KILO)"
Bebé,Leche infantil,Leche multifrutas Puleva brik 3 x 200 ml,"1,95 €
(3,25 €/LITRO)"
Bebé,Leche infantil,Leche peques3 crecimiento con omega Puleva brik 1 l,"1,95 €
(1,95 €/LITRO)"
Bebé,Leche infantil,Leche infantil 1 inicio Nativa lata 800 g,"11,95 €
(14,94 €/KILO)"
Bebé,Leche infantil,Leche infantil 1 inicio premium Nidina lata 800 g,"14,95 €
(18,69 €/KILO)"
Bebé,Leche infantil,Leche infantil 2 continuación Nidina lata 800 g,"17,95 €
(22,44 €/KILO)"
Bebé,Leche infantil,Bebida con cereales y cacao pack Puleva brik 3 x 200 ml,"1,95 €
(3,25 €/LITRO)"
Bebé,Leche infantil,Leche crecimiento Puleva brik 1 l,"1,95 €
(1,95 €/LITRO)"
Bebé,Potitos y tarritos,Puré de frutas variadas Planeta Bebé pack 2 x 200 g,"2,05 €
(5,13 €/KILO)"
Bebé,Potitos y tarritos,Puré de frutas con galleta Planeta Bebé pack 2 x 200 g,"2,05 €
(5,13 €/KILO)"
Bebé,Potitos y tarritos,Arroz con pollo Hero frasco 235 g,"1,69 €
(7,19 €/KILO)"
Bebé,Potitos y tarritos,Verduritas con pollo y ternera Hero frasco 235 g,"1,69 €
(7,19 €/KILO)"
Bebé,Potitos y tarritos,Preparado de 7 frutas sin gluten Nestlé pack 4 x 100 g,"2,99 €
(7,48 €/KILO)"
Bebé,Potitos y tarritos,Puré verduritas con pollo Hero frasco 380 g,"2,99 €
(7,87 €/KILO)"
Bebé,Potitos y tarritos,Menestra con jamón y ternera Hero frasco 235 g,"1,69 €
(7,19 €/KILO)"
Bebé,Potitos y tarritos,Verduritas con merluza Hero frasco 235 g,"1,69 €
(7,19 €/KILO)"
Bebé,Potitos y tarritos,Puré de frutas variadas Hero frasco 190 g,"1,35 €
(7,11 €/KILO)"
Bebé,"Yogures, bolsitas de frutas y snacks",Puré de fresa y plátano Planeta Bebé bolsa 100 g,"0,90 €
(9,00 €/KILO)"
Bebé,"Yogures, bolsitas de frutas y snacks",Yogur con fresa y plátano Planeta Bebé bolsa 100 g,"0,90 €
(9,00 €/KILO)"
Bebé,"Yogures, bolsitas de frutas y snacks","Puré de plátano, fresa y manzana Hero bolsa 4 x 100 g","4,65 €
(11,63 €/KILO)"
Bebé,"Yogures, bolsitas de frutas y snacks",Yogur con plátano y fresa Hero bolsa 100 g,"1,19 €
(11,90 €/KILO)"
Bebé,"Yogures, bolsitas de frutas y snacks","Puré de naranja, plátano, pera y galleta Hero bolsa 4 x 100 g","4,65 €
(11,63 €/KILO)"
Bebé,"Yogures, bolsitas de frutas y snacks",Postre lácteo de plátano Nestlé Yogolino pack 4 x 100 g,"2,95 €
(7,38 €/KILO)"
Bebé,"Yogures, bolsitas de frutas y snacks",Puré de fruta variada Planeta Bebé bolsa 100 g,"0,90 €
(9,00 €/KILO)"
Bebé,"Yogures, bolsitas de frutas y snacks",Puré multifrutas con galleta Hero bolsa 100 g,"0,99 €
(9,90 €/KILO)"
Bebé,"Yogures, bolsitas de frutas y snacks",Snack smilitos Smileat bolsa 38 g,"1,95 €
(51,32 €/KILO)"
Bebé,Pañales y toallitas,Recambio de toallitas húmedas Planeta Bebé bolsa 80 unidades,"1,15 €
(0,01 €/UNIDAD)"
Bebé,Pañales y toallitas,Pañales 13-20 kgs talla 5 Planeta Bebé bolsa 80 unidades,"15,20 €
(0,19 €/UNIDAD)"
Bebé,Pañales y toallitas,Pañales 8-15 kgs talla 4 Planeta Bebé bolsa 88 unidades,"14,65 €
(0,17 €/UNIDAD)"
Bebé,Pañales y toallitas,Pañales 17-28 kgs talla 6 Planeta Bebé bolsa 28 unidades,"8,12 €
(0,29 €/UNIDAD)"
Bebé,Pañales y toallitas,Pañales 13-20 kgs talla 5 Planeta Bebé bolsa 40 unidades,"7,70 €
(0,19 €/UNIDAD)"
Bebé,Pañales y toallitas,Toallitas húmedas Planeta Bebé bolsa 3 x 80 unidades,"3,30 €
(0,01 €/UNIDAD)"
Bebé,Pañales y toallitas,Toallitas para bebés con piel atópica Planeta Bebé bolsa 64 unidades,"1,85 €
(0,03 €/UNIDAD)"
Bebé,Pañales y toallitas,Toallitas para bebés Dodot bolsa 64 unidades,"1,89 €
(0,03 €/UNIDAD)"
Bebé,Pañales y toallitas,Toallitas para bebés cremosas Planeta Bebé bolsa 48 unidades,"1,20 €
(0,03 €/UNIDAD)"
Bebé,Cuidado del bebé,Gel de baño relajante Planeta Bebé bote 750 ml,"2,25 €
(0,30 €/100 ML.)"
Bebé,Cuidado del bebé,Champú para bebé Planeta Bebé bote 750 ml,"2,35 €
(0,31 €/100 ML.)"
Bebé,Cuidado del bebé,Aceite corporal para bebé Planeta Bebé botella 500 ml,"2,29 €
(0,46 €/100 ML.)"
Bebé,Cuidado del bebé,Suero fisiológico Planeta Bebé frasco 30 unidades,"3,25 €
(0,11 €/UNIDAD)"
Bebé,Cuidado del bebé,Esponja natural Planeta Bebé caja 1 unidad,"3,75 €
(3,75 €/UNIDAD)"
Bebé,Cuidado del bebé,Gel de baño dulces sueños Johnson bote 750 ml,"3,99 €
(0,53 €/100 ML.)"
Bebé,Cuidado del bebé,Champú gold Johnson bote 750 ml,"4,89 €
(0,65 €/100 ML.)"
Bebé,Cuidado del bebé,Gel de baño relajante recambio Planeta Bebé bolsa 750 ml,"1,55 €
(0,21 €/100 ML.)"
Bebé,Cuidado del bebé,Colonia Nenuco spray 240 ml,"3,99 €
(1,66 €/100 ML.)"
Mascotas,Perros,Alimento para perros adultos con buey As bolsa 18 Kg,"19,99 €
(1,11 €/KILO)"
Mascotas,Perros,Alimento para perros adultos mix buey As bolsa 15 Kg,"18,79 €
(1,25 €/KILO)"
Mascotas,Perros,Snack para perros palitos con pollo Deliperro bolsa 200 g,"1,39 €
(6,95 €/KILO)"
Mascotas,Perros,Alimento para perros menú mix completo y variado con buey As bolsa 4 Kg,"6,99 €
(1,75 €/KILO)"
Mascotas,Perros,Snack para perros Pedigree Biscrok caja 500 g,"1,99 €
(3,98 €/KILO)"
Mascotas,Perros,Alimento para perros completo Friskies bolsa 10 Kg,"24,99 €
(2,50 €/KILO)"
Mascotas,Perros,Alimento para perros selección de carnes Bon menu bolsa 10 Kg,"22,19 €
(2,22 €/KILO)"
Mascotas,Perros,Alimento para perros mini Ultima bolsa 1.5 Kg,"7,65 €
(5,10 €/KILO)"
Mascotas,Perros,Alimento para perros trozos en salsa con buey y verduras Deliperro lata 1.25 Kg,"1,79 €
(1,43 €/KILO)"
Mascotas,Gatos,Arena para gatos absorbente Deligato bolsa 5 Kg,"1,75 €
(0,35 €/KILO)"
Mascotas,Gatos,Arena para gatos compacta Deligato caja 4 Kg,"3,49 €
(0,87 €/KILO)"
Mascotas,Gatos,Arena para gatos absorbente perfumada Deligato bolsa 5 Kg,"1,89 €
(0,38 €/KILO)"
Mascotas,Gatos,Alimento para gatos rico en ave As bolsa 4 Kg,"6,69 €
(1,67 €/KILO)"
Mascotas,Gatos,Alimento para gatos multicomponente sabor pescado As bolsa 4 Kg,"6,89 €
(1,72 €/KILO)"
Mascotas,Gatos,Alimento para gatos esterilizados con salmón Ultima bolsa 1.5 Kg,"10,49 €
(6,99 €/KILO)"
Mascotas,Gatos,Alimento para gatos doble sabor Gourmet lata 680 g,"6,79 €
(9,99 €/KILO)"
Mascotas,Gatos,Snack para gatos sticks de salmón Deligato bolsa 10 unidades,"1,39 €
(0,14 €/UNIDAD)"
Mascotas,Gatos,Alimento para gatos en gelatina sabor pescado Félix bolsa 340 g,"1,99 €
(5,85 €/KILO)"
Mascotas,Otros animales,Barritas con fruta para periquitos Biazoo bolsa 60 g,"1,39 €
(23,17 €/KILO)"
