categoria,subcategoria,descripcion,unidades,precio,marca
Despensa,Aperitivos y frutos secos,Aceitunas Negras sin Hueso Lata 150 Gr,"7,93 € / 1 Kg","1,29 €
1,19 €",CONSUM
Despensa,Aperitivos y frutos secos,Cacahuetes con Cáscara Natural Tostado Bolsa 250 Gr,"4,00 € / 1 Kg","1,05 €
1,00 €",CONSUM
Despensa,Aperitivos y frutos secos,Cacahuetes con Cáscara Tostados con Sal Bolsa 250 Gr,"4,00 € / 1 Kg","1,05 €
1,00 €",CONSUM
Despensa,Aperitivos y frutos secos,Ganchito Maíz Sabor Queso Bolsa 80 Gr,"8,75 € / 1 Kg","0,75 €
0,70 €",CONSUM
Despensa,Aperitivos y frutos secos,Aceitunas Rellenas Anchoa Suave Pack 3 3 x 50 Gr,"17,66 € / 1 Kg","2,99 €
2,65 €",JOLCA
Despensa,Aperitivos y frutos secos,Altramuces Tarro 380 Gr,"4,08 € / 1 Kg","1,69 €
1,55 €",SALADITOS
Despensa,Aperitivos y frutos secos,Patatas Original 165 Gr,"12,06 € / 1 Kg","2,55 €
1,99 €",PRINGLES
Despensa,Aperitivos y frutos secos,Patatas Sour Cream 165 Gr,"12,06 € / 1 Kg","2,55 €
1,99 €",PRINGLES
Despensa,Aperitivos y frutos secos,Cacahuete Collaret Bolsa 500 Gr,"5,98 € / 1 Kg","3,59 €
2,99 €",
Despensa,Aperitivos y frutos secos,Patatas Fritas Lisas Sabor Campesinas 150 Gr,"7,67 € / 1 Kg","1,20 €
1,15 €",CONSUM
Despensa,Aperitivos y frutos secos,Aceituna Manzanilla sin Hueso Pack de 3 150 Gr,"11,27 € / 1 Kg","1,89 €
1,69 €",JOLCA
Despensa,Aperitivos y frutos secos,Aceituna Cacereña Negra Sin Hueso 150 Gr,"11,67 € / 1 Kg","1,95 €
1,75 €",JOLCA
Despensa,Aperitivos y frutos secos,Guindilla Rubia Picante Toreras Frasco 120 Gr,"14,16 € / 1 Kg","1,99 €
1,70 €",KIMBO
Despensa,Aperitivos y frutos secos,Coctel Frutos Secos sin Cáscara 170 Gr,"8,76 € / 1 Kg","1,75 €
1,49 €",FRIT RAVICH
Despensa,Aperitivos y frutos secos,Pipas XXL Bolsa 170 Gr,"10,33 € / 1 Kg","1,85 €
1,55 €",EL MANISERO
Despensa,Aperitivos y frutos secos,Conos de Maíz 3D's Sabor Queso y Bacon 100 Gr,"16,00 € / 1 Kg","1,89 €
1,60 €",MATUTANO
Despensa,Aperitivos y frutos secos,Crackers Quinoa y Chía Bote 250 Gr,"7,40 € / 1 Kg","2,15 €
1,85 €",GULLON
Despensa,Aperitivos y frutos secos,Aceituna Rellena Anchoa Cantábrico Pack de 3 3 x 50 Gr,"19,00 € / 1 Kg","3,19 €
2,85 €",JOLCA
Despensa,Aperitivos y frutos secos,Piña Deshidratada Bolsa 50 Gr,"25,00 € / 1 Kg","1,30 €
1,25 €",FRUBIS
Despensa,Aperitivos y frutos secos,Gilda Aceituna y Guindilla con Aceite de Oliva 95 Gr,"30,00 € / 1 Kg","3,35 €
2,85 €",KIMBO
Despensa,Aperitivos y frutos secos,Patatas Fritas Lisas Churrería Bolsa 150 Gr,"11,67 € / 1 Kg","1,75 €",SANTA ANA
Despensa,Aperitivos y frutos secos,Galletas Saladas Krit Bote 350 Gr,"8,57 € / 1 Kg","3,89 €
3,00 €",CUETARA
Despensa,Aperitivos y frutos secos,Ciruela sin Hueso Doypack 300 Gr,"7,96 € / 1 Kg","2,65 €
2,39 €",CONSUM
Despensa,Aperitivos y frutos secos,Cócktail Frutos Secos Mix5 Bolsa 160 Gr,"10,31 € / 1 Kg","1,95 €
1,65 €",MISTERCORN
Despensa,Aperitivos y frutos secos,Maíz Frito Bolsa 160 Gr,"10,31 € / 1 Kg","1,95 €
1,65 €",MISTERCORN
Despensa,Aperitivos y frutos secos,Patatas Fritas Lisas Gourmet Bolsa 170 Gr,"14,06 € / 1 Kg","2,79 €
2,39 €",LAY'S
Despensa,Aperitivos y frutos secos,Patatas Paprika Bote 165 Gr,"15,45 € / 1 Kg","2,55 €",PRINGLES
Despensa,Aperitivos y frutos secos,Patatas Fritas Receta Original de 1931 150 Gr,"8,60 € / 1 Kg","1,59 €
1,29 €",VIDAL
Despensa,Aperitivos y frutos secos,Aceitunas Verdes Rellenas de Anchoa 150 Gr,"12,33 € / 1 Kg","2,45 €
1,85 €",LA ESPAÑOLA
Despensa,Aperitivos y frutos secos,Takis Fuego Sabor Chile y Lima 140 Gr,"17,07 € / 1 Kg","2,39 €",TAKIS EAGLE
Despensa,Aperitivos y frutos secos,Patatas Fritas Onduladas Jamón Pack Ahorro 275 Gr,"10,51 € / 1 Kg","3,39 €
2,89 €",RUFFLES
Despensa,Aperitivos y frutos secos,Pipas Piponazo Original Formato Ahorro 195 Gr,"11,54 € / 1 Kg","2,65 €
2,25 €",GREFUSA
Despensa,Aperitivos y frutos secos,Gusanitos de Maíz Bolsa 105 Gr,"13,23 € / 1 Kg","1,65 €
1,39 €",RISI
Despensa,Aperitivos y frutos secos,Patatas Cheesy Cheese 165 Gr,"15,45 € / 1 Kg","2,55 €",PRINGLES
Despensa,Aperitivos y frutos secos,Nachos Tortilla Chips Bolsa 200 Gr,"11,25 € / 1 Kg","2,25 €",MISSION
Despensa,Aperitivos y frutos secos,Aceitunas Verdial Receta Tradicional 400 Gr,"7,98 € / 1 Kg","3,59 €
3,19 €",JOLCA
Despensa,Aperitivos y frutos secos,Mixtus Country Paquete 170 Gr,"8,76 € / 1 Kg","1,75 €
1,49 €",MEDINA
Despensa,Aperitivos y frutos secos,Pipas G Tijuana Bolsa 165 Gr,"9,09 € / 1 Kg","1,75 €
1,50 €",GREFUSA
Despensa,Aperitivos y frutos secos,Aceituna Rellena Anchoa Lata 130 Gr,"13,00 € / 1 Kg","1,69 €",JOLCA
Despensa,Aperitivos y frutos secos,Pipas G Maxi Tijuana Bolsa 240 Gr,"9,58 € / 1 Kg","2,30 €",GREFUSA
Despensa,Aperitivos y frutos secos,Nuez Cáscara Granel,"5,99 € / 1 Kg","5,99 €",
Despensa,Aperitivos y frutos secos,Bocabits Bolsa 84 Gr,"22,50 € / 1 Kg","1,89 €",MATUTANO
Despensa,Aperitivos y frutos secos,Aperitivo de Maíz Pelotazos Sabor Queso 130 Gr,"14,54 € / 1 Kg","1,89 €",CHEETOS
Despensa,Aperitivos y frutos secos,Aperitivo Frito Pandilla Sabor Queso 75 Gr,"25,20 € / 1 Kg","1,89 €",CHEETOS
Despensa,Aperitivos y frutos secos,Aceitunas Manzanilla sin Hueso Bolsa 75 Gr,"12,00 € / 1 Kg","0,90 €",JOLCA
Despensa,Aperitivos y frutos secos,Apetinas Ketchup Bolsa 90 Gr,"15,44 € / 1 Kg","1,39 €",TOSFRIT
Despensa,Aperitivos y frutos secos,Patatas Fritas Lisas Artesanas Bolsa Papel 2 x 135 Gr,"11,81 € / 1 Kg","3,19 €",SANTA ANA
Despensa,Aperitivos y frutos secos,Aceitunas Negras Hueso Lata 185 Gr,"6,76 € / 1 Kg","1,25 €",CONSUM
Despensa,Aperitivos y frutos secos,Aceitunas Rellenas de Anchoas 150 Gr,"7,60 € / 1 Kg","1,14 €",CONSUM
Despensa,Aperitivos y frutos secos,Aceitunas Rellenas de Anchoas Pack de 3 3 x 50 Gr,"11,67 € / 1 Kg","1,75 €",CONSUM
Despensa,Aperitivos y frutos secos,Pipas Tostadas con Sal Bolsa 250 Gr,"5,80 € / 1 Kg","1,45 €",CONSUM
Despensa,Aperitivos y frutos secos,Aceitunas Manzanilla con Hueso en Frasco 250 Gr,"7,00 € / 1 Kg","1,75 €",CONSUM
Despensa,Aperitivos y frutos secos,Aceitunas Sabor Anchoa con Hueso en Frasco 250 Gr,"7,80 € / 1 Kg","1,95 €",CONSUM
Despensa,Aperitivos y frutos secos,Tortilla Chip Sal 200 Gr,"8,25 € / 1 Kg","1,65 €",ZANUY
Despensa,Aperitivos y frutos secos,Aceitunas Rellenas de Anchoas Pack de 3 3 x 50 Gr,"21,00 € / 1 Kg","3,15 €",JOLCA
Despensa,Aperitivos y frutos secos,Aceitunas Rellenas Anchoa Cantábrico Lata 150 Gr,"15,93 € / 1 Kg","2,39 €",JOLCA
Despensa,Aperitivos y frutos secos,Mega Mix Snacks Bolsa 140 Gr,"7,86 € / 1 Kg","1,10 €",CONSUM
Despensa,Aperitivos y frutos secos,Conos de Maíz Sabor Queso-Bacon 80 Gr,"8,13 € / 1 Kg","0,65 €",CONSUM
Despensa,Aperitivos y frutos secos,Patatas Fritas Lisas Bolsa Papel 300 Gr,"5,83 € / 1 Kg","1,75 €",CONSUM
Despensa,Aperitivos y frutos secos,Patatas Fritas Lisas Ligeras Bolsa 130 Gr,"9,15 € / 1 Kg","1,19 €",CONSUM
Despensa,Aperitivos y frutos secos,Patatas Fritas Onduladas Jamón Bolsa 170 Gr,"7,94 € / 1 Kg","1,35 €",CONSUM
Despensa,Aperitivos y frutos secos,Ruedas de Patata Bolsa 80 Gr,"14,38 € / 1 Kg","1,15 €",CONSUM
Despensa,Aperitivos y frutos secos,Tiras de Maíz Sabor Barbacoa 130 Gr,"5,00 € / 1 Kg","0,65 €",CONSUM
Despensa,Aperitivos y frutos secos,Maíz Crudo Palomitas Bolsa 250 Gr,"3,40 € / 1 Kg","0,85 €",CONSUM
Despensa,Aperitivos y frutos secos,Cacahuetes Fritos Piel Bolsa 250 Gr,"5,20 € / 1 Kg","1,30 €",CONSUM
Despensa,Aperitivos y frutos secos,Cortezas de Cerdo Bolsa 100 Gr,"12,70 € / 1 Kg","1,27 €",CONSUM
Despensa,Aperitivos y frutos secos,Piñones Caja 40 Gr,"7,38 € / 100 Gr","2,95 €",CONSUM
Despensa,Aperitivos y frutos secos,Pepinillos Finos Vinagre Frasco 230 Gr,"5,43 € / 1 Kg","1,25 €",CONSUM
Despensa,Aperitivos y frutos secos,Pepinillos Finos Sabor Anchoa Frasco 230 Gr,"6,04 € / 1 Kg","1,39 €",CONSUM
Despensa,Aperitivos y frutos secos,Cocktail Aceitunas y Pepinillos Frasco 500 Gr,"5,78 € / 1 Kg","2,89 €",CONSUM
Despensa,Aperitivos y frutos secos,Banderillas Dulces Frasco 215 Gr,"9,72 € / 1 Kg","2,09 €",CONSUM
Despensa,Aperitivos y frutos secos,Banderillas Picantes Frasco 215 Gr,"9,72 € / 1 Kg","2,09 €",CONSUM
Despensa,Aperitivos y frutos secos,Garbanzos Tostados Bolsa 125 Gr,"10,32 € / 1 Kg","1,29 €",CONSUM
Despensa,Aperitivos y frutos secos,Anacardos Fritos Doypack 200 Gr,"12,95 € / 1 Kg","2,59 €",CONSUM
Despensa,Aperitivos y frutos secos,Avellanas Tostadas Bolsa 200 Gr,"16,45 € / 1 Kg","3,29 €",CONSUM
Despensa,Aperitivos y frutos secos,Aperitivo de Maíz Gustosines Sal Bolsa 96 Gr,"19,69 € / 1 Kg","1,89 €",CHEETOS
Despensa,Aperitivos y frutos secos,Aceitunas Gazpachas Partidas Frasco 500 Gr,"5,30 € / 1 Kg","2,65 €",CONSUM
Despensa,Aperitivos y frutos secos,Dracos Snack de Maíz Sabor Queso-Bacón 80 Gr,"14,88 € / 1 Kg","1,19 €",CONSUM
Despensa,Aperitivos y frutos secos,Guindillas Vascas en Vinagre Frasco 130 Gr,"32,69 € / 1 Kg","4,25 €",GUIPUZCOANA
Despensa,Aperitivos y frutos secos,Pepinillos Estilo Alemán Frasco 880 Gr,"4,88 € / 1 Kg","4,29 €",ORZECH
Despensa,Aperitivos y frutos secos,Nuez Cascara Bolsa 600 Gr,"5,42 € / 1 Kg","3,25 €",CONSUM
Despensa,Aperitivos y frutos secos,Patatas Fritas Lisas Bolsa 210 Gr,"6,43 € / 1 Kg","1,35 €",CONSUM
Despensa,Aperitivos y frutos secos,Patatas Fritas Onduladas Bolsa 210 Gr,"6,43 € / 1 Kg","1,35 €",CONSUM
Despensa,Aperitivos y frutos secos,Almendras con Piel Tostadas Sal Bolsa 200 Gr,"14,95 € / 1 Kg","2,99 €",CONSUM
Despensa,Aperitivos y frutos secos,Pipas G con Sal Bolsa 165 Gr,"9,39 € / 1 Kg","1,55 €",GREFUSA
Despensa,Aperitivos y frutos secos,Almendras Repeladas Fritas Bolsa 200 Gr,"14,25 € / 1 Kg","2,85 €",CONSUM
Despensa,Aperitivos y frutos secos,Habas Fritas Bolsa 100 Gr,"12,90 € / 1 Kg","1,29 €",CONSUM
Despensa,Aperitivos y frutos secos,Aceituna Pelotín Sabor Anchoa 250 Gr,"10,36 € / 1 Kg","2,59 €",BERNAL
Despensa,Aperitivos y frutos secos,Cebolla Roja 500 Gr,"6,98 € / 1 Kg","3,49 €",CORBI
Despensa,Aperitivos y frutos secos,Patatas Fritas Lisas Bolsa 140 Gr,"10,36 € / 1 Kg","1,45 €",DUSO
Despensa,Aperitivos y frutos secos,Patatas Fritas Lisas Bolsa 300 Gr,"8,97 € / 1 Kg","2,69 €",DUSO
Despensa,Aperitivos y frutos secos,Alcaparras en Vinagre Tarro 80 Gr,"16,25 € / 1 Kg","1,30 €",CONSUM
Despensa,Aperitivos y frutos secos,Cacahuetes con Miel Paquete 150 Gr,"9,00 € / 1 Kg","1,35 €",CONSUM
Despensa,Aperitivos y frutos secos,Aceitunas Manzanilla con Hueso Bolsa 100 Gr,"9,00 € / 1 Kg","0,90 €",JOLCA
Despensa,Aperitivos y frutos secos,Patatas Fritas Lisas Caseras Bolsa Papel 250 Gr,"10,60 € / 1 Kg","2,65 €",VIDAL
Despensa,Aperitivos y frutos secos,Aceitunas Manzanilla con Hueso en Frasco 500 Gr,"5,18 € / 1 Kg","2,59 €",CONSUM
Despensa,Aperitivos y frutos secos,Galletas Saladas Bacón Paquete 100 Gr,"14,90 € / 1 Kg","1,49 €",LU
Despensa,Aperitivos y frutos secos,Pepinillos Agridulces Frasco 230 Gr,"7,35 € / 1 Kg","1,69 €",CONSUM
Despensa,Aperitivos y frutos secos,Guindillas en Vinagre Frasco 160 Gr,"8,06 € / 1 Kg","1,29 €",CONSUM
Despensa,Aperitivos y frutos secos,Cóctel Frutos Secos Clásico Bolsa 175 Gr,"12,51 € / 1 Kg","2,19 €",CONSUM
Despensa,Aperitivos y frutos secos,Aceitunas Manzanilla sin Hueso en Frasco 400 Gr,"6,48 € / 1 Kg","2,59 €",CONSUM
Despensa,Aperitivos y frutos secos,Palomitas Microondas Saladas Pack de 3 3 x 100 Gr,"8,17 € / 1 Kg","2,45 €",POPITAS
Despensa,Aperitivos y frutos secos,Picadillo de Encurtidos Frasco 200 Gr,"6,75 € / 1 Kg","1,35 €",CONSUM
Despensa,Aperitivos y frutos secos,Pipas Calabaza Tostadas Sal Bolsa 125 Gr,"12,40 € / 1 Kg","1,55 €",CONSUM
Despensa,Aperitivos y frutos secos,Aceitunas Manzanilla Sabor Anchoa con Hueso 500 Gr,"6,10 € / 1 Kg","3,05 €",CONSUM
Despensa,Aperitivos y frutos secos,Palomitas Mantequilla Bolsa 90 Gr,"9,44 € / 1 Kg","0,85 €",CONSUM KIDS
Despensa,Aperitivos y frutos secos,Patatas Fritas Sin Sal Añadida Bolsa 130 Gr,"9,92 € / 1 Kg","1,29 €",CONSUM
Despensa,Aperitivos y frutos secos,Aros de Maíz Kaskys Bolsa 120 Gr,"9,08 € / 1 Kg","1,09 €",TOSFRIT
Despensa,Aperitivos y frutos secos,Selección Frutos Secos y Snacks Mix5 XL 300 Gr,"9,50 € / 1 Kg","2,85 €",MISTERCORN
Despensa,Aperitivos y frutos secos,Galleta Salada Bote 350 Gr,"3,71 € / 1 Kg","1,30 €",CONSUM
Despensa,Aperitivos y frutos secos,Almendra Repelada Cruda 150 Gr,"12,60 € / 1 Kg","1,89 €",CONSUM
Despensa,Aperitivos y frutos secos,Patatas Fritas Lisas Campesinas Ahorro 250 Gr,"12,36 € / 1 Kg","3,09 €",LAY'S
Despensa,Aperitivos y frutos secos,Palitos de Patatas Bolsa 75 Gr,"11,33 € / 1 Kg","0,85 €",CONSUM
Despensa,Aperitivos y frutos secos,Maíz Gigante Frito Bolsa 250 Gr,"9,00 € / 1 Kg","2,25 €",CONSUM
Despensa,Aperitivos y frutos secos,Cortezas Morro-Torrezno Bolsa 150 Gr,"13,67 € / 1 Kg","2,05 €",CONSUM
Despensa,Aperitivos y frutos secos,Aceitunas Rellenas de Anchoas Lata 600 Gr,"7,25 € / 1 Kg","4,35 €",CONSUM
Despensa,Aperitivos y frutos secos,Cocktail Cuatro Variantes en Vinagre Frasco 225 Gr,"6,44 € / 1 Kg","1,45 €",CONSUM
Despensa,Aperitivos y frutos secos,Maíz Gigante Frito Barbacoa Bolsa 100 Gr,"11,50 € / 1 Kg","1,15 €",CONSUM
Despensa,Aperitivos y frutos secos,Cocktail Aceituna Verde Negra-Cebollita-Pepinillo 185 Gr,"10,76 € / 1 Kg","1,99 €",JOLCA
Despensa,Aperitivos y frutos secos,Galletas Saladas Cracker Caja 200 Gr,"13,75 € / 1 Kg","2,75 €",RITZ
Despensa,Aperitivos y frutos secos,Coctel Frutos Secos Cáscara Bolsa 250 Gr,"7,00 € / 1 Kg","1,75 €",CONSUM
Despensa,Aperitivos y frutos secos,Aceitunas Sabor Anchoa con Hueso en Lata 185 Gr,"11,30 € / 1 Kg","2,09 €",JOLCA
Despensa,Aperitivos y frutos secos,Aceituna Manzanilla Frasco 420 Gr,"11,17 € / 1 Kg","4,69 €",JOLCA
Despensa,Aperitivos y frutos secos,Cóctel Frutos Secos Especial Premiun 100 Gr,"19,90 € / 1 Kg","1,99 €",CONSUM
Despensa,Aperitivos y frutos secos,Aceituna con Guindilla Picante 150 Gr,"19,93 € / 1 Kg","2,99 €",KIMBO
Despensa,Aperitivos y frutos secos,Piñones Pelados Tarro 45 Gr,"11,09 € / 100 Gr","4,99 €",SABATER
Despensa,Aperitivos y frutos secos,Aceitunas Rellenas Jalapeños Lata 130 Gr,"15,77 € / 1 Kg","2,05 €",JOLCA
Despensa,Aperitivos y frutos secos,Avellana Cáscara Granel,"7,60 € / 1 Kg","7,60 €",
Despensa,Aperitivos y frutos secos,Aceitunas Gordal con Hueso en Frasco 475 Gr,"8,82 € / 1 Kg","4,19 €",CONSUM
Despensa,Aperitivos y frutos secos,Alcaparrones en Vinagre Frasco 150 Gr,"13,87 € / 1 Kg","2,08 €",CONSUM
Despensa,Aperitivos y frutos secos,Aceitunas Gordal Picante con Hueso en Frasco 475 Gr,"8,82 € / 1 Kg","4,19 €",CONSUM
Despensa,Aperitivos y frutos secos,Aceitunas Cocktail Imperial Tarro 360 Gr,"13,58 € / 1 Kg","4,89 €",JOLCA
Despensa,Aperitivos y frutos secos,Cebollitas Sabor Anchoa Tarro 200 Gr,"7,95 € / 1 Kg","1,59 €",CONSUM
Despensa,Aperitivos y frutos secos,Pimiento en Salmuera Pet 425 Gr,"6,55 € / 1 Kg","2,75 €",CORBI
Despensa,Aperitivos y frutos secos,Banderillas Picantes Aceite y Sabor Anchoa 120 Gr,"22,08 € / 1 Kg","2,65 €",KIMBO
Despensa,Aperitivos y frutos secos,Aceituna Gordal Picante sin Hueso Lata 150 Gr,"15,93 € / 1 Kg","2,39 €",BERNAL
Despensa,Aperitivos y frutos secos,Pipa Calabaza Pelada Tostada Paquete 150 Gr,"15,00 € / 1 Kg","2,25 €",CONSUM
Despensa,Aperitivos y frutos secos,Cacahuete Garrapiñado Doypack 130 Gr,"9,15 € / 1 Kg","1,19 €",PRUNITA
Despensa,Aperitivos y frutos secos,Almendra con Cáscara Tostada Bolsa 250 Gr,"13,00 € / 1 Kg","3,25 €",
Despensa,Aperitivos y frutos secos,Pepinillo Agridulce Bote 400 Gr,"5,23 € / 1 Kg","2,09 €",BERNAL
Despensa,Aperitivos y frutos secos,Tortilla Nachips Bolsa 185 Gr,"14,86 € / 1 Kg","2,75 €",OLD EL PASO
Despensa,Aperitivos y frutos secos,Patatas Fritas Flor de Sal con Hierbas Aromáticas 150 Gr,"13,27 € / 1 Kg","1,99 €",CONSUM
Despensa,Aperitivos y frutos secos,Chips de Maíz y Chía con Sal Marina Mios! 150 Gr,"12,67 € / 1 Kg","1,90 €",RISI
Despensa,Aperitivos y frutos secos,Snack de Maíz con Sabor a Mantequilla 100 Gr,"13,00 € / 1 Kg","1,30 €",JUMPERS
Despensa,Aperitivos y frutos secos,Aceitunas Rellenas de Anchoa Suaves 130 Gr,"14,54 € / 1 Kg","1,89 €",JOLCA
Despensa,Aperitivos y frutos secos,Mango Deshidratado Doypack 90 Gr,"21,22 € / 1 Kg","1,91 €",PRUNITA
Despensa,Aperitivos y frutos secos,Coquitos Grano Bolsa 150 Gr,"15,00 € / 1 Kg","2,25 €",CONSUM
Despensa,Aperitivos y frutos secos,Cocktail Frutos Secos Top 5 170 Gr,"14,71 € / 1 Kg","2,50 €",FRIT RAVICH
Despensa,Aperitivos y frutos secos,Snack Multicereales al Toque de Sal Marina 95 Gr,"23,05 € / 1 Kg","2,19 €",SUNBITES
Despensa,Aperitivos y frutos secos,Almendra Cáscara Blanda Cruda Granel,"9,60 € / 1 Kg","9,60 €",
Despensa,Aperitivos y frutos secos,Pipas Oro Bolsa 150 Gr,"12,00 € / 1 Kg","1,80 €",EL MANISERO
Despensa,Aperitivos y frutos secos,Patata Frita Viruta más Ketchup Tarrina 175 Gr,"12,57 € / 1 Kg","2,20 €",ARGENTE
Despensa,Aperitivos y frutos secos,Mix Sabores de América Bolsa 180 Gr,"13,28 € / 1 Kg","2,39 €",MISTERCORN
Despensa,Aperitivos y frutos secos,Aceitunas Negras Sin Hueso Cacereña 3 x 50 Gr,"21,00 € / 1 Kg","3,15 €",JOLCA
Despensa,Aperitivos y frutos secos,Manzana Deshidratada Roja Bolsa 20 Gr,"4,25 € / 100 Gr","0,85 €",FRUBIS
Despensa,Aperitivos y frutos secos,Frutos Secos y Frutas Arándanos y Cerezas 120 Gr,"22,08 € / 1 Kg","2,65 €",SNATT'S
Despensa,Aperitivos y frutos secos,Frutos Secos y Frutas Piña y Papaya 120 Gr,"22,08 € / 1 Kg","2,65 €",SNATT'S
Despensa,Aperitivos y frutos secos,Pistacho con Cáscara Crudo Bolsa 150 Gr,"16,60 € / 1 Kg","2,49 €",CONSUM
Despensa,Aperitivos y frutos secos,Aceitunas Negras en Rodajas Tarro 110 Gr,"17,73 € / 1 Kg","1,95 €",JOLCA
Despensa,Aperitivos y frutos secos,Nachos con Chia Paquete 130 Gr,"10,77 € / 1 Kg","1,40 €",ZANUY
Despensa,Aperitivos y frutos secos,Aceituna Partida de la Abuela Antequera 550 Gr,"6,82 € / 1 Kg","3,75 €",CHICÓN
Despensa,Aperitivos y frutos secos,Conos de Maíz 3D's Sabor Queso 100 Gr,"18,90 € / 1 Kg","1,89 €",MATUTANO
Despensa,Aperitivos y frutos secos,Mix Familiar 500 Gr,"5,10 € / 1 Kg","2,55 €",CONSUM
Despensa,Aperitivos y frutos secos,Pan de Gambas Bolsa 80 Gr,"18,13 € / 1 Kg","1,45 €",ESCRIVA
Despensa,Aperitivos y frutos secos,Nachos de Maíz Fritos Sabor Natural 300 Gr,"8,83 € / 1 Kg","2,65 €",MEXIFOODS
Despensa,Aperitivos y frutos secos,Picoteo Surtido de Snacks 90 Gr,"12,78 € / 1 Kg","1,15 €",TOSFRIT
Despensa,Aperitivos y frutos secos,Tuc Crackers Pack de 2 x 100 Gr,"11,25 € / 1 Kg","2,25 €",LU
Despensa,Aperitivos y frutos secos,Pistacho Tostado Bolsa 130 Gr,"26,08 € / 1 Kg","3,39 €",PIZARRO
Despensa,Aperitivos y frutos secos,Patatas Fritas Receta Original 250 Gr,"9,40 € / 1 Kg","2,35 €",VIDAL
Despensa,Aperitivos y frutos secos,Ajos Aliñados Frasco 220 Gr,"10,45 € / 1 Kg","2,30 €",CONSUM
Despensa,Aperitivos y frutos secos,Maíz Mistercorn Maxi Ahorro Bolsa 285 Gr,"10,00 € / 1 Kg","2,85 €",MISTERCORN
Despensa,Aperitivos y frutos secos,Aceituna Rellena Limón 130 Gr,"15,31 € / 1 Kg","1,99 €",JOLCA
Despensa,Aperitivos y frutos secos,Aceituna Gordal sin Hueso Aliñada 360 Gr,"13,86 € / 1 Kg","4,99 €",JOLCA
Despensa,Aperitivos y frutos secos,Patatas Fritas Sal al Horno 150 Gr,"15,93 € / 1 Kg","2,39 €",LAY'S
Despensa,Aperitivos y frutos secos,Cóctel Picante Bote 235 Gr,"9,35 € / 1 Kg","2,15 €",CORBI
Despensa,Aperitivos y frutos secos,Mix Barbacoa Bolsa 195 Gr,"10,00 € / 1 Kg","1,95 €",MISTERCORN
Despensa,Aperitivos y frutos secos,Mix Picante Bolsa 195 Gr,"10,00 € / 1 Kg","1,95 €",MISTERCORN
Despensa,Aperitivos y frutos secos,Mix de Encurtidos Pepinillos y Cebollas 380 Gr,"5,13 € / 1 Kg","1,95 €",RIOVERDE
Despensa,Aperitivos y frutos secos,Cóctel Salseo Bolsa 200 Gr,"10,95 € / 1 Kg","2,19 €",CONSUM
Despensa,Aperitivos y frutos secos,Pipas Tostadas sin Sal Bolsa 175 Gr,"7,37 € / 1 Kg","1,29 €",CONSUM
Despensa,Aperitivos y frutos secos,Snack Papadelta Sabor Jamón Bolsa 73 Gr,"23,15 € / 1 Kg","1,69 €",GREFUSA
Despensa,Aperitivos y frutos secos,Snack Gublins Sabor Barbacoa Bolsa 135 Gr,"12,52 € / 1 Kg","1,69 €",GREFUSA
Despensa,Aperitivos y frutos secos,Snack Boom Tijuana Bolsa 85 Gr,"19,88 € / 1 Kg","1,69 €",GREFUSA
Despensa,Aperitivos y frutos secos,Anacardos Crudos Bolsa 150 Gr,"11,67 € / 1 Kg","1,75 €",CONSUM
Despensa,Aperitivos y frutos secos,Patata Delicatessen Bolsa 120 Gr,"11,58 € / 1 Kg","1,39 €",ARGENTE
Despensa,Aperitivos y frutos secos,Pipas Piponazo Original Bolsa 119 Gr,"15,55 € / 1 Kg","1,85 €",GREFUSA
Despensa,Aperitivos y frutos secos,Cóctel Frutos Secos sin Sal 170 Gr,"12,88 € / 1 Kg","2,19 €",CONSUM
Despensa,Aperitivos y frutos secos,Patatas Fritas Onduladas Bolsa 160 Gr,"11,81 € / 1 Kg","1,89 €",RUFFLES
Despensa,Aperitivos y frutos secos,Aceituna Pimiento Asado Lata 150 Gr,"11,00 € / 1 Kg","1,65 €",CONSUM
Despensa,Aperitivos y frutos secos,Pipas Gigantes Tostadas Aguasal en Bolsa 200 Gr,"6,00 € / 1 Kg","1,20 €",CONSUM
Despensa,Aperitivos y frutos secos,Pipas Peladas Fritas Bolsa 150 Gr,"5,67 € / 1 Kg","0,85 €",CONSUM
Despensa,Aperitivos y frutos secos,Palomitas Microondas Pack de 3 3 x 100 Gr,"8,17 € / 1 Kg","2,45 €",POPITAS
Despensa,Aperitivos y frutos secos,Aceituna Rellena Anchoa Baja en Sal en Lata 150 Gr,"9,33 € / 1 Kg","1,40 €",CONSUM
Despensa,Aperitivos y frutos secos,Pipas Gigantes Tostadas con Sal Bolsa 200 Gr,"6,00 € / 1 Kg","1,20 €",CONSUM
Despensa,Aperitivos y frutos secos,Aceituna Verde Rodajas Bote 110 Gr,"12,64 € / 1 Kg","1,39 €",CONSUM
Despensa,Aperitivos y frutos secos,Berenjena Troceada Vidrio 300 Gr,"9,97 € / 1 Kg","2,99 €",ANTONIO
Despensa,Aperitivos y frutos secos,Triángulos de Maíz Sabor Chili Bolsa 140 Gr,"14,21 € / 1 Kg","1,99 €",DORITOS
Despensa,Aperitivos y frutos secos,Triángulos de Maíz Sabor Tex-Mex Bolsa 140 Gr,"14,21 € / 1 Kg","1,99 €",DORITOS
Despensa,Aperitivos y frutos secos,Triángulos de Maíz Sabor Tex-Mex Ahorro 260 Gr,"13,27 € / 1 Kg","3,45 €",DORITOS
Despensa,Aperitivos y frutos secos,Mix Cocktail Bolsa 100 Gr,"13,00 € / 1 Kg","1,30 €",JUMPERS
Despensa,Aperitivos y frutos secos,Avellana Natural Piel DoyPack 200 Gr,"13,50 € / 1 Kg","2,70 €",CONSUM
Despensa,Aperitivos y frutos secos,Cacahuete Repelado Frito Paquete 250 Gr,"4,20 € / 1 Kg","1,05 €",CONSUM
Despensa,Aperitivos y frutos secos,Patatas Fritas Burguer Bolsa 95 Gr,"16,84 € / 1 Kg","1,60 €",VIDAL
Despensa,Aperitivos y frutos secos,Almendra Natural piel Doy Pack 200 Gr,"10,25 € / 1 Kg","2,05 €",CONSUM
Despensa,Aperitivos y frutos secos,Nuez Grano Doypack 200 Gr,"10,75 € / 1 Kg","2,15 €",CONSUM
Despensa,Aperitivos y frutos secos,Aceituna Rellena Sabor Vermut 150 Gr,"15,93 € / 1 Kg","2,39 €",JOLCA
Despensa,Aperitivos y frutos secos,Palomitas Microondas Sal Bolsa 3 x 90 Gr,"4,07 € / 1 Kg","1,10 €",CONSUM
Despensa,Aperitivos y frutos secos,Palomitas Microondas Mantequilla Bolsa 3 x 90 Gr,"5,00 € / 1 Kg","1,35 €",CONSUM
Despensa,Aperitivos y frutos secos,Palomitas Microondas Dulces Bolsa 3 x 90 Gr,"6,30 € / 1 Kg","1,70 €",CONSUM
Despensa,Aperitivos y frutos secos,Pasas Moscatel Doypack 300 Gr,"7,33 € / 1 Kg","2,20 €",CONSUM
Despensa,Aperitivos y frutos secos,Pasas Sultanas Doypack 300 Gr,"5,97 € / 1 Kg","1,79 €",CONSUM
Despensa,Aperitivos y frutos secos,Orejón Albaricoque Desecado doypack 200 Gr,"14,25 € / 1 Kg","2,85 €",CONSUM
Despensa,Aperitivos y frutos secos,Arándano Desecado Doypack 200 Gr,"13,25 € / 1 Kg","2,65 €",CONSUM
Despensa,Aperitivos y frutos secos,Nuez Macadamia Natural Doypack 100 Gr,"29,00 € / 1 Kg","2,90 €",CONSUM
Despensa,Aperitivos y frutos secos,Nuez Pecana Doypack 150 Gr,"17,93 € / 1 Kg","2,69 €",CONSUM
Despensa,Aperitivos y frutos secos,Pipa Pelada Natural Bolsa 150 Gr,"6,00 € / 1 Kg","0,90 €",CONSUM
Despensa,Aperitivos y frutos secos,Cebollitas Rojas Agridulces 200 Gr,"6,25 € / 1 Kg","1,25 €",CONSUM
Despensa,Aperitivos y frutos secos,Aceituna Estilo Casero Bote 500 Gr,"5,70 € / 1 Kg","2,85 €",CONSUM
Despensa,Aperitivos y frutos secos,Dátil sin Hueso Doypack 300 Gr,"6,83 € / 1 Kg","2,05 €",CONSUM
Despensa,Aperitivos y frutos secos,Patatas Fritas Onduladas Yorqueso Bolsa 150 Gr,"13,27 € / 1 Kg","1,99 €",RUFFLES
Despensa,Aperitivos y frutos secos,Patatas Campesinas Bolsa 150 Gr,"13,27 € / 1 Kg","1,99 €",LAY'S
Despensa,Aperitivos y frutos secos,Patatas Vinagreta Bolsa 150 Gr,"13,27 € / 1 Kg","1,99 €",LAY'S
Despensa,Aperitivos y frutos secos,Aceituna Natural Frasco 400 Gr,"6,63 € / 1 Kg","2,65 €",CORBI
Despensa,Aperitivos y frutos secos,Aceitunas Sin Hueso Aliñadas 325 Gr,"10,12 € / 1 Kg","3,29 €",CORBI
Despensa,Aperitivos y frutos secos,Aceitunas Chupadedos Frasco 400 Gr,"5,98 € / 1 Kg","2,39 €",CORBI
Despensa,Aperitivos y frutos secos,Aceituna Con Hueso Mojo Picón 400 Gr,"6,63 € / 1 Kg","2,65 €",CORBI
Despensa,Aperitivos y frutos secos,Aceituna de Sosa Frasco 400 Gr,"6,63 € / 1 Kg","2,65 €",CORBI
Despensa,Aperitivos y frutos secos,Cóctel Mediterráneo Frasco 400 Gr,"6,63 € / 1 Kg","2,65 €",CORBI
Despensa,Aperitivos y frutos secos,Natuchips Tomate Queso y Orégano 85 Gr,"23,41 € / 1 Kg","1,99 €",SNATT'S
Despensa,Aperitivos y frutos secos,Nachos de Maíz Tex Mex Bolsa 150 Gr,"6,33 € / 1 Kg","0,95 €",CONSUM
Despensa,Aperitivos y frutos secos,Pistachos Tostados Paquete 300 Gr,"13,30 € / 1 Kg","3,99 €",CONSUM
Despensa,Aperitivos y frutos secos,Cóctel Ensalada Crudo Doypack 150 Gr,"11,67 € / 1 Kg","1,75 €",CONSUM
Despensa,Aperitivos y frutos secos,Cóctel Mix Crudo Natural Doypack 150 Gr,"13,27 € / 1 Kg","1,99 €",CONSUM
Despensa,Aperitivos y frutos secos,Torreznos Adobados Bolsa 150 Gr,"15,33 € / 1 Kg","2,30 €",CONSUM
Despensa,Aperitivos y frutos secos,Nuez Grano Nacional Bolsa 120 Gr,"18,25 € / 1 Kg","2,19 €",LA NOGUERA
Despensa,Aperitivos y frutos secos,Pepinillos Laminados Agridulces 290 Gr,"6,86 € / 1 Kg","1,99 €",RIOVERDE
Despensa,Aperitivos y frutos secos,Pistachos Tostados Sin Cáscara y Sin Sal 100 Gr,"28,90 € / 1 Kg","2,89 €",CONSUM
Despensa,Aperitivos y frutos secos,Cocktail Snacks de Maíz Bolsa 225 Gr,"8,00 € / 1 Kg","1,80 €",ASPIL
Despensa,Aperitivos y frutos secos,Patatas Fritas Lisas al Punto de Sal 195 Gr,"10,21 € / 1 Kg","1,99 €",LAY'S
Despensa,Aperitivos y frutos secos,Patatas Fritas Lisas Punto de Sal Pack Ahorro 265 Gr,"9,40 € / 1 Kg","2,49 €",LAY'S
Despensa,Aperitivos y frutos secos,Snack de Patata Pom-Bear 80 Gr,"21,13 € / 1 Kg","1,69 €",GREFUSA
Despensa,Aperitivos y frutos secos,Patatas Horno Sabor Campesina 130 Gr,"18,38 € / 1 Kg","2,39 €",LAY'S
Despensa,Aperitivos y frutos secos,Cheetos Sticks Palitos Bolsa 96 Gr,"19,69 € / 1 Kg","1,89 €",CHEETOS
Despensa,Aperitivos y frutos secos,Galletas Saladas Mini Mix 350 Gr,"6,14 € / 1 Kg","2,15 €",GULLON
Despensa,Aperitivos y frutos secos,Cheetos Rizos Bolsa 100 Gr,"18,90 € / 1 Kg","1,89 €",CHEETOS
Despensa,Aperitivos y frutos secos,Nachos Mexican Bolsa 150 Gr,"6,33 € / 1 Kg","0,95 €",CONSUM
Despensa,Aperitivos y frutos secos,Patatas Churrería Bolsa 150 Gr,"7,33 € / 1 Kg","1,10 €",CONSUM
Despensa,Aperitivos y frutos secos,Nachos Blancos Bolsa 150 Gr,"6,00 € / 1 Kg","0,90 €",CONSUM
Despensa,Aperitivos y frutos secos,Doritos Dippas Bolsa 150 Gr,"13,27 € / 1 Kg","1,99 €",DORITOS
Despensa,Aperitivos y frutos secos,Snack Gublins XL Sabor Queso Bolsa 124 Gr,"13,63 € / 1 Kg","1,69 €",GREFUSA
Despensa,Aperitivos y frutos secos,Patatas Fritas Onduladas Pack Económico 265 Gr,"10,91 € / 1 Kg","2,89 €",RUFFLES
Despensa,Aperitivos y frutos secos,Triskys Aros de Maíz 135 Gr,"11,48 € / 1 Kg","1,55 €",RISI
Despensa,Aperitivos y frutos secos,Risketos Sabor Queso 135 Gr,"11,85 € / 1 Kg","1,60 €",RISI
Despensa,Aperitivos y frutos secos,Grefutubo Grefusitos de Maíz 95 Gr,"14,74 € / 1 Kg","1,40 €",GREFUSA
Despensa,Aperitivos y frutos secos,Palomitas de Mantequilla Bolsa 105 Gr,"14,29 € / 1 Kg","1,50 €",RISI
Despensa,Aperitivos y frutos secos,Cacahuete a la Miel y Sal Bolsa 90 Gr,"20,56 € / 1 Kg","1,85 €",EAGLE
Despensa,Aperitivos y frutos secos,Palomitas Microondas Zero Pack de 3 3 x 70 Gr,"11,67 € / 1 Kg","2,45 €",POPITAS
Despensa,Aperitivos y frutos secos,Palomitas de Chocolate Bolsa 100 Gr,"13,00 € / 1 Kg","1,30 €",RISI
Despensa,Aperitivos y frutos secos,Almendra Tostada Sin Sal Bolsa 200 Gr,"14,95 € / 1 Kg","2,99 €",CONSUM
Despensa,Aperitivos y frutos secos,Patatas Fritas Gourmet Bolsa 150 Gr,"11,93 € / 1 Kg","1,79 €",LOLITA
Despensa,Aperitivos y frutos secos,Pistacho Tostado con Cáscara y sin Sal 250 Gr,"13,40 € / 1 Kg","3,35 €",CONSUM
Despensa,Aperitivos y frutos secos,Cacahuete Tostado Sin Sal Bolsa 200 Gr,"6,25 € / 1 Kg","1,25 €",CONSUM
Despensa,Aperitivos y frutos secos,Pipas Piponazo Gourmet Bolsa 105 Gr,"18,57 € / 1 Kg","1,95 €",GREFUSA
Despensa,Aperitivos y frutos secos,Bolitas Maíz MatchBall Sabor Queso 105 Gr,"12,95 € / 1 Kg","1,36 €",RISI
Despensa,Aperitivos y frutos secos,Patatas Fritas Churrería Pack Económico 290 Gr,"10,31 € / 1 Kg","2,99 €",SANTA ANA
Despensa,Aperitivos y frutos secos,Snatt's Guisante Queso y Eneldo 95 Gr,"20,95 € / 1 Kg","1,99 €",SNATTS
Despensa,Aperitivos y frutos secos,Snatt's Guisante Campesina 95 Gr,"20,95 € / 1 Kg","1,99 €",SNATTS
Despensa,Aperitivos y frutos secos,Aceitunas Rellenas de Boquerón Lata 130 Gr,"19,62 € / 1 Kg","2,55 €",LA ESPAÑOLA
Despensa,Aperitivos y frutos secos,Aceitunas Empeltre Bote 210 Gr,"11,86 € / 1 Kg","2,49 €",BLAI PERIS
Despensa,Aperitivos y frutos secos,Aceituna Verdial Gazpachada 400 Gr,"9,98 € / 1 Kg","3,99 €",JOLCA
Despensa,Aperitivos y frutos secos,Patatas Fritas Extra Crujientes Aceite Girasol 180 Gr,"8,33 € / 1 Kg","1,50 €",CONSUM
Despensa,Aperitivos y frutos secos,Patatas Extra Crujientes Aceite Oliva Bolsa 130 Gr,"15,31 € / 1 Kg","1,99 €",CONSUM
Despensa,Aperitivos y frutos secos,Lote Lay's Gourmet 2 x 170 Gr,"12,32 € / 1 Kg","4,19 €",LAY'S
Despensa,Aperitivos y frutos secos,Aceituna Aloreña Partida Aliño al Natural 400 Gr,"9,98 € / 1 Kg","3,99 €",JOLCA
Despensa,Aperitivos y frutos secos,Mix Edamame Soja Doypack 100 Gr,"13,00 € / 1 Kg","1,30 €",MEDINA
Despensa,Aperitivos y frutos secos,Nuez Cáscara Nacional Malla 500 Gr,"6,18 € / 1 Kg","3,09 €",CONSUM
Despensa,Aperitivos y frutos secos,Patatas Ketchup Bolsa 150 Gr,"13,27 € / 1 Kg","1,99 €",RUFFLES
Despensa,Aperitivos y frutos secos,Pipas G Maxi Bolsa 260 Gr,"8,46 € / 1 Kg","2,20 €",GREFUSA
Despensa,Aperitivos y frutos secos,Patatas Fritas Onduladas Sabor Jamón 150 Gr,"13,27 € / 1 Kg","1,99 €",RUFFLES
Despensa,Aperitivos y frutos secos,Nuez Grano Miel y Sal Doy Pack 120 Gr,"24,08 € / 1 Kg","2,89 €",BORGES
Despensa,Aperitivos y frutos secos,Nuez Grano Bolsa 300 Gr,"9,97 € / 1 Kg","2,99 €",BORGES
Despensa,"Arroz, pastas, legumbres",Penne Rigate Caja 500 Gr,"3,58 € / 1 Kg","1,79 €",BARILLA
Despensa,"Arroz, pastas, legumbres",Spaghetti Caja 500 Gr,"3,58 € / 1 Kg","1,79 €",BARILLA
Despensa,"Arroz, pastas, legumbres",Lenteja Cocida Pardina Frasco 400 Gr,"2,88 € / 1 Kg","1,35 €
1,15 €",LUENGO
Despensa,"Arroz, pastas, legumbres",Garbanzo Cocido Frasco 400 Gr,"2,88 € / 1 Kg","1,35 €
1,15 €",LUENGO
Despensa,"Arroz, pastas, legumbres",Alubia Blanca Cocida Frasco 400 Gr,"2,88 € / 1 Kg","1,35 €
1,15 €",LUENGO
Despensa,"Arroz, pastas, legumbres",Arroz Basmati 1 Kg,"2,44 € / 1 Kg","2,54 €
2,44 €",CONSUM
Despensa,"Arroz, pastas, legumbres",Masa de Empanada Rectangular 280 Gr,"8,75 € / 1 Kg","2,89 €
2,45 €",BUITONI
Despensa,"Arroz, pastas, legumbres",Arroz Bomba 1 Kg,"4,95 € / 1 Kg","5,79 €
4,95 €",LA FALLERA
Despensa,"Arroz, pastas, legumbres",Pasta Fresca Rellena de Ternera con Verduras 250 Gr,"10,76 € / 1 Kg","3,29 €
2,69 €",RANA
Despensa,"Arroz, pastas, legumbres",Macarrones Paquete 1 Kg,"1,30 € / 1 Kg","1,35 €
1,30 €",CONSUM
Despensa,"Arroz, pastas, legumbres",Spaghetti Paquete 1 Kg,"1,30 € / 1 Kg","1,35 €
1,30 €",CONSUM
Despensa,"Arroz, pastas, legumbres",Pasta Fresca Rellena 4 Quesos 250 Gr,"10,76 € / 1 Kg","3,29 €
2,69 €",RANA
Despensa,"Arroz, pastas, legumbres",Hélices con Vegetales Pasta Fina 400 Gr,"3,38 € / 1 Kg","1,70 €
1,35 €",GALLO
Despensa,"Arroz, pastas, legumbres",Arroz Especial Paella D.O. Valencia Paquete 1 Kg,"1,99 € / 1 Kg","2,39 €
1,99 €",LA FALLERA
Despensa,"Arroz, pastas, legumbres",Pasta Fresca Rellena de Pollo Asado 250 Gr,"10,76 € / 1 Kg","3,29 €
2,69 €",RANA
Despensa,"Arroz, pastas, legumbres",Masa de Pizza Finíssima Maxi 350 Gr,"7,69 € / 1 Kg","3,15 €
2,69 €",BUITONI
Despensa,"Arroz, pastas, legumbres",Pasta Fresca Rellena de Atún y Tomate 250 Gr,"10,76 € / 1 Kg","3,29 €
2,69 €",RANA
Despensa,"Arroz, pastas, legumbres",Pasta Fresca Rellena Jamón y Queso 250 Gr,"10,76 € / 1 Kg","3,29 €
2,69 €",RANA
Despensa,"Arroz, pastas, legumbres",Pizza Tartufina Jamón y Salsa de Trufa 430 Gr,"7,71 € / 1 Kg","3,99 €
3,39 €",GUAPIZZIMA
Despensa,"Arroz, pastas, legumbres",Arroz Integral Paquete 1 Kg,"2,01 € / 1 Kg","2,01 €",SOS
Despensa,"Arroz, pastas, legumbres",Plumas Nº 6 Paquete 450 Gr,"3,00 € / 1 Kg","1,35 €",GALLO
Despensa,"Arroz, pastas, legumbres",Pennotti Rigati 450 Gr,"3,76 € / 1 Kg","1,69 €",GALLO
Despensa,"Arroz, pastas, legumbres",Garbanzos Pedrosillano Calidad Extra Frasco 400 Gr,"4,73 € / 1 Kg","1,89 €",GUTARRA
Despensa,"Arroz, pastas, legumbres",Alubias Blancas Baby Calidad Extra Frasco 400 Gr,"4,73 € / 1 Kg","1,89 €",GUTARRA
Despensa,"Arroz, pastas, legumbres",Pizza 9 Formaggi 420 Gr,"8,31 € / 1 Kg","3,99 €
3,49 €",GUAPIZZIMA
Despensa,"Arroz, pastas, legumbres",Oblea 16 Unidades 160 Gr,"6,88 € / 1 Kg","1,10 €",BUITONI
Despensa,"Arroz, pastas, legumbres",Arroz Redondo 1 Kg,"1,63 € / 1 Kg","1,63 €",LA FALLERA
Despensa,"Arroz, pastas, legumbres",Tortellinis con Carne Paquete 250 Gr,"10,28 € / 1 Kg","2,57 €",KNORR
Despensa,"Arroz, pastas, legumbres",Spaghettini al Huevo Paquete 450 Gr,"3,76 € / 1 Kg","1,69 €",GALLO
Despensa,"Arroz, pastas, legumbres",Maccheroni Rayado al Huevo Paquete 450 Gr,"3,76 € / 1 Kg","1,69 €",GALLO
Despensa,"Arroz, pastas, legumbres",Pizza 4 Quesos 390 Gr,"8,18 € / 1 Kg","3,19 €",TARRADELLAS
Despensa,"Arroz, pastas, legumbres",Pizza Jamón y Queso. 405 Gr,"7,88 € / 1 Kg","3,19 €",TARRADELLAS
Despensa,"Arroz, pastas, legumbres",Arroz Redondo Extra D.O. Valencia Paquete 1 Kg,"1,79 € / 1 Kg","1,79 €",DACSA
Despensa,"Arroz, pastas, legumbres",Sémola de Arroz Paquete 500 Gr,"1,98 € / 1 Kg","0,99 €",REX
Despensa,"Arroz, pastas, legumbres",Pizza Mediterránea 410 Gr,"7,78 € / 1 Kg","3,19 €",TARRADELLAS
Despensa,"Arroz, pastas, legumbres",Pizza Carbonara 400 Gr,"7,98 € / 1 Kg","3,19 €",TARRADELLAS
Despensa,"Arroz, pastas, legumbres",Tortas de Gazpacho Paquete 180 Gr,"3,33 € / 1 Kg","0,60 €",PASTOR
Despensa,"Arroz, pastas, legumbres",Hélices Ensaladas Paquete 450 Gr,"3,78 € / 1 Kg","1,70 €",GALLO
Despensa,"Arroz, pastas, legumbres",Pizza Jamón y Queso Pack de 2 Unidades 2 x 220 Gr,"7,25 € / 1 Kg","3,19 €",TARRADELLAS
Despensa,"Arroz, pastas, legumbres",Cous Cous Mediano Caja 500 Gr,"3,80 € / 1 Kg","1,90 €",GALLO
Despensa,"Arroz, pastas, legumbres",Alubia Pinta Cocida Frasco 400 Gr,"3,98 € / 1 Kg","1,59 €",LUENGO
Despensa,"Arroz, pastas, legumbres",Arroz Basmati Vaso Pack de 2 2 x 125 Gr,"5,36 € / 1 Kg","1,34 €",BRILLANTE
Despensa,"Arroz, pastas, legumbres",Lenteja Pardina 500 Gr,"3,98 € / 1 Kg","1,99 €",LUENGO
Despensa,"Arroz, pastas, legumbres",Arroz Largo 1 Kg,"1,30 € / 1 Kg","1,30 €",CONSUM
Despensa,"Arroz, pastas, legumbres",Arroz Redondo Extra 1 Kg,"1,30 € / 1 Kg","1,30 €",CONSUM
Despensa,"Arroz, pastas, legumbres",Lasaña Fácil Precocida Caja 18 Placas 200 Gr,"7,15 € / 1 Kg","1,43 €",EL PAVO
Despensa,"Arroz, pastas, legumbres",Pizza Carne con Salsa Barbacoa 410 Gr,"7,05 € / 1 Kg","2,89 €",CAMPOFRÍO
Despensa,"Arroz, pastas, legumbres",Alubia Blanca Cocida Frasco 400 Gr,"1,88 € / 1 Kg","0,75 €",CONSUM
Despensa,"Arroz, pastas, legumbres",Lenteja Pardina Cocida Frasco 400 Gr,"1,88 € / 1 Kg","0,75 €",CONSUM
Despensa,"Arroz, pastas, legumbres",Garbanzo Cocido Frasco 400 Gr,"1,88 € / 1 Kg","0,75 €",CONSUM
Despensa,"Arroz, pastas, legumbres",Alubia Blanca Cocida Frasco 200 Gr,"3,45 € / 1 Kg","0,69 €",CONSUM
Despensa,"Arroz, pastas, legumbres",Lenteja Pardina Cocida Frasco 200 Gr,"3,45 € / 1 Kg","0,69 €",CONSUM
Despensa,"Arroz, pastas, legumbres",Garbanzos Cocidos Frasco 200 Gr,"3,45 € / 1 Kg","0,69 €",CONSUM
Despensa,"Arroz, pastas, legumbres",Garbanzos Espinacas Frasco 370 Gr,"4,03 € / 1 Kg","1,49 €",LUENGO
Despensa,"Arroz, pastas, legumbres",Espirales con Vegetales Paquete 500 Gr,"1,98 € / 1 Kg","0,99 €",CONSUM
Despensa,"Arroz, pastas, legumbres",Macarrones Paquete 500 Gr,"1,64 € / 1 Kg","0,82 €",CONSUM
Despensa,"Arroz, pastas, legumbres",Spaghetti Paquete 500 Gr,"1,64 € / 1 Kg","0,82 €",CONSUM
Despensa,"Arroz, pastas, legumbres",Fideua Paquete 500 Gr,"1,64 € / 1 Kg","0,82 €",CONSUM
Despensa,"Arroz, pastas, legumbres",Tallarines Paquete 500 Gr,"1,64 € / 1 Kg","0,82 €",CONSUM
Despensa,"Arroz, pastas, legumbres",Pasta Tiburones Paquete 500 Gr,"1,64 € / 1 Kg","0,82 €",CONSUM
Despensa,"Arroz, pastas, legumbres",Espirales Paquete 500 Gr,"1,64 € / 1 Kg","0,82 €",CONSUM
Despensa,"Arroz, pastas, legumbres",Pasta Maravilla Paquete 500 Gr,"1,64 € / 1 Kg","0,82 €",CONSUM
Despensa,"Arroz, pastas, legumbres",Macarrones Finos Paquete 500 Gr,"1,64 € / 1 Kg","0,82 €",CONSUM
Despensa,"Arroz, pastas, legumbres",Macarrones Rayados Paquete 500 Gr,"1,64 € / 1 Kg","0,82 €",CONSUM
Despensa,"Arroz, pastas, legumbres",Pasta Estrellas Paquete 500 Gr,"1,64 € / 1 Kg","0,82 €",CONSUM
Despensa,"Arroz, pastas, legumbres",Fideos Cabellin Paquete 500 Gr,"1,64 € / 1 Kg","0,82 €",CONSUM
Despensa,"Arroz, pastas, legumbres",Fideos Medianos Paquete 500 Gr,"1,64 € / 1 Kg","0,82 €",CONSUM
Despensa,"Arroz, pastas, legumbres",Pizza Jamón Serrano 390 Gr,"8,18 € / 1 Kg","3,19 €",TARRADELLAS
Despensa,"Arroz, pastas, legumbres",Masa de Pizza Finíssima 260 Gr,"7,65 € / 1 Kg","1,99 €",BUITONI
Despensa,"Arroz, pastas, legumbres",Gourmet Queso Cabra y Cebolla 250 Gr,"16,24 € / 1 Kg","4,06 €",RANA
Despensa,"Arroz, pastas, legumbres",Tortellinis Rellenos de Carne 250 Gr,"6,88 € / 1 Kg","1,72 €",CONSUM
Despensa,"Arroz, pastas, legumbres",Tortellinis Rellenos de Quesos 250 Gr,"6,88 € / 1 Kg","1,72 €",CONSUM
Despensa,"Arroz, pastas, legumbres",Tortellini Relleno Requesón y Espinacas 250 Gr,"6,88 € / 1 Kg","1,72 €",CONSUM
Despensa,"Arroz, pastas, legumbres",Tagliatelles al Huevo 250 Gr,"4,60 € / 1 Kg","1,15 €",CONSUM
Despensa,"Arroz, pastas, legumbres",Masa Brisa 230 Gr,"10,22 € / 1 Kg","2,35 €",BUITONI
Despensa,"Arroz, pastas, legumbres",Gnocchis de Patata 500 Gr,"2,98 € / 1 Kg","1,49 €",CONSUM
Despensa,"Arroz, pastas, legumbres",Arroz Redondo Vaso Pack de 2 2 x 125 Gr,"5,00 € / 1 Kg","1,25 €",BRILLANTE
Despensa,"Arroz, pastas, legumbres",Arroz Integral Vaso Pack de 2 2 x 125 Gr,"5,00 € / 1 Kg","1,25 €",BRILLANTE
Despensa,"Arroz, pastas, legumbres",Letras Paquete 500 Gr,"1,64 € / 1 Kg","0,82 €",CONSUM
Despensa,"Arroz, pastas, legumbres",Pizza Jamón y Queso al Horno de Piedra 400 Gr,"6,25 € / 1 Kg","2,50 €",CONSUM
Despensa,"Arroz, pastas, legumbres",Pizza 4 Quesos al Horno de Piedra 400 Gr,"7,25 € / 1 Kg","2,90 €",CONSUM
Despensa,"Arroz, pastas, legumbres",Pizza Atún y Bacón 400 Gr,"7,25 € / 1 Kg","2,90 €",CONSUM
Despensa,"Arroz, pastas, legumbres",Farfalle con Vegetales Paquete 500 Gr,"1,98 € / 1 Kg","0,99 €",CONSUM
Despensa,"Arroz, pastas, legumbres",Pizza Barbacoa al Horno de Piedra 400 Gr,"6,25 € / 1 Kg","2,50 €",CONSUM
Despensa,"Arroz, pastas, legumbres",Pizza Romana 400 Gr,"7,25 € / 1 Kg","2,90 €",CONSUM
Despensa,"Arroz, pastas, legumbres",Masa de Hojaldre Redonda 230 Gr,"5,22 € / 1 Kg","1,20 €",CONSUM
Despensa,"Arroz, pastas, legumbres",Masa de Pizza Redonda 260 Gr,"5,00 € / 1 Kg","1,30 €",CONSUM
Despensa,"Arroz, pastas, legumbres",Pizza Carbonara Masa Fina 400 Gr,"7,25 € / 1 Kg","2,90 €",CONSUM
Despensa,"Arroz, pastas, legumbres",Pizza Pollo Masa Rústica al Horno de Piedra 400 Gr,"7,25 € / 1 Kg","2,90 €",CONSUM
Despensa,"Arroz, pastas, legumbres",Pizza Jamón y Queso con Salsa Cheddar 360 Gr,"8,03 € / 1 Kg","2,89 €",CAMPOFRÍO
Despensa,"Arroz, pastas, legumbres",Spaghetti Pasta Fina Paquete 400 Gr,"3,38 € / 1 Kg","1,35 €",GALLO
Despensa,"Arroz, pastas, legumbres",Masa de Hojaldre Rectangular 230 Gr,"8,65 € / 1 Kg","1,99 €",BUITONI
Despensa,"Arroz, pastas, legumbres",Arroz Integral con Quinoa Pack de 2 2 x 125 Gr,"5,96 € / 1 Kg","1,49 €",BRILLANTE
Despensa,"Arroz, pastas, legumbres",Lenteja Cocida Selección Frasco 400 Gr,"3,48 € / 1 Kg","1,39 €",PICUEZO
Despensa,"Arroz, pastas, legumbres",Plumas Pasta Fina Paquete 400 Gr,"3,38 € / 1 Kg","1,35 €",GALLO
Despensa,"Arroz, pastas, legumbres",Quinoa 100% Paquete 250 Gr,"7,52 € / 1 Kg","1,88 €",SOS
Despensa,"Arroz, pastas, legumbres",Arroz Risotto Arborio Paquete 500 Gr,"3,56 € / 1 Kg","1,78 €",SCOTTI
Despensa,"Arroz, pastas, legumbres",Garbanza Blanca 500 Gr,"4,98 € / 1 Kg","2,49 €",LUENGO
Despensa,"Arroz, pastas, legumbres",Alubia Blanca Larga 500 Gr,"3,94 € / 1 Kg","1,97 €",LUENGO
Despensa,"Arroz, pastas, legumbres",Arroz Vaporizado 1 Kg,"1,54 € / 1 Kg","1,54 €",CONSUM
Despensa,"Arroz, pastas, legumbres",Arroz Integral D.O. Valencia Paquete 1 Kg,"1,95 € / 1 Kg","1,95 €",DACSA
Despensa,"Arroz, pastas, legumbres",Pajaritas Vegetales Paquete 450 Gr,"3,78 € / 1 Kg","1,70 €",GALLO
Despensa,"Arroz, pastas, legumbres",Sémola de Trigo Paquete 250 Gr,"3,24 € / 1 Kg","0,81 €",GALLO
Despensa,"Arroz, pastas, legumbres",Alubia Roja Cocida Frasco 400 Gr,"3,98 € / 1 Kg","1,59 €",LUENGO
Despensa,"Arroz, pastas, legumbres",Alubia con Verduras Frasco 400 Gr,"3,73 € / 1 Kg","1,49 €",LUENGO
Despensa,"Arroz, pastas, legumbres",Arroz Bomba Paquete 1 Kg,"4,90 € / 1 Kg","4,90 €",CONSUM
Despensa,"Arroz, pastas, legumbres",De la Huerta Ravioli Calabaza y Cebolla 250 Gr,"15,08 € / 1 Kg","3,77 €",RANA
Despensa,"Arroz, pastas, legumbres",Pizza Barbacoa 440 Gr,"7,25 € / 1 Kg","3,19 €",TARRADELLAS
Despensa,"Arroz, pastas, legumbres",Huerta Ravioli Boletus Edulis 250 Gr,"15,08 € / 1 Kg","3,77 €",RANA
Despensa,"Arroz, pastas, legumbres",Arroz Bomba D.O. Valencia Paquete 1 Kg,"5,89 € / 1 Kg","5,89 €",DACSA
Despensa,"Arroz, pastas, legumbres",Pizza Atún y Bacón 405 Gr,"7,88 € / 1 Kg","3,19 €",TARRADELLAS
Despensa,"Arroz, pastas, legumbres",Spaguettis al Huevo 250 Gr,"4,76 € / 1 Kg","1,19 €",CONSUM
Despensa,"Arroz, pastas, legumbres",Quinoa Roja y Blanca Vasitos 2 x 125 Gr,"6,24 € / 1 Kg","1,56 €",BRILLANTE
Despensa,"Arroz, pastas, legumbres",Arroz Bomba Paquete 500 Gr,"5,98 € / 1 Kg","2,99 €",LA FALLERA
Despensa,"Arroz, pastas, legumbres",Huerta Tortellini Ricotta y Espinacas 250 Gr,"15,08 € / 1 Kg","3,77 €",RANA
Despensa,"Arroz, pastas, legumbres",Oblea 16 unidades 280 Gr,"6,43 € / 1 Kg","1,80 €",BUITONI
Despensa,"Arroz, pastas, legumbres",Alubia Cocida Granja Frasco 400 Gr,"3,98 € / 1 Kg","1,59 €",LUENGO
Despensa,"Arroz, pastas, legumbres",Arroz Redondo Paquete 1 Kg,"2,68 € / 1 Kg","2,68 €",BRILLANTE
Despensa,"Arroz, pastas, legumbres",Arroz Vaporizado Caja 1 Kg,"1,90 € / 1 Kg","1,90 €",BRILLANTE
Despensa,"Arroz, pastas, legumbres",Garbanza Selección Paquete 1 Kg,"3,95 € / 1 Kg","3,95 €",DON PEDRO
Despensa,"Arroz, pastas, legumbres",Tapioca Caja 175 Gr,"10,80 € / 1 Kg","1,89 €",ROYAL
Despensa,"Arroz, pastas, legumbres",Arroz Albufera D.O. Valencia Saco 1 Kg,"4,49 € / 1 Kg","4,49 €",TARTANA
Despensa,"Arroz, pastas, legumbres",Pizza Pepperoni 400 Gr,"7,98 € / 1 Kg","3,19 €",TARRADELLAS
Despensa,"Arroz, pastas, legumbres",Pizza Romana 410 Gr,"7,78 € / 1 Kg","3,19 €",TARRADELLAS
Despensa,"Arroz, pastas, legumbres",Garbanzo Cocido Frasco 400 Gr,"2,98 € / 1 Kg","1,19 €",LOZANO
Despensa,"Arroz, pastas, legumbres",Alubia Cocida Frasco 400 Gr,"2,98 € / 1 Kg","1,19 €",LOZANO
Despensa,"Arroz, pastas, legumbres",Arroz Caldoso y Meloso Paquete 1 Kg,"2,59 € / 1 Kg","2,59 €",LA FALLERA
Despensa,"Arroz, pastas, legumbres",Arroz Largo 1 Kg,"1,89 € / 1 Kg","1,89 €",LA FALLERA
Despensa,"Arroz, pastas, legumbres",Garbanzos Blancos Calidad Extra Frasco 400 Gr,"4,23 € / 1 Kg","1,69 €",GUTARRA
Despensa,"Arroz, pastas, legumbres",Garbanzos con Zanahoria y Acelga 360 Gr,"6,64 € / 1 Kg","2,39 €",GUTARRA
Despensa,"Arroz, pastas, legumbres",Garbanza Cocida Selección 400 Gr,"4,13 € / 1 Kg","1,65 €",DON PEDRO
Despensa,"Arroz, pastas, legumbres",Hojas de Lasaña Frescas 250 Gr,"9,56 € / 1 Kg","2,39 €",RANA
Despensa,"Arroz, pastas, legumbres",Radiatori Paquete 500 Gr,"3,42 € / 1 Kg","1,71 €",GAROFALO
Despensa,"Arroz, pastas, legumbres",Elicoidali Paquete 500 Gr,"3,42 € / 1 Kg","1,71 €",GAROFALO
Despensa,"Arroz, pastas, legumbres",Mafalda Corta Paquete 500 Gr,"3,42 € / 1 Kg","1,71 €",GAROFALO
Despensa,"Arroz, pastas, legumbres",Tagliatelle Nido Paquete 500 Gr,"5,64 € / 1 Kg","2,82 €",GAROFALO
Despensa,"Arroz, pastas, legumbres",Spaghetti Paquete 500 Gr,"3,42 € / 1 Kg","1,71 €",GAROFALO
Despensa,"Arroz, pastas, legumbres",Garbanzo Pedrosillano Paquete 500 Gr,"3,50 € / 1 Kg","1,75 €",LUENGO
Despensa,"Arroz, pastas, legumbres",Lentejas Verdina Calidad Extra Frasco 400 Gr,"4,23 € / 1 Kg","1,69 €",GUTARRA
Despensa,"Arroz, pastas, legumbres",Cannelloni Canelón Caja 125 Gr,"9,52 € / 1 Kg","1,19 €",EL PAVO
Despensa,"Arroz, pastas, legumbres",Spaghetti Integral Caja 500 Gr,"3,98 € / 1 Kg","1,99 €",BARILLA
Despensa,"Arroz, pastas, legumbres",Canelón Precocinado Caja 18 Placas 125 Gr,"11,60 € / 1 Kg","1,45 €",EL PAVO
Despensa,"Arroz, pastas, legumbres",Arroz Integral con Chía y Quinoa 2 x 125 Gr,"5,96 € / 1 Kg","1,49 €",BRILLANTE
Despensa,"Arroz, pastas, legumbres",Espaguetis Integrales Ecológicos Paquete 500 Gr,"2,38 € / 1 Kg","1,19 €",CONSUM ECO
Despensa,"Arroz, pastas, legumbres",Macarrones Integrales Ecológicos Paquete 500 Gr,"2,38 € / 1 Kg","1,19 €",CONSUM ECO
Despensa,"Arroz, pastas, legumbres",Alubia Cocida Origen 100% Nacional 400 Gr,"3,73 € / 1 Kg","1,49 €",LUENGO
Despensa,"Arroz, pastas, legumbres",Lenteja Cocida Origen Frasco 400 Gr,"3,73 € / 1 Kg","1,49 €",LUENGO
Despensa,"Arroz, pastas, legumbres",Pizza Vegalia de Verdura y Queso Curado 360 Gr,"9,03 € / 1 Kg","3,25 €",CAMPOFRÍO
Despensa,"Arroz, pastas, legumbres",Arroz Redondo Extra Paquete 1 Kg,"1,89 € / 1 Kg","1,89 €",EMBAJADOR
Despensa,"Arroz, pastas, legumbres",Soja Texturizada Paquete 350 Gr,"7,40 € / 1 Kg","2,59 €",ESGIR
Despensa,"Arroz, pastas, legumbres",Pizza Jamón y Queso sin Gluten y sin Lactosa 420 Gr,"8,07 € / 1 Kg","3,39 €",TARRADELLAS
Despensa,"Arroz, pastas, legumbres",Masa de Hojaldre con Mantequilla 260 Gr,"6,12 € / 1 Kg","1,59 €",TARRADELLAS
Despensa,"Arroz, pastas, legumbres",Arroz Salvaje y Basmati vasitos 2 x 125 Gr,"6,60 € / 1 Kg","1,65 €",BRILLANTE
Despensa,"Arroz, pastas, legumbres",Pizza Pollo y Bacón con Masa 5 Semillas 410 Gr,"7,78 € / 1 Kg","3,19 €",TARRADELLAS
Despensa,"Arroz, pastas, legumbres",Alubia Pinta Paquete 1 Kg,"2,16 € / 1 Kg","2,16 €",CONSUM
Despensa,"Arroz, pastas, legumbres",Lenteja Pardina Paquete 1 Kg,"2,10 € / 1 Kg","2,10 €",CONSUM
Despensa,"Arroz, pastas, legumbres",Lentejas Paquete 1 Kg,"1,88 € / 1 Kg","1,88 €",CONSUM
Despensa,"Arroz, pastas, legumbres",Garbanzo Lechoso Paquete 1 Kg,"2,65 € / 1 Kg","2,65 €",CONSUM
Despensa,"Arroz, pastas, legumbres",Alubia Blanca Paquete 1 Kg,"1,85 € / 1 Kg","1,85 €",CONSUM
Despensa,"Arroz, pastas, legumbres",Garbanzo Selecto Paquete 1 Kg,"2,15 € / 1 Kg","2,15 €",CONSUM
Despensa,"Arroz, pastas, legumbres",Tortiglioni Caja 500 Gr,"3,58 € / 1 Kg","1,79 €",BARILLA
Despensa,"Arroz, pastas, legumbres",Arroz Redondo Denominación de Origen Valencia 1 Kg,"1,65 € / 1 Kg","1,65 €",CONSUM
Despensa,"Arroz, pastas, legumbres",Hélices Ensaladas Integral 400 Gr,"4,25 € / 1 Kg","1,70 €",GALLO
Despensa,"Arroz, pastas, legumbres",Penne Integral Paquete 500 Gr,"3,98 € / 1 Kg","1,99 €",BARILLA
Despensa,"Arroz, pastas, legumbres",Masa de Hojaldre sin Gluten 280 Gr,"10,00 € / 1 Kg","2,80 €",CERELIA
Despensa,"Arroz, pastas, legumbres",Arroz Largo Pack de 2 200 Gr,"5,38 € / 1 Kg","2,15 €",BRILLANTE
Despensa,"Arroz, pastas, legumbres",Alubias con Seta Shiitake 375 Gr,"5,31 € / 1 Kg","1,99 €",CONSUM
Despensa,"Arroz, pastas, legumbres",Garbanzos con Trufa Negra 400 Gr,"5,88 € / 1 Kg","2,35 €",CONSUM
Despensa,"Arroz, pastas, legumbres",Masa de Pizza 5 Semillas y Cereales 260 Gr,"5,58 € / 1 Kg","1,45 €",TARRADELLAS
Despensa,"Arroz, pastas, legumbres",Lentejas IGP de Tierra de Campos 500 Gr,"4,70 € / 1 Kg","2,35 €",CONSUM
Despensa,"Arroz, pastas, legumbres",Garbanzos IGP de Fuentesaúco 500 Gr,"5,18 € / 1 Kg","2,59 €",CONSUM
Despensa,"Arroz, pastas, legumbres",Alubias Blancas Largas Calidad Extra Frasco 400 Gr,"4,23 € / 1 Kg","1,69 €",GUTARRA
Despensa,"Arroz, pastas, legumbres",Casarecce Paquete 500 Gr,"3,42 € / 1 Kg","1,71 €",GAROFALO
Despensa,"Arroz, pastas, legumbres",Linguine N.13 Caja 500 Gr,"3,58 € / 1 Kg","1,79 €",BARILLA
Despensa,"Arroz, pastas, legumbres",Alubia Cocida Frasco 210 Gr,"4,05 € / 1 Kg","0,85 €",LOZANO
Despensa,"Arroz, pastas, legumbres",Lenteja Cocida Frasco 210 Gr,"4,05 € / 1 Kg","0,85 €",LOZANO
Despensa,"Arroz, pastas, legumbres",Garbanzo Cocido Frasco 210 Gr,"4,05 € / 1 Kg","0,85 €",LOZANO
Despensa,"Arroz, pastas, legumbres",Placas para Lasaña y Canelones sin Gluten 250 Gr,"10,00 € / 1 Kg","2,50 €",GALLO
Despensa,"Arroz, pastas, legumbres",Fideo Nº 0 Paquete 450 Gr,"3,00 € / 1 Kg","1,35 €",GALLO
Despensa,"Arroz, pastas, legumbres",Fideo Nº 1 Paquete 450 Gr,"3,00 € / 1 Kg","1,35 €",GALLO
Despensa,"Arroz, pastas, legumbres",Fideo Nº 2 Paquete 450 Gr,"3,00 € / 1 Kg","1,35 €",GALLO
Despensa,"Arroz, pastas, legumbres",Fideo Nº 4 Paquete 450 Gr,"3,00 € / 1 Kg","1,35 €",GALLO
Despensa,"Arroz, pastas, legumbres",Fideua Paquete 450 Gr,"3,00 € / 1 Kg","1,35 €",GALLO
Despensa,"Arroz, pastas, legumbres",Pasta Mariscos Paquete 450 Gr,"3,00 € / 1 Kg","1,35 €",GALLO
Despensa,"Arroz, pastas, legumbres",Tiburón Nº 1 Paquete 450 Gr,"3,00 € / 1 Kg","1,35 €",GALLO
Despensa,"Arroz, pastas, legumbres",Pasta Piñones Paquete 450 Gr,"3,00 € / 1 Kg","1,35 €",GALLO
Despensa,"Arroz, pastas, legumbres",Arroz Ensaladas Paquete 500 Gr,"2,78 € / 1 Kg","1,39 €",SOS
Despensa,"Arroz, pastas, legumbres",Plumas Integrales Paquete 450 Gr,"3,98 € / 1 Kg","1,79 €",GALLO
Despensa,"Arroz, pastas, legumbres",Fideos sin Gluten Paquete 450 Gr,"4,42 € / 1 Kg","1,99 €",GALLO
Despensa,"Arroz, pastas, legumbres",Spaghetti sin Gluten Paquete 450 Gr,"4,42 € / 1 Kg","1,99 €",GALLO
Despensa,"Arroz, pastas, legumbres",Plumas sin Gluten Paquete 450 Gr,"4,42 € / 1 Kg","1,99 €",GALLO
Despensa,"Arroz, pastas, legumbres",Spaghetti Integral Paquete 450 Gr,"3,98 € / 1 Kg","1,79 €",GALLO
Despensa,"Arroz, pastas, legumbres",Pizza Queso de Cabra y Cebolla Asada 360 Gr,"9,03 € / 1 Kg","3,25 €",CAMPOFRÍO
Despensa,"Arroz, pastas, legumbres",Mini Pizzas Finissimas 8 Unidades 265 Gr,"7,13 € / 1 Kg","1,89 €",BUITONI
Despensa,"Arroz, pastas, legumbres",Arroz Basmati Paquete 1 Kg,"3,35 € / 1 Kg","3,35 €",TILDASUNDARI
Despensa,"Arroz, pastas, legumbres",Cous Cous Vaso Pack de 2 2 x 125 Gr,"5,96 € / 1 Kg","1,49 €",BRILLANTE
Despensa,"Arroz, pastas, legumbres",Plumas Nº 3 Paquete 450 Gr,"3,00 € / 1 Kg","1,35 €",GALLO
Despensa,"Arroz, pastas, legumbres",Spaghetti Nº 3 Paquete 450 Gr,"3,00 € / 1 Kg","1,35 €",GALLO
Despensa,"Arroz, pastas, legumbres",Tallarín Paquete 450 Gr,"3,00 € / 1 Kg","1,35 €",GALLO
Despensa,"Arroz, pastas, legumbres",Lentejas Peladas Bolsa Doypack 400 Gr,"5,38 € / 1 Kg","2,15 €",LUENGO
Despensa,"Arroz, pastas, legumbres",Garbanzo Cocido Origen 100% Nacional 400 Gr,"3,73 € / 1 Kg","1,49 €",LUENGO
Despensa,"Arroz, pastas, legumbres",Lasaña Paquete 250 Gr,"9,00 € / 1 Kg","2,25 €",BARILLA
Despensa,"Arroz, pastas, legumbres",Grano de Avena Cocida 2 x 125 Gr,"5,40 € / 1 Kg","1,35 €",BRILLANTE
Despensa,"Arroz, pastas, legumbres",Pizza Bianca Lenta Fermentación 400 Gr,"11,23 € / 1 Kg","4,49 €",TARRADELLAS
Despensa,"Arroz, pastas, legumbres",Pizza Jamón Lenta Fermentación 400 Gr,"10,73 € / 1 Kg","4,29 €",TARRADELLAS
Despensa,"Arroz, pastas, legumbres",Girasoles Setas & Mascarpone 250 Gr,"9,80 € / 1 Kg","2,45 €",CONSUM
Despensa,"Arroz, pastas, legumbres",Girasoles Queso Cabra & Miel 250 Gr,"9,80 € / 1 Kg","2,45 €",CONSUM
Despensa,"Arroz, pastas, legumbres",Tagliatelle con Huevo 250 Gr,"9,40 € / 1 Kg","2,35 €",RANA
Despensa,"Arroz, pastas, legumbres",Tortellini Pesto 250 Gr,"6,88 € / 1 Kg","1,72 €",CONSUM
Despensa,"Arroz, pastas, legumbres",Tortellini Pollo Bacon 250 Gr,"6,88 € / 1 Kg","1,72 €",CONSUM
Despensa,"Arroz, pastas, legumbres",Pizza 4 Quesos Pack de 2 Unidades 2 x 210 Gr,"7,60 € / 1 Kg","3,19 €",TARRADELLAS
Despensa,"Arroz, pastas, legumbres",Alubias Rojas Paquete 500 Gr,"3,90 € / 1 Kg","1,95 €",DON PEDRO
Despensa,"Arroz, pastas, legumbres",Lenteja Pardina Paquete 500 Gr,"3,58 € / 1 Kg","1,79 €",DON PEDRO
Despensa,"Arroz, pastas, legumbres",Gnocchi 400 Gr,"6,23 € / 1 Kg","2,49 €",RANA
Despensa,"Arroz, pastas, legumbres",Pizza Familiar Barbacoa 580 Gr,"6,88 € / 1 Kg","3,99 €",PALACIOS
Despensa,"Arroz, pastas, legumbres",Pizza Familiar Jamón y Queso 580 Gr,"6,88 € / 1 Kg","3,99 €",PALACIOS
Despensa,"Arroz, pastas, legumbres",Lenteja Parda Roja 1 Kg,"1,63 € / 1 Kg","1,63 €",CONSUM
Despensa,"Arroz, pastas, legumbres",Pasta de Lenteja Roja 250 Gr,"6,60 € / 1 Kg","1,65 €",ROMERO
Despensa,"Arroz, pastas, legumbres",Alubia Negrita Paquete 500 Gr,"3,00 € / 1 Kg","1,50 €",LUENGO
Despensa,"Arroz, pastas, legumbres",Lenteja Rápida Paquete 500 Gr,"3,90 € / 1 Kg","1,95 €",LUENGO
Despensa,"Arroz, pastas, legumbres",Pasta de Trigo Sarraceno Alforfón 250 Gr,"6,60 € / 1 Kg","1,65 €",ROMERO
Despensa,"Arroz, pastas, legumbres",Rigatoni Paquete 500 Gr,"3,42 € / 1 Kg","1,71 €",GAROFALO
Despensa,"Arroz, pastas, legumbres",Lentejas Rápidas Paquete 1 Kg,"2,20 € / 1 Kg","2,20 €",CONSUM
Despensa,"Arroz, pastas, legumbres",Pasta Filo 250 Gr,"10,76 € / 1 Kg","2,69 €",JR
Despensa,"Arroz, pastas, legumbres",Pasta Infantil Mickey 300 Gr,"7,00 € / 1 Kg","2,10 €",GALLO
Despensa,"Arroz, pastas, legumbres",Pasta Infantil Frozen 300 Gr,"7,00 € / 1 Kg","2,10 €",GALLO
Despensa,"Arroz, pastas, legumbres",Pasta Infantil Nemo 350 Gr,"6,00 € / 1 Kg","2,10 €",GALLO
Despensa,"Arroz, pastas, legumbres",Lenteja Verdina 500 Gr,"3,18 € / 1 Kg","1,59 €",DON PEDRO
Despensa,"Arroz, pastas, legumbres",Arroz Integral 1 Kg,"1,70 € / 1 Kg","1,70 €",CONSUM
Despensa,"Arroz, pastas, legumbres",Pizza Pollo 410 Gr,"7,78 € / 1 Kg","3,19 €",TARRADELLAS
Despensa,"Caldos, sopas y purés",Caldo Líquido de Pollo Brik 1 L,"3,95 € / 1 L","3,95 €",ANETO
Despensa,"Caldos, sopas y purés",Caldo Líquido Casero de Pollo Brik 1 L,"0,75 € / 1 L","0,80 €
0,75 €",CONSUM
Despensa,"Caldos, sopas y purés",Caldo Casero de Pollo Brik 1 L,"2,20 € / 1 L","2,20 €",G.BLANCA
Despensa,"Caldos, sopas y purés",Caldo Casero Cocido Brik 1 L,"2,20 € / 1 L","2,20 €",G.BLANCA
Despensa,"Caldos, sopas y purés","Crema de Calabaza Brik 0,5 L","2,00 € / 1 L","1,10 €
1,00 €",CONSUM
Despensa,"Caldos, sopas y purés",Caldo Natural de Puchero 1 L,"3,69 € / 1 L","4,50 €
3,69 €",ANETO
Despensa,"Caldos, sopas y purés",Caldo Natural Verduras Brik 1 L,"3,95 € / 1 L","3,95 €",ANETO
Despensa,"Caldos, sopas y purés",Caldo Paella Fácil Brik 1 L,"3,49 € / 1 L","3,49 €",G.BLANCA
Despensa,"Caldos, sopas y purés",Caldo Pollo Gourmet Brick 1 L,"2,99 € / 1 L","2,99 €",G.BLANCA
Despensa,"Caldos, sopas y purés",Crema Verduras Brik 500 ml,"3,98 € / 1 L","1,99 €",G.BLANCA
Despensa,"Caldos, sopas y purés",Caldo Fideuá Fácil Brik 1 L,"3,49 € / 1 L","3,49 €",G.BLANCA
Despensa,"Caldos, sopas y purés",Crema Casera Pollo con Verduras 500 ml,"3,98 € / 1 L","1,99 €",G.BLANCA
Despensa,"Caldos, sopas y purés",Crema de Espárragos con Jamón 500 ml,"3,98 € / 1 L","1,99 €",G.BLANCA
Despensa,"Caldos, sopas y purés",Fumet de Pescado de Roca y Marisco 1 L,"3,49 € / 1 L","3,49 €",G.BLANCA
Despensa,"Caldos, sopas y purés",Caldo Pollo con Jamón Enrique Tomás 1 L,"2,99 € / 1 L","2,99 €",G.BLANCA
Despensa,"Caldos, sopas y purés",Caldo Vegetal Deshidratado12 Pastillas 120 Gr,"13,75 € / 1 Kg","1,65 €",KNORR
Despensa,"Caldos, sopas y purés",Puré de Patatas Paquete 230 Gr,"9,96 € / 1 Kg","2,29 €",MAGGI
Despensa,"Caldos, sopas y purés",Caldo de Carne Deshidratado 16 Pastillas 160 Gr,"10,31 € / 1 Kg","1,65 €",KNORR
Despensa,"Caldos, sopas y purés",Caldo de Pescado Deshidratado12 Pastillas 120 Gr,"13,75 € / 1 Kg","1,65 €",KNORR
Despensa,"Caldos, sopas y purés",Caldo de Pollo Deshidratado 12 Pastillas 120 Gr,"15,42 € / 1 Kg","1,85 €",AVECREM
Despensa,"Caldos, sopas y purés",Gazpacho Original 1 L,"3,99 € / 1 L","3,99 €",ALVALLE
Despensa,"Caldos, sopas y purés",Caldo de Pollo Deshidratado24Pastillas 240 Gr,"12,29 € / 1 Kg","2,95 €",AVECREM
Despensa,"Caldos, sopas y purés","Crema de Verduras Mediterráneas 0,5 L","4,58 € / 1 L","2,29 €",KNORR
Despensa,"Caldos, sopas y purés",Caldo Líquido Pescado Brik 1 L,"1,10 € / 1 L","1,10 €",CONSUM
Despensa,"Caldos, sopas y purés","Crema de Verduras de la Huerta 0,5 L","4,58 € / 1 L","2,29 €",LIGERESA
Despensa,"Caldos, sopas y purés","Crema de Calabaza con un Toque de Nata 0,5 L","4,58 € / 1 L","2,29 €",KNORR
Despensa,"Caldos, sopas y purés",Caldo Casero Cocido Brik 1 L,"0,90 € / 1 L","0,90 €",CONSUM
Despensa,"Caldos, sopas y purés","Crema de Setas con Champiñones 0,5 L","4,58 € / 1 L","2,29 €",KNORR
Despensa,"Caldos, sopas y purés","Crema Calabacín con Quesito 0,5 L","4,58 € / 1 L","2,29 €",KNORR
Despensa,"Caldos, sopas y purés",Gazpacho Suave 1 L,"1,85 € / 1 L","1,85 €",CONSUM
Despensa,"Caldos, sopas y purés",Caldo Verduras Brick 1 L,"1,00 € / 1 L","1,00 €",CONSUM
Despensa,"Caldos, sopas y purés",Caldo de Pollo 12 Pastillas 120 Gr,"6,25 € / 1 Kg","0,75 €",CONSUM
Despensa,"Caldos, sopas y purés",Caldo Casero Pescado Brik 1 L,"2,20 € / 1 L","2,20 €",G.BLANCA
Despensa,"Caldos, sopas y purés",Caldo Casero Carne Brik 1 L,"2,20 € / 1 L","2,20 €",G.BLANCA
Despensa,"Caldos, sopas y purés",Caldo de Pollo Bajo en Sal Brik 1 L,"1,20 € / 1 L","1,20 €",CONSUM
Despensa,"Caldos, sopas y purés","Crema de Verduras Brik 0,5 L","2,20 € / 1 L","1,10 €",CONSUM
Despensa,"Caldos, sopas y purés",Avecrem Pollo 30% menos de Sal 95 Gr,"16,32 € / 1 Kg","1,55 €",AVECREM
Despensa,"Caldos, sopas y purés",Gazpacho Tradicional 1 L,"1,80 € / 1 L","1,80 €",CONSUM
Despensa,"Caldos, sopas y purés",Caldo Casero Pollo Bajo en Sal Brik 1 L,"2,20 € / 1 L","2,20 €",G.BLANCA
Despensa,"Caldos, sopas y purés",Caldo Pescado 12 Pastillas 120 Gr,"7,08 € / 1 Kg","0,85 €",CONSUM
Despensa,"Caldos, sopas y purés",Sopa Jardinera Sobre 66 Gr,"5,91 € / 1 Kg","0,39 €",CONSUM
Despensa,"Caldos, sopas y purés",Gazpacho Pack de 3 Unidades 3 x 330 ml,"2,22 € / 1 L","2,20 €",CONSUM
Despensa,"Caldos, sopas y purés",Caldo de Carne 12 Pastillas 120 Gr,"7,08 € / 1 Kg","0,85 €",CONSUM
Despensa,"Caldos, sopas y purés",Gazpacho Original 500 ml,"4,98 € / 1 L","2,49 €",ALVALLE
Despensa,"Caldos, sopas y purés","Crema de Calabacín Brik 0,5 L","2,20 € / 1 L","1,10 €",CONSUM
Despensa,"Caldos, sopas y purés",Caldo Líquido Pescado Brik 1 L,"4,50 € / 1 L","4,50 €",ANETO
Despensa,"Caldos, sopas y purés",Caldo Casero Verduras Brik 1 L,"2,20 € / 1 L","2,20 €",G.BLANCA
Despensa,"Caldos, sopas y purés",Caldo de Carne Concentrado 125 Gr,"23,92 € / 1 Kg","2,99 €",BOVRIL
Despensa,"Caldos, sopas y purés",Sopa Maravilla Sobre 66 Gr,"7,42 € / 1 Kg","0,49 €",CONSUM
Despensa,"Caldos, sopas y purés",Caldo de Pollo Bajo en Sal 1 L,"3,95 € / 1 L","3,95 €",ANETO
Despensa,"Caldos, sopas y purés",Puré de Patatas con Leche 230 Gr,"10,83 € / 1 Kg","2,49 €",MAGGI
Despensa,"Caldos, sopas y purés",Puré Patatas Bol 50 Gr,"25,80 € / 1 Kg","1,29 €",MAGGI
Despensa,"Caldos, sopas y purés",Salmorejo 1 L,"2,30 € / 1 L","2,30 €",CONSUM
Despensa,"Caldos, sopas y purés",Crema De Alicia Brick 500 ml,"4,58 € / 1 L","2,29 €",KNORR
Despensa,"Caldos, sopas y purés",Crema Bogavante Brik 500 Gr,"4,20 € / 1 Kg","2,10 €",CONSUM
Despensa,"Caldos, sopas y purés",Pack Dúo Caldo Pescado Brik 2 x 1 L,"1,85 € / 1 L","3,69 €",G.BLANCA
Despensa,"Caldos, sopas y purés",Caldo Casero de Pollo Brik 500 ml,"2,78 € / 1 L","1,39 €",G.BLANCA
Despensa,"Caldos, sopas y purés",Avecrem Pollo 100% Natural Estuche 90 Gr,"18,11 € / 1 Kg","1,63 €",AVECREM
Despensa,"Caldos, sopas y purés",Caldo de Pollo Bajo Sal Brik Pack de 2 2 x 1 L,"1,85 € / 1 L","3,69 €",G.BLANCA
Despensa,"Caldos, sopas y purés",Gazpacho Natural Tradicional 1 L,"3,00 € / 1 L","3,00 €",CONSUM
Despensa,"Caldos, sopas y purés",Gazpacho Natural Tradicional 330 ml,"3,64 € / 1 L","1,20 €",CONSUM
Despensa,"Caldos, sopas y purés",Salmorejo Natural 330 ml,"3,94 € / 1 L","1,30 €",CONSUM
Despensa,"Caldos, sopas y purés",Caldo Natural de Pollo Botella 1 L,"3,49 € / 1 L","3,49 €",EL PAVO
Despensa,"Caldos, sopas y purés",Fumet de Marisco Botella 951 ml,"4,20 € / 1 L","3,99 €",EL PAELLER
Despensa,"Caldos, sopas y purés",Caldo Natural de Pollo Brick 1 L,"1,99 € / 1 L","1,99 €",GALLO
Despensa,"Caldos, sopas y purés",Caldo Natural Cocido Brick 1 L,"1,99 € / 1 L","1,99 €",GALLO
Despensa,"Caldos, sopas y purés",Caldo de Pollo con 8 Verduras 1 L,"2,20 € / 1 L","2,20 €",G.BLANCA
Despensa,"Caldos, sopas y purés",Caldo de Pollo Pack de 4 4 x 1 L,"2,49 € / 1 L","9,95 €",ANETO
Despensa,"Caldos, sopas y purés",Fumet de Pescado Botella 950 ml,"3,16 € / 1 L","3,00 €",CONSUM
Despensa,"Conservas, aceites y condimentos",Mejillones en Escabeche Pack de 3 3 x 40 Gr,"28,25 € / 1 Kg","3,75 €
3,39 €",CALVO
Despensa,"Conservas, aceites y condimentos",Mayonesa Tarro cristal 450 ml,"6,55 € / 1 L","3,25 €
2,95 €",HELLMANN'S
Despensa,"Conservas, aceites y condimentos",Tomate Troceado Lata 390 Gr,"2,98 € / 1 Kg","1,45 €
1,16 €",BELTORO
Despensa,"Conservas, aceites y condimentos",Tomate Frito Lata Pack de 3 3 x 155 Gr,"6,22 € / 1 Kg","3,25 €
2,89 €",HIDA
Despensa,"Conservas, aceites y condimentos",Tomate Troceado Lata 390 Gr,"2,18 € / 1 Kg","0,90 €
0,85 €",CONSUM
Despensa,"Conservas, aceites y condimentos",Tomate Frito Frasco 550 Gr,"1,55 € / 1 Kg","0,95 €
0,85 €",CONSUM
Despensa,"Conservas, aceites y condimentos",Sazonador para Fajita 30 Gr,"3,96 € / 100 Gr","1,39 €
1,19 €",OLD EL PASO
Despensa,"Conservas, aceites y condimentos",Sofrito de Tomate Cebolla Frasco 350 Gr,"6,43 € / 1 Kg","2,25 €",G.BLANCA
Despensa,"Conservas, aceites y condimentos",Atún Claro Aceite Girasol Pack de 6 6 x 52 Gr,"13,46 € / 1 Kg","4,40 €
4,20 €",CONSUM
Despensa,"Conservas, aceites y condimentos",Tomate de untar Frasco Pack de 2 2 x 185 Gr,"5,16 € / 1 Kg","1,99 €
1,91 €",CONSUM
Despensa,"Conservas, aceites y condimentos",Salsa Fresca de Setas Boletus 180 Gr,"11,94 € / 1 Kg","2,40 €
2,15 €",RANA
Despensa,"Conservas, aceites y condimentos",Salsa Fresca de Queso Parmigiano Regiano 180 Gr,"11,94 € / 1 Kg","2,40 €
2,15 €",RANA
Despensa,"Conservas, aceites y condimentos",Mayonesa Tarro Cristal 225 ml,"8,67 € / 1 L","1,95 €",HELLMANN'S
Despensa,"Conservas, aceites y condimentos",Tomate Frito Brik 350 Gr,"2,43 € / 1 Kg","0,99 €
0,85 €",ORLANDO
Despensa,"Conservas, aceites y condimentos",Tomate Frito Brik Pack de 3 3 x 200 Gr,"1,67 € / 1 Kg","1,05 €
1,00 €",CONSUM
Despensa,"Conservas, aceites y condimentos",Salsa Pesto Genovese 190 Gr,"15,74 € / 1 Kg","2,99 €",BARILLA
Despensa,"Conservas, aceites y condimentos",Tomate Frito 0 % Azúcar Añadido Frasco 560 Gr,"1,96 € / 1 Kg","1,20 €
1,10 €",CONSUM
Despensa,"Conservas, aceites y condimentos",Habas Cocidas Picantes Lata 200 Gr,"7,45 € / 1 Kg","1,75 €
1,49 €",VEGA BAJA
Despensa,"Conservas, aceites y condimentos",Aceite Oliva Virgen Extra Botella 1 L,"11,95 € / 1 L","14,50 €
11,95 €",HOJIBLANCA
Despensa,"Conservas, aceites y condimentos",Laurel en Hojas Bolsa 8 Gr,"18,63 € / 100 Gr","1,49 €",DUCROS
Despensa,"Conservas, aceites y condimentos",Calamar Salsa Americana Pack de 3 3 x 48 Gr,"20,76 € / 1 Kg","2,99 €",CALVO
Despensa,"Conservas, aceites y condimentos",Atún Claro Aceite Girasol 104 Gr,"18,18 € / 1 Kg","2,19 €
1,89 €",CAMPOS
Despensa,"Conservas, aceites y condimentos",Atún Claro Natural 112 Gr,"16,87 € / 1 Kg","2,19 €
1,89 €",CAMPOS
Despensa,"Conservas, aceites y condimentos",Salsa Basilico Tarro 400 Gr,"8,23 € / 1 Kg","3,29 €",BARILLA
Despensa,"Conservas, aceites y condimentos",Curry Tarro 42 Gr,"6,17 € / 100 Gr","2,59 €",DUCROS
Despensa,"Conservas, aceites y condimentos",Salsa Fresca al Pesto Verde 140 Gr,"15,35 € / 1 Kg","2,40 €
2,15 €",RANA
Despensa,"Conservas, aceites y condimentos",Calamar en su Tinta Lata Pack de 3 3 x 48 Gr,"20,76 € / 1 Kg","2,99 €",CALVO
Despensa,"Conservas, aceites y condimentos",Perejil Tarro 5 Gr,"45,00 € / 100 Gr","2,25 €",DUCROS
Despensa,"Conservas, aceites y condimentos",Comino Entero Tarro 35 Gr,"6,83 € / 100 Gr","2,39 €",DUCROS
Despensa,"Conservas, aceites y condimentos",Sazonador para Paella Valencia Caja 9 Gr,"28,78 € / 100 Gr","2,59 €",DUCROS
Despensa,"Conservas, aceites y condimentos","Azafrán en Hebras Sobres 0,3 Gr","1.196,67 € / 100 Gr","3,59 €",DUCROS
Despensa,"Conservas, aceites y condimentos",Curcuma Frasco 37 Gr,"6,35 € / 100 Gr","2,35 €",DUCROS
Despensa,"Conservas, aceites y condimentos",Atún Claro Aceite Oliva Pack de 3 3x72 Gr,"30,05 € / 1 Kg","6,49 €",CALVO
Despensa,"Conservas, aceites y condimentos",Sazonador Pollo Tarro 75 Gr,"38,00 € / 1 Kg","2,85 €",DUCROS
Despensa,"Conservas, aceites y condimentos",Ventresca Atún Aceite de Oliva 75 Gr,"60,67 € / 1 Kg","4,55 €",CALVO
Despensa,"Conservas, aceites y condimentos",Canela Molida Frasco 39 Gr,"6,79 € / 100 Gr","2,65 €",DUCROS
Despensa,"Conservas, aceites y condimentos",Canela en Rama Frasco 10 Gr,"26,50 € / 100 Gr","2,65 €",DUCROS
Despensa,"Conservas, aceites y condimentos",Sofrito de Tomate y Verduras Frasco 350 Gr,"6,43 € / 1 Kg","2,25 €",G.BLANCA
Despensa,"Conservas, aceites y condimentos",Mayonesa Tarro 450 ml,"5,31 € / 1 L","2,39 €",YBARRA
Despensa,"Conservas, aceites y condimentos",Salsa Gourmet Gorgonzola y Nueces 180 Gr,"11,94 € / 1 Kg","2,40 €
2,15 €",RANA
Despensa,"Conservas, aceites y condimentos",Ketchup 50% Menos Azúcar y Sal 550 Gr,"6,16 € / 1 Kg","3,99 €
3,39 €",HEINZ
Despensa,"Conservas, aceites y condimentos",Bonito del Norte en Aceite de Oliva 80 Gr,"31,13 € / 1 Kg","3,19 €
2,49 €",CONSORCIO
Despensa,"Conservas, aceites y condimentos",Aceite de Girasol Botella 5 L,"1,35 € / 1 L","6,95 €
6,75 €",CONSUM
Despensa,"Conservas, aceites y condimentos",Aceite de Oliva Virgen 1 L,"10,99 € / 1 L","12,95 €
10,99 €",CARBONELL
Despensa,"Conservas, aceites y condimentos",Salsa Napolitana Frasco 400 Gr,"8,23 € / 1 Kg","3,29 €",BARILLA
Despensa,"Conservas, aceites y condimentos",Berberechos al Natural Bote 90 Gr,"49,88 € / 1 Kg","4,99 €
4,49 €",CABO PEÑAS
Despensa,"Conservas, aceites y condimentos",Salsa Alioli Frasco 225 ml,"7,33 € / 1 L","1,65 €",YBARRA
Despensa,"Conservas, aceites y condimentos",Especia Líquida Trufa Blanca Spray 40 ml,"6,23 € / 100 ml","2,75 €
2,49 €",TURCI
Despensa,"Conservas, aceites y condimentos",Aceto Balsámico Di Módena 250 ml,"7,80 € / 1 L","2,15 €
1,95 €",FERRARINI
Despensa,"Conservas, aceites y condimentos",Maíz Dulce Lata Pack de 3 3 x 140 Gr,"3,81 € / 1 Kg","1,70 €
1,60 €",CONSUM
Despensa,"Conservas, aceites y condimentos",Tomate y Pimiento Frito Lata 420 Gr,"3,73 € / 1 Kg","1,85 €
1,57 €",VEGA BAJA
Despensa,"Conservas, aceites y condimentos",Mayonesa Deliciosa Pet 400 ml,"6,38 € / 1 L","2,99 €
2,55 €",HEINZ
Despensa,"Conservas, aceites y condimentos",Tomate Frito Casero Lata Pack de 3 3 x 100 Gr,"5,67 € / 1 Kg","2,00 €
1,70 €",SOLIS
Despensa,"Conservas, aceites y condimentos",Crema Balsámica de Modena 0% Azúcares 400 Gr,"4,48 € / 1 Kg","1,99 €
1,79 €",VULPI
Despensa,"Conservas, aceites y condimentos",Salsa Carbonara Frasco 330 Gr,"9,00 € / 1 Kg","2,97 €",GALLO
Despensa,"Conservas, aceites y condimentos",Salsa Allioli Tarro 200 ml,"7,95 € / 1 L","1,99 €
1,59 €",CHOVI
Despensa,"Conservas, aceites y condimentos",Filete de Caballa del Sur en Aceite Oliva Bajo Sal 82 Gr,"29,88 € / 1 Kg","2,45 €",CALVO
Despensa,"Conservas, aceites y condimentos",Atún Claro Aceite Oliva Pack 3 3 x 48 Gr,"31,87 € / 1 Kg","5,39 €
4,59 €",ALBO
Despensa,"Conservas, aceites y condimentos",Salsa Arrabbiata Frasco 400 Gr,"8,23 € / 1 Kg","3,29 €",BARILLA
Despensa,"Conservas, aceites y condimentos",Aceite de Girasol Botella 1 L,"1,95 € / 1 L","2,59 €
1,95 €",KOIPESOL
Despensa,"Conservas, aceites y condimentos",Atún Aceite Girasol Lata 650 Gr,"9,92 € / 1 Kg","6,65 €
6,45 €",CONSUM
Despensa,"Conservas, aceites y condimentos",Salsa Súper Boloñesa Tarro 350 Gr,"9,11 € / 1 Kg","3,19 €",GALLO
Despensa,"Conservas, aceites y condimentos",Maíz Dulce Pack de 3 Lata 3 x 140 Gr,"8,31 € / 1 Kg","3,49 €",BONDUELLE
Despensa,"Conservas, aceites y condimentos",Salsa Bolognesa Frasco 300 Gr,"5,33 € / 1 Kg","1,69 €
1,60 €",CONSUM
Despensa,"Conservas, aceites y condimentos",Mariñas del Norte al Ajillo 42 Gr,"3,22 € / 100 Gr","1,59 €
1,35 €",CABO PEÑAS
Despensa,"Conservas, aceites y condimentos",Atún Claro Aceite Girasol Pack de 6 6 x 52 Gr,"18,27 € / 1 Kg","6,79 €
5,70 €",CALVO
Despensa,"Conservas, aceites y condimentos",Crema de Vinagre Manzana 250 ml,"9,40 € / 1 L","2,75 €
2,35 €",CONSUM
Despensa,"Conservas, aceites y condimentos",Sardinillas en Aceite de Oliva Virgen extra 82 Gr,"25,00 € / 1 Kg","2,45 €
2,05 €",ALBO
Despensa,"Conservas, aceites y condimentos",Pisto Casero de Verduras Frasco 350 Gr,"6,43 € / 1 Kg","2,25 €",G.BLANCA
Despensa,"Conservas, aceites y condimentos",Salero 0% Sodio 250 Gr,"12,20 € / 1 Kg","3,59 €
3,05 €",ARANCA
Despensa,"Conservas, aceites y condimentos",Ketchup original Bote 540 Gr,"4,72 € / 1 Kg","2,99 €
2,55 €",PRIMA
Despensa,"Conservas, aceites y condimentos",Mayonesa Original Bote 400 ml,"5,48 € / 1 L","2,55 €
2,19 €",PRIMA
Despensa,"Conservas, aceites y condimentos",Aceite de Oliva Virgen Extra 3 L,"9,80 € / 1 L","32,65 €
29,40 €",ACESUR
Despensa,"Conservas, aceites y condimentos",Atún en Aceite de Oliva 3 x 52 Gr,"21,73 € / 1 Kg","3,99 €
3,39 €",CALVO
Despensa,"Conservas, aceites y condimentos",Salsa Carbonara 180 Gr,"11,94 € / 1 Kg","2,40 €
2,15 €",RANA
Despensa,"Conservas, aceites y condimentos",Allioli extra suave 150 ml,"6,66 € / 1 L","1,25 €
1,00 €",CHOVI
Despensa,"Conservas, aceites y condimentos",Allioli Extra Suave Tarro 190 ml,"8,37 € / 1 L","1,99 €
1,59 €",CHOVI
Despensa,"Conservas, aceites y condimentos",Salsa Tomate con Queso Grana Padano 350 Gr,"7,40 € / 1 Kg","2,59 €",GALLO
Despensa,"Conservas, aceites y condimentos",Sardinillas en Tomate 105 Gr,"18,00 € / 1 Kg","2,25 €
1,89 €",ALBO
Despensa,"Conservas, aceites y condimentos",Laurel en Hojas Caja 15 Gr,"6,60 € / 100 Gr","0,99 €",SABATER
Despensa,"Conservas, aceites y condimentos",Salsa Pimienta Verde Sobre 50 Gr,"39,80 € / 1 Kg","1,99 €",G.BLANCA
Despensa,"Conservas, aceites y condimentos",Sardinas Picantonas Lata 85 Gr,"27,65 € / 1 Kg","2,35 €",ALBO
Despensa,"Conservas, aceites y condimentos","Aceite de Oliva 0,4º Botella 1 L","13,99 € / 1 L","13,99 €",CARBONELL
Despensa,"Conservas, aceites y condimentos",Mostaza Dijón Originale Frasco 215 Gr,"16,70 € / 1 Kg","3,59 €",MAILLE
Despensa,"Conservas, aceites y condimentos",Mejillones en Escabeche 8/12 Piezas 69 Gr,"57,83 € / 1 Kg","3,99 €",CALVO
Despensa,"Conservas, aceites y condimentos",Mejillones en Escabeche 13/18 Piezas 69 Gr,"34,06 € / 1 Kg","2,35 €",CALVO
Despensa,"Conservas, aceites y condimentos",Judías Finas Frasco 360 Gr,"8,86 € / 1 Kg","3,19 €",BONDUELLE
Despensa,"Conservas, aceites y condimentos",Tomate Frito Frasco 360 Gr,"4,14 € / 1 Kg","1,49 €",SOLIS
Despensa,"Conservas, aceites y condimentos",Tomate Frito Lata 400 Gr,"4,38 € / 1 Kg","1,75 €",HIDA
Despensa,"Conservas, aceites y condimentos",Pisto con Verduras Lata 400 Gr,"4,98 € / 1 Kg","1,99 €",HIDA
Despensa,"Conservas, aceites y condimentos",Allioli Mortero 180 ml,"7,50 € / 1 L","1,35 €",CHOVI
Despensa,"Conservas, aceites y condimentos",Piña en su Jugo 490 Gr,"3,67 € / 1 Kg","1,80 €",PELLI
Despensa,"Conservas, aceites y condimentos",Tomate Troceado Lata 780 Gr,"1,73 € / 1 Kg","1,35 €",CONSUM
Despensa,"Conservas, aceites y condimentos",Tomate Triturado Lata 400 Gr,"1,80 € / 1 Kg","0,72 €",CONSUM
Despensa,"Conservas, aceites y condimentos",Tomate Triturado Lata 800 Gr,"1,23 € / 1 Kg","0,98 €",CONSUM
Despensa,"Conservas, aceites y condimentos",Tomate Frito Estilo Casero 300 Gr,"5,63 € / 1 Kg","1,69 €",CONSUM
Despensa,"Conservas, aceites y condimentos",Espárragos Extra 8/12 Piezas Frasco 205 Gr,"9,76 € / 1 Kg","2,00 €",CONSUM
Despensa,"Conservas, aceites y condimentos",Champiñones Laminados Lata 185 Gr,"5,41 € / 1 Kg","1,00 €",CONSUM
Despensa,"Conservas, aceites y condimentos",Salsa Bechamel Pack de 2 2 x 250 ml,"7,98 € / 1 L","3,99 €",PRESIDENT
Despensa,"Conservas, aceites y condimentos",Carne de Alcachofas Lata 240 Gr,"9,79 € / 1 Kg","2,35 €",PELLI
Despensa,"Conservas, aceites y condimentos",Sardinas en Tomate Lata 78 Gr,"14,74 € / 1 Kg","1,15 €",CONSUM
Despensa,"Conservas, aceites y condimentos",Sardina en Aceite Girasol Lata 84 Gr,"13,69 € / 1 Kg","1,15 €",CONSUM
Despensa,"Conservas, aceites y condimentos",Sardinas en Aceite Oliva Lata 84 Gr,"17,26 € / 1 Kg","1,45 €",CONSUM
Despensa,"Conservas, aceites y condimentos","Atún Claro Aceite Oliva Lata 72,5 Gr","21,38 € / 1 Kg","1,55 €",CONSUM
Despensa,"Conservas, aceites y condimentos",Mejillones en Escabeche 8/12 Piezas 69 Gr,"34,78 € / 1 Kg","2,40 €",CONSUM
Despensa,"Conservas, aceites y condimentos",Mejillones en Escabeche 13/18 Piezas 69 Gr,"26,09 € / 1 Kg","1,80 €",CONSUM
Despensa,"Conservas, aceites y condimentos",Espinacas Frasco 425 Gr,"3,27 € / 1 Kg","1,39 €",CONSUM
Despensa,"Conservas, aceites y condimentos",Patatas Pequeñas Entera Frasco 400 Gr,"4,88 € / 1 Kg","1,95 €",CONSUM
Despensa,"Conservas, aceites y condimentos",Pimientos Piquillo Entero 8/12 Piezas Frasco 225 Gr,"5,73 € / 1 Kg","1,29 €",CONSUM
Despensa,"Conservas, aceites y condimentos",Salsa Picante Louisiana 110 Gr,"11,73 € / 1 Kg","1,29 €",CHOVI
Despensa,"Conservas, aceites y condimentos",Sardinilla al Limón 6/8 Piezas Lata 60 Gr,"14,83 € / 1 Kg","0,89 €",CONSUM
Despensa,"Conservas, aceites y condimentos",Sardinillas Picantes Lata 60 Gr,"14,17 € / 1 Kg","0,85 €",CONSUM
Despensa,"Conservas, aceites y condimentos",Trozos de Calamar en Salsa Americana Pack 3 x 59 Gr,"10,45 € / 1 Kg","1,85 €",CONSUM
Despensa,"Conservas, aceites y condimentos",Atún en Tomate Pack de 3 3 x 52 Gr,"12,82 € / 1 Kg","2,00 €",CONSUM
Despensa,"Conservas, aceites y condimentos",Atún Claro Natural Pack de 3 3 x 56 Gr,"14,23 € / 1 Kg","2,39 €",CONSUM
Despensa,"Conservas, aceites y condimentos",Atún Claro Aceite Girasol Pack de 3 3 x 52 Gr,"16,99 € / 1 Kg","2,65 €",CONSUM
Despensa,"Conservas, aceites y condimentos",Atún Claro Bajo en Sal en Aceite de Oliva Pack 3 3 x 52 Gr,"18,27 € / 1 Kg","2,85 €",CONSUM
Despensa,"Conservas, aceites y condimentos",Atún Claro Aceite Oliva Pack de 3 3 x 52 Gr,"18,91 € / 1 Kg","2,95 €",CONSUM
Despensa,"Conservas, aceites y condimentos",Judías Verdes Anchas Frasco 360 Gr,"3,61 € / 1 Kg","1,30 €",CONSUM
Despensa,"Conservas, aceites y condimentos",Bonito en Aceite de Oliva Lata 72 Gr,"24,86 € / 1 Kg","1,79 €",CONSUM
Despensa,"Conservas, aceites y condimentos",Vinagre de Vino Blanco 1 L,"0,75 € / 1 L","0,75 €",CONSUM
Despensa,"Conservas, aceites y condimentos",Vinagre de Manzana 1 L,"0,90 € / 1 L","0,90 €",CONSUM
Despensa,"Conservas, aceites y condimentos","Vinagre de Jerez Botella Cristal 0,25 L","8,00 € / 1 L","2,00 €",CONSUM
Despensa,"Conservas, aceites y condimentos","Vinagre Balsámico de Módena 0,25 L","5,40 € / 1 L","1,35 €",CONSUM
Despensa,"Conservas, aceites y condimentos",Macedonia de Verduras Frasco 325 Gr,"2,77 € / 1 Kg","0,90 €",CONSUM
Despensa,"Conservas, aceites y condimentos",Piña en su Jugo Pack de 3 3 x 136 Gr,"5,36 € / 1 Kg","2,25 €",PELLI
Despensa,"Conservas, aceites y condimentos",Piña en su Jugo 340 Gr,"4,85 € / 1 Kg","1,65 €",PELLI
Despensa,"Conservas, aceites y condimentos",Ajo Molido Tarro 58 Gr,"12,93 € / 1 Kg","0,75 €",CONSUM
Despensa,"Conservas, aceites y condimentos",Canela Molida Tarro 39 Gr,"2,05 € / 100 Gr","0,80 €",CONSUM
Despensa,"Conservas, aceites y condimentos",Colorante Alimenticio Tarro 60 Gr,"11,67 € / 1 Kg","0,70 €",CONSUM
Despensa,"Conservas, aceites y condimentos",Orégano Tarro 12 Gr,"6,67 € / 100 Gr","0,80 €",CONSUM
Despensa,"Conservas, aceites y condimentos",Perejil Tarro 8 Gr,"8,75 € / 100 Gr","0,70 €",CONSUM
Despensa,"Conservas, aceites y condimentos",Piñones Caja 40 Gr,"7,38 € / 100 Gr","2,95 €",CONSUM
Despensa,"Conservas, aceites y condimentos",Salsa Bechamel Brik 500 ml,"5,38 € / 1 L","2,69 €",RENY PICOT
Despensa,"Conservas, aceites y condimentos",Espárragos Extra 6/9 Piezas Frasco 325 Gr,"9,38 € / 1 Kg","3,05 €",CONSUM
Despensa,"Conservas, aceites y condimentos",Ajoaceite Artesano 115 Gr,"14,70 € / 1 Kg","1,69 €",CAMPILLO
Despensa,"Conservas, aceites y condimentos",Melocotón en Almíbar Lata 480 Gr,"4,27 € / 1 Kg","2,05 €",CONSUM
Despensa,"Conservas, aceites y condimentos",Melocotón en Almíbar Lata 240 Gr,"5,79 € / 1 Kg","1,39 €",CONSUM
Despensa,"Conservas, aceites y condimentos",Navajas al Natural Lata 60 Gr,"53,17 € / 1 Kg","3,19 €",CONSUM
Despensa,"Conservas, aceites y condimentos",Sal Yodada Bolsa 1 Kg,"0,35 € / 1 Kg","0,35 €",CONSUM
Despensa,"Conservas, aceites y condimentos",Sal Fina Bolsa 1 Kg,"0,35 € / 1 Kg","0,35 €",CONSUM
Despensa,"Conservas, aceites y condimentos",Sal Gruesa Bolsa 1 Kg,"0,35 € / 1 Kg","0,35 €",CONSUM
Despensa,"Conservas, aceites y condimentos",Sal para Horneados Bolsa 2 Kg,"0,48 € / 1 Kg","0,95 €",CONSUM
Despensa,"Conservas, aceites y condimentos",Atún Claro Aceite Oliva Pack de 6 6 x 52 Gr,"16,83 € / 1 Kg","5,25 €",CONSUM
Despensa,"Conservas, aceites y condimentos",Alcachofas 16/20 Piezas Frasco 165 Gr,"17,27 € / 1 Kg","2,85 €",PELLI
Despensa,"Conservas, aceites y condimentos",Atún Claro Natural 0% M.G Pack de 3 3 x 56 Gr,"24,70 € / 1 Kg","4,15 €",CALVO
Despensa,"Conservas, aceites y condimentos",Melocotón en Almíbar Pack de 3 3 x 115 Gr,"6,81 € / 1 Kg","2,35 €",CONSUM
Despensa,"Conservas, aceites y condimentos",Zamburiñas Salsa Vieira Lata 65 Gr,"30,00 € / 1 Kg","1,95 €",CONSUM
Despensa,"Conservas, aceites y condimentos",Filetes de Caballa en Aceite Girasol Lata 80 Gr,"13,63 € / 1 Kg","1,09 €",CONSUM
Despensa,"Conservas, aceites y condimentos",Filetes de Caballa Sur en Escabeche Lata 78 Gr,"12,69 € / 1 Kg","0,99 €",CONSUM
Despensa,"Conservas, aceites y condimentos",Zumo de Limón Exprimido 280 ml,"4,11 € / 1 L","1,15 €",SOLIMON
Despensa,"Conservas, aceites y condimentos",Tomate Tamizado Lata 400 Gr,"2,25 € / 1 Kg","0,90 €",CONSUM
Despensa,"Conservas, aceites y condimentos",Filete Atún Claro Aceite de Oliva Frasco 163 Gr,"33,68 € / 1 Kg","5,49 €",CALVO
Despensa,"Conservas, aceites y condimentos",Jugoso al Horno Hierbas Provenzales 34 Gr,"3,50 € / 100 Gr","1,19 €",MAGGI
Despensa,"Conservas, aceites y condimentos",Tomate Frito Brik Pack de 3 3 x 210 Gr,"3,10 € / 1 Kg","1,95 €",ORLANDO
Despensa,"Conservas, aceites y condimentos",Tomate Frito Aceite Oliva Brik Pack de 3 3 x 200 Gr,"2,33 € / 1 Kg","1,40 €",CONSUM
Despensa,"Conservas, aceites y condimentos",Pimentón de la Vera Dulce Lata 70 Gr,"48,43 € / 1 Kg","3,39 €",MC CORMICK
Despensa,"Conservas, aceites y condimentos",Tomate Triturado Natural Lata 400 Gr,"3,98 € / 1 Kg","1,59 €",ORLANDO
Despensa,"Conservas, aceites y condimentos",Salsa con Soja 150 ml,"19,93 € / 1 L","2,99 €",HEINZ
Despensa,"Conservas, aceites y condimentos",Escamas de Sal Marina Caja 125 Gr,"24,72 € / 1 Kg","3,09 €",MALDON
Despensa,"Conservas, aceites y condimentos",Cebolla Crujiente Bote 100 Gr,"15,90 € / 1 Kg","1,59 €",ARGENTE
Despensa,"Conservas, aceites y condimentos",Filete de Caballa Sur Aceite de Oliva 80 Gr,"32,38 € / 1 Kg","2,59 €",PESASUR
Despensa,"Conservas, aceites y condimentos",Tomate con Pimiento Verde Lata 400 Gr,"3,38 € / 1 Kg","1,35 €",HIDA
Despensa,"Conservas, aceites y condimentos",Filetes de Melva Aceite de Oliva 80 Gr,"49,88 € / 1 Kg","3,99 €",PESASUR
Despensa,"Conservas, aceites y condimentos",Tomate Frito Brik 350 Gr,"2,54 € / 1 Kg","0,89 €",SOLIS
Despensa,"Conservas, aceites y condimentos",Aceite de Oliva Intenso 1 L,"13,99 € / 1 L","13,99 €",CARBONELL
Despensa,"Conservas, aceites y condimentos",Mayonesa Ajonesa Bote 400 ml,"7,98 € / 1 L","3,19 €",CHOVI
Despensa,"Conservas, aceites y condimentos",Tomate Frito Artesanal Frasco 300 Gr,"6,17 € / 1 Kg","1,85 €",LAS CORONAS
Despensa,"Conservas, aceites y condimentos",Tomate Frito Receta Tradicional Frasco 300 Gr,"5,50 € / 1 Kg","1,65 €",CONSUM
Despensa,"Conservas, aceites y condimentos",Atún en Aceite Girasol Pack de 2 2 x 52 Gr,"18,17 € / 1 Kg","1,89 €",CABO PEÑAS
Despensa,"Conservas, aceites y condimentos",Salsa Romesco Tarro 290 Gr,"9,14 € / 1 Kg","2,65 €",D'ATENEA
Despensa,"Conservas, aceites y condimentos",Champiñones Enteros Lata 185 Gr,"7,84 € / 1 Kg","1,45 €",CONSUM
Despensa,"Conservas, aceites y condimentos",Aceite de Semillas Botella 1 L,"3,15 € / 1 L","3,15 €",LA PISTA
Despensa,"Conservas, aceites y condimentos",Yemas de Espárragos Extra Frasco 110 Gr,"16,27 € / 1 Kg","1,79 €",CONSUM
Despensa,"Conservas, aceites y condimentos",Acelgas Frasco 425 Gr,"4,12 € / 1 Kg","1,75 €",CONSUM
Despensa,"Conservas, aceites y condimentos",Cebolla Frita Pack de 2 latas 2 x 155 Gr,"8,03 € / 1 Kg","2,49 €",HIDA
Despensa,"Conservas, aceites y condimentos",Tomate para Untar con Aceite y Ajo Tarrina 4 x 22 Gr,"14,66 € / 1 Kg","1,29 €",IBERITOS
Despensa,"Conservas, aceites y condimentos",Sardinas en Escabeche Lata 84 Gr,"13,33 € / 1 Kg","1,12 €",CONSUM
Despensa,"Conservas, aceites y condimentos",Filetes de Caballa con Tomate Lata 78 Gr,"12,69 € / 1 Kg","0,99 €",CONSUM
Despensa,"Conservas, aceites y condimentos",Ajonesa Bote 250 ml,"9,16 € / 1 L","2,29 €",CHOVI
Despensa,"Conservas, aceites y condimentos",Pimentón Dulce Lata 75 Gr,"28,67 € / 1 Kg","2,15 €",SABATER
Despensa,"Conservas, aceites y condimentos",Pimentón Dulce Lata 75 Gr,"37,20 € / 1 Kg","2,79 €",DUCROS
Despensa,"Conservas, aceites y condimentos",Sazonador Ajo Perejil Tarro 43 Gr,"5,23 € / 100 Gr","2,25 €",DUCROS
Despensa,"Conservas, aceites y condimentos",Bacalao a la Vizcaína Lata 70 Gr,"39,29 € / 1 Kg","2,75 €",CABO PEÑAS
Despensa,"Conservas, aceites y condimentos",Salsa Ligera Bocabajo 430 ml,"6,16 € / 1 L","2,65 €",LIGERESA
Despensa,"Conservas, aceites y condimentos",Menestra Verduras Frasco 400 Gr,"6,50 € / 1 Kg","2,60 €",CONSUM
Despensa,"Conservas, aceites y condimentos",Sardinillas en Escabeche Lata 60 Gr,"13,33 € / 1 Kg","0,80 €",CONSUM
Despensa,"Conservas, aceites y condimentos",Mejillones en Escabeche Pack de 3 3 x 43 Gr,"22,40 € / 1 Kg","2,89 €",CONSUM
Despensa,"Conservas, aceites y condimentos","Aderezo de Limón 0,5 L","1,58 € / 1 L","0,79 €",CONSUM
Despensa,"Conservas, aceites y condimentos",Hierbas Provenzales Tarro 20 Gr,"4,00 € / 100 Gr","0,80 €",CONSUM
Despensa,"Conservas, aceites y condimentos",Pimienta Negra Molida Tarro 44 Gr,"2,84 € / 100 Gr","1,25 €",CONSUM
Despensa,"Conservas, aceites y condimentos",Tomillo Tarro 18 Gr,"3,89 € / 100 Gr","0,70 €",CONSUM
Despensa,"Conservas, aceites y condimentos",Chipirones Rellenos en Aceite Girasol Lata 70 Gr,"32,71 € / 1 Kg","2,29 €",CONSUM
Despensa,"Conservas, aceites y condimentos",Tomate Doble Concentrado Lata 170 Gr,"8,53 € / 1 Kg","1,45 €",HIDA
Despensa,"Conservas, aceites y condimentos",Sardinas en Aceite Oliva Lata 84 Gr,"19,64 € / 1 Kg","1,65 €",CALVO
Despensa,"Conservas, aceites y condimentos",Salsa Burger Bote 260 Gr,"8,81 € / 1 Kg","2,29 €",HELLMANN'S
Despensa,"Conservas, aceites y condimentos",Salsa Bolognese 400 Gr,"10,73 € / 1 Kg","4,29 €",BARILLA
Despensa,"Conservas, aceites y condimentos",Bonito del Norte en Aceite Oliva 82 Gr,"43,78 € / 1 Kg","3,59 €",ALBO
Despensa,"Conservas, aceites y condimentos",Tomate Frito con Aceite Oliva Virgen Extra Frasco 560 Gr,"4,73 € / 1 Kg","2,65 €",HELIOS
Despensa,"Conservas, aceites y condimentos","Vinagre de Vino Tinto 0,5 L","1,10 € / 1 L","0,55 €",CONSUM
Despensa,"Conservas, aceites y condimentos",Judías Verdes Extra Finas Frasco 280 Gr,"16,75 € / 1 Kg","4,69 €",BONDUELLE
Despensa,"Conservas, aceites y condimentos",Colorante Alimentario Tarro 60 Gr,"35,83 € / 1 Kg","2,15 €",DUCROS
Despensa,"Conservas, aceites y condimentos",Orégano Tarro 10 Gr,"22,50 € / 100 Gr","2,25 €",DUCROS
Despensa,"Conservas, aceites y condimentos",Pimentón Dulce Tarro 45 Gr,"1,89 € / 100 Gr","0,85 €",CONSUM
Despensa,"Conservas, aceites y condimentos",Ensalada California de Atún 150 Gr,"9,67 € / 1 Kg","1,45 €",CALVO
Despensa,"Conservas, aceites y condimentos",Melocotón Almibar Ligero Lata 480 Gr,"4,90 € / 1 Kg","2,35 €",SOL ARCHENA
Despensa,"Conservas, aceites y condimentos",Salsa Casera Tarro 430 ml,"6,16 € / 1 L","2,65 €",CALVÉ
Despensa,"Conservas, aceites y condimentos",Aceite de Oliva Virgen Extra 1 L,"15,95 € / 1 L","15,95 €",CARBONELL
Despensa,"Conservas, aceites y condimentos",Comino Molido Tarro 45 Gr,"1,78 € / 100 Gr","0,80 €",CONSUM
Despensa,"Conservas, aceites y condimentos",Salsa Allioli Pet 250 ml,"9,16 € / 1 L","2,29 €",CHOVI
Despensa,"Conservas, aceites y condimentos",Bonito en Aceite de Oliva Tarro 160 Gr,"30,94 € / 1 Kg","4,95 €",CONSUM
Despensa,"Conservas, aceites y condimentos",Salsa Miel y Mostaza 400 ml,"9,38 € / 1 L","3,75 €",HEINZ
Despensa,"Conservas, aceites y condimentos",Mayonesa Bocabajo 500 ml,"4,50 € / 1 L","2,25 €",YBARRA
Despensa,"Conservas, aceites y condimentos",Mejillones en Escabeche 4/6 Piezas 72 Gr,"48,47 € / 1 Kg","3,49 €",NAVAL
Despensa,"Conservas, aceites y condimentos",Mayonesa Bocabajo 430 ml,"7,56 € / 1 L","3,25 €",HELLMANN'S
Despensa,"Conservas, aceites y condimentos",Bonito del Norte en Aceite de Oliva 260 Gr,"36,12 € / 1 Kg","9,39 €",CONSORCIO
Despensa,"Conservas, aceites y condimentos",Piñones Pelados Tarro 45 Gr,"11,09 € / 100 Gr","4,99 €",SABATER
Despensa,"Conservas, aceites y condimentos",Salsa Cocktail Tarro Cristal 225 ml,"7,51 € / 1 L","1,69 €",YBARRA
Despensa,"Conservas, aceites y condimentos",Canela en Rama Tarro 10 Gr,"7,50 € / 100 Gr","0,75 €",CONSUM
Despensa,"Conservas, aceites y condimentos",Romero Tarro 24 Gr,"3,54 € / 100 Gr","0,85 €",CONSUM
Despensa,"Conservas, aceites y condimentos",Jugoso al Horno Ajillo al Toque de Perejil 34 Gr,"3,31 € / 100 Gr","1,19 €",MAGGI
Despensa,"Conservas, aceites y condimentos",Jugoso al Horno a la Barbacoa 30 Gr,"3,97 € / 100 Gr","1,19 €",MAGGI
Despensa,"Conservas, aceites y condimentos",Salsa Soja con Menos Sal 250 ml,"19,56 € / 1 L","4,89 €",KIKKOMAN
Despensa,"Conservas, aceites y condimentos","Aceite de Oliva Virgen Extra Gran Selección 0,75 L","13,27 € / 1 L","9,95 €",CARBONELL
Despensa,"Conservas, aceites y condimentos",Molinillo Sal Rosa del Himalaya 105 Gr,"21,43 € / 1 Kg","2,25 €",TOQUE
Despensa,"Conservas, aceites y condimentos",Atún Claro en Escabeche Pack de 3 3 x 52 Gr,"15,96 € / 1 Kg","2,49 €",CONSUM
Despensa,"Conservas, aceites y condimentos",Sazonador Guacamole 20 Gr,"6,95 € / 100 Gr","1,39 €",OLD EL PASO
Despensa,"Conservas, aceites y condimentos",Aceite de Oliva Intenso Summun 1 L,"10,49 € / 1 L","10,49 €",LA MASIA
Despensa,"Conservas, aceites y condimentos",Sardinas Bajas en Sal en Aceite de Oliva 84 Gr,"23,69 € / 1 Kg","1,99 €",CABO PEÑAS
Despensa,"Conservas, aceites y condimentos",Sazonador Burritos Sobre 40 Gr,"3,48 € / 100 Gr","1,39 €",OLD EL PASO
Despensa,"Conservas, aceites y condimentos",Colorante Alimentario en Sobres 45 Gr,"3,67 € / 100 Gr","1,65 €",SABATER
Despensa,"Conservas, aceites y condimentos",Ajo Tarro 58 Gr,"43,97 € / 1 Kg","2,55 €",DUCROS
Despensa,"Conservas, aceites y condimentos",Pimienta Cayena Molida Tarro 38 Gr,"6,18 € / 100 Gr","2,35 €",DUCROS
Despensa,"Conservas, aceites y condimentos",Nuez Moscada Entera Tarro 25 Gr,"13,80 € / 100 Gr","3,45 €",DUCROS
Despensa,"Conservas, aceites y condimentos",Nuez Moscada Molida Tarro 32 Gr,"9,03 € / 100 Gr","2,89 €",DUCROS
Despensa,"Conservas, aceites y condimentos",Pimienta Negra Molida Tarro 40 Gr,"6,98 € / 100 Gr","2,79 €",DUCROS
Despensa,"Conservas, aceites y condimentos",Salsa Worcestershire Botella 150 ml,"21,67 € / 1 L","3,25 €",LEA&PERRINS
Despensa,"Conservas, aceites y condimentos",Salsa Picante 60 ml,"64,17 € / 1 L","3,85 €",TABASCO
Despensa,"Conservas, aceites y condimentos",Mostaza a L'Ancienne Frasco 210 Gr,"17,10 € / 1 Kg","3,59 €",MAILLE
Despensa,"Conservas, aceites y condimentos",Clavos Enteros Tarro 23 Gr,"14,13 € / 100 Gr","3,25 €",DUCROS
Despensa,"Conservas, aceites y condimentos",Hierbabuena Tarro 13 Gr,"18,08 € / 100 Gr","2,35 €",DUCROS
Despensa,"Conservas, aceites y condimentos",Pebrella Tarro 15 Gr,"17,93 € / 100 Gr","2,69 €",SABATER
Despensa,"Conservas, aceites y condimentos",Preparado Gazpacho Caja 6 Gr,"24,83 € / 100 Gr","1,49 €",SABATER
Despensa,"Conservas, aceites y condimentos",Cardo Frasco 400 Gr,"4,38 € / 1 Kg","1,75 €",CONSUM
Despensa,"Conservas, aceites y condimentos",Trozos de Calamar en Tinta Pack de 3 3 x 59 Gr,"11,30 € / 1 Kg","2,00 €",CONSUM
Despensa,"Conservas, aceites y condimentos",Trufa Natural Tarro 10 Gr,"34,50 € / 100 Gr","3,45 €",LEYENDA
Despensa,"Conservas, aceites y condimentos",Mejillones Salsa Vieira 13/18 Piezas 69 Gr,"27,54 € / 1 Kg","1,90 €",CONSUM
Despensa,"Conservas, aceites y condimentos","Azafrán Molido Sobres 0,3 Gr","1.183,33 € / 100 Gr","3,55 €",DUCROS
Despensa,"Conservas, aceites y condimentos",Ñoras Caja 20 Gr,"14,95 € / 100 Gr","2,99 €",DUCROS
Despensa,"Conservas, aceites y condimentos",Albahaca Tarro 15 Gr,"5,00 € / 100 Gr","0,75 €",CONSUM
Despensa,"Conservas, aceites y condimentos",Guindilla Entera Tarro 11 Gr,"8,18 € / 100 Gr","0,90 €",CONSUM
Despensa,"Conservas, aceites y condimentos",Eneldo Tarro 15 Gr,"6,60 € / 100 Gr","0,99 €",CONSUM
Despensa,"Conservas, aceites y condimentos",Pimentón Picante Tarro 38 Gr,"2,37 € / 100 Gr","0,90 €",CONSUM
Despensa,"Conservas, aceites y condimentos",Pimienta Blanca Molida Tarro 43 Gr,"2,91 € / 100 Gr","1,25 €",CONSUM
Despensa,"Conservas, aceites y condimentos",Pimienta Negra en Grano Tarro 48 Gr,"2,29 € / 100 Gr","1,10 €",CONSUM
Despensa,"Conservas, aceites y condimentos",Ensalada Pasta con Atún Bol 240 Gr,"9,96 € / 1 Kg","2,39 €",CARRETILLA
Despensa,"Conservas, aceites y condimentos",Jengibre Tarro 26 Gr,"9,58 € / 100 Gr","2,49 €",DUCROS
Despensa,"Conservas, aceites y condimentos",Salsa Curry con Mango 225 Gr,"10,89 € / 1 Kg","2,45 €",HEINZ
Despensa,"Conservas, aceites y condimentos","Azafrán en Hebras Caja 0,36 Gr","791,67 € / 100 Gr","2,85 €",SABATER
Despensa,"Conservas, aceites y condimentos","Azafrán Molido Caja 0,5 Gr","570,00 € / 100 Gr","2,85 €",SABATER
Despensa,"Conservas, aceites y condimentos",Habitas Fritas Baby. Frasco 140 Gr,"23,21 € / 1 Kg","3,25 €",CONSUM
Despensa,"Conservas, aceites y condimentos",Allioli Artesano con Aceite de Oliva 150 Gr,"12,33 € / 1 Kg","1,85 €",CHOVI
Despensa,"Conservas, aceites y condimentos",Ajonjolí Semillas de Sésamo 50 Gr,"5,76 € / 100 Gr","2,59 €",DUCROS
Despensa,"Conservas, aceites y condimentos",Salsa Cesar para Ensaladas 250 ml,"10,76 € / 1 L","2,69 €",CHOVI
Despensa,"Conservas, aceites y condimentos",Salsa Yogurt para Ensaladas 250 ml,"10,76 € / 1 L","2,69 €",CHOVI
Despensa,"Conservas, aceites y condimentos",Ensaladilla Rusa Bol 240 Gr,"9,96 € / 1 Kg","2,39 €",CARRETILLA
Despensa,"Conservas, aceites y condimentos",Sazonador Oriental Tarro 32 Gr,"8,91 € / 100 Gr","2,85 €",DUCROS
Despensa,"Conservas, aceites y condimentos",Ensalada Rusa con Atún 150 Gr,"9,67 € / 1 Kg","1,45 €",CALVO
Despensa,"Conservas, aceites y condimentos",Sazonador Carnes Tarro 17 Gr,"16,76 € / 100 Gr","2,85 €",DUCROS
Despensa,"Conservas, aceites y condimentos",Sazonador Espaguetis Tarro 32 Gr,"8,91 € / 100 Gr","2,85 €",DUCROS
Despensa,"Conservas, aceites y condimentos",Cilantro Hojas Tarro 7 Gr,"34,14 € / 100 Gr","2,39 €",DUCROS
Despensa,"Conservas, aceites y condimentos",Sazonador Italia Tarro 30 Gr,"9,50 € / 100 Gr","2,85 €",DUCROS
Despensa,"Conservas, aceites y condimentos",Sazonador México Tarro 40 Gr,"7,13 € / 100 Gr","2,85 €",DUCROS
Despensa,"Conservas, aceites y condimentos",Sazonador Marruecos Tarro 32 Gr,"8,91 € / 100 Gr","2,85 €",DUCROS
Despensa,"Conservas, aceites y condimentos",Salsa de Miel y Mostaza 255 Gr,"10,55 € / 1 Kg","2,69 €",CHOVI
Despensa,"Conservas, aceites y condimentos",Filete de Caballa del Sur Aceite de Girasol 342 Gr,"20,44 € / 1 Kg","6,99 €",PESASUR
Despensa,"Conservas, aceites y condimentos",Espárrago 6/8 D.O. Navarra. Frasco 205 Gr,"27,76 € / 1 Kg","5,69 €",DANTZA
Despensa,"Conservas, aceites y condimentos",Molinillo Pimienta Negra Tarro 35 Gr,"3,71 € / 100 Gr","1,30 €",CONSUM
Despensa,"Conservas, aceites y condimentos",Molinillo Pimienta 4 Bayas Tarro 34 Gr,"3,38 € / 100 Gr","1,15 €",CONSUM
Despensa,"Conservas, aceites y condimentos",Salsa Kebab White Bote 250 ml,"9,16 € / 1 L","2,29 €",CHOVI
Despensa,"Conservas, aceites y condimentos",Eneldo Frasco 10 Gr,"23,50 € / 100 Gr","2,35 €",DUCROS
Despensa,"Conservas, aceites y condimentos",Hierbas Provenzales Frasco 18 Gr,"13,06 € / 100 Gr","2,35 €",DUCROS
Despensa,"Conservas, aceites y condimentos",Comino Molido Frasco 28 Gr,"8,39 € / 100 Gr","2,35 €",DUCROS
Despensa,"Conservas, aceites y condimentos","Cebollino Frasco 2,5 Gr","94,00 € / 100 Gr","2,35 €",DUCROS
Despensa,"Conservas, aceites y condimentos",Cebolla Frasco 30 Gr,"7,83 € / 100 Gr","2,35 €",DUCROS
Despensa,"Conservas, aceites y condimentos",Canela 5 Ramas Paquete 22 Gr,"25,23 € / 100 Gr","5,55 €",DUCROS
Despensa,"Conservas, aceites y condimentos",Albahaca Frasco 12 Gr,"19,58 € / 100 Gr","2,35 €",DUCROS
Despensa,"Conservas, aceites y condimentos",Romero Frasco 23 Gr,"10,22 € / 100 Gr","2,35 €",DUCROS
Despensa,"Conservas, aceites y condimentos",Pimienta Negra Entera Frasco 48 Gr,"6,44 € / 100 Gr","3,09 €",DUCROS
Despensa,"Conservas, aceites y condimentos",Pimienta Cayena Entera Frasco 11 Gr,"21,36 € / 100 Gr","2,35 €",DUCROS
Despensa,"Conservas, aceites y condimentos",Pimienta Blanca Molida Frasco 40 Gr,"7,73 € / 100 Gr","3,09 €",DUCROS
Despensa,"Conservas, aceites y condimentos",Pimentón Picante Frasco 37 Gr,"6,35 € / 100 Gr","2,35 €",DUCROS
Despensa,"Conservas, aceites y condimentos",Paella Marinera Sobre 9 Gr,"27,67 € / 100 Gr","2,49 €",DUCROS
Despensa,"Conservas, aceites y condimentos",Pimentón Dulce Frasco 40 Gr,"5,88 € / 100 Gr","2,35 €",DUCROS
Despensa,"Conservas, aceites y condimentos",Calamares en Salsa Americana 72 Gr,"36,81 € / 1 Kg","2,65 €",ALBO
Despensa,"Conservas, aceites y condimentos",Gran Salsa Mostaza Bote 257 Gr,"8,91 € / 1 Kg","2,29 €",HELLMANN'S
Despensa,"Conservas, aceites y condimentos",Guisantes Extra Finos Frasco 465 Gr,"8,37 € / 1 Kg","3,89 €",BONDUELLE
Despensa,"Conservas, aceites y condimentos",Ensalada Mediterránea Frasco 300 Gr,"12,30 € / 1 Kg","3,69 €",BONDUELLE
Despensa,"Conservas, aceites y condimentos",Salsa Barbacoa Classic Pet 400 ml,"7,27 € / 1 Kg","3,49 €",HEINZ
Despensa,"Conservas, aceites y condimentos",Mostaza a la Miel Frasco 230 Gr,"15,61 € / 1 Kg","3,59 €",MAILLE
Despensa,"Conservas, aceites y condimentos",Canela Molida Saigón Frasco 40 Gr,"9,48 € / 100 Gr","3,79 €",DUCROS
Despensa,"Conservas, aceites y condimentos",Curry Tradición Frasco 53 Gr,"71,51 € / 1 Kg","3,79 €",DUCROS
Despensa,"Conservas, aceites y condimentos",Preparado para Paella Frasco 53 Gr,"52,64 € / 1 Kg","2,79 €",SABATER
Despensa,"Conservas, aceites y condimentos",Ensalada Mediterránea 150 Gr,"9,67 € / 1 Kg","1,45 €",CALVO
Despensa,"Conservas, aceites y condimentos",Salsa Mayonesa Deliciosa 480 ml,"6,02 € / 1 L","2,89 €",HEINZ
Despensa,"Conservas, aceites y condimentos",Aceite de Oliva Virgen Botella 3 L,"9,50 € / 1 L","28,50 €",CONSUM
Despensa,"Conservas, aceites y condimentos","Aceite de Oliva Virgen Botella 0,5 L","10,50 € / 1 L","5,25 €",CONSUM
Despensa,"Conservas, aceites y condimentos","Aceite de Oliva Virgen Extra Cristal 0,75 L","10,80 € / 1 L","8,10 €",CONSUM
Despensa,"Conservas, aceites y condimentos",Salsa Barbacoa Pet 250 ml,"8,04 € / 1 Kg","2,29 €",HELLMANN'S
Despensa,"Conservas, aceites y condimentos",Salsa Pesto Tarro 190 Gr,"13,32 € / 1 Kg","2,53 €",GALLO
Despensa,"Conservas, aceites y condimentos",Sopa Juliana 100 Gr,"26,90 € / 1 Kg","2,69 €",TREVIJANO
Despensa,"Conservas, aceites y condimentos",Champiñón Mini Frasco 170 Gr,"14,65 € / 1 Kg","2,49 €",BONDUELLE
Despensa,"Conservas, aceites y condimentos",Zanahoria Rallada Frasco 280 Gr,"9,82 € / 1 Kg","2,75 €",BONDUELLE
Despensa,"Conservas, aceites y condimentos",Rovellón Entero Extra Frasco 180 Gr,"21,06 € / 1 Kg","3,79 €",EMPERATRIZ
Despensa,"Conservas, aceites y condimentos",Rovellón Trozos Frasco 180 Gr,"16,61 € / 1 Kg","2,99 €",EMPERATRIZ
Despensa,"Conservas, aceites y condimentos",Sopa de Quinoa Deshidratada Bandeja 200 Gr,"15,95 € / 1 Kg","3,19 €",TREVIJANO
Despensa,"Conservas, aceites y condimentos",Aceite Oliva Virgen Extra Botella 1 L,"9,90 € / 1 L","9,90 €",CONSUM
Despensa,"Conservas, aceites y condimentos",Cerezas Rojas Almíbar Frasco 90 Gr,"21,67 € / 1 Kg","1,95 €",HELIOS
Despensa,"Conservas, aceites y condimentos",Cabello de Angel Lata 520 Gr,"4,23 € / 1 Kg","2,20 €",HIDA
Despensa,"Conservas, aceites y condimentos",Cocktail de Frutas Lata 480 Gr,"5,52 € / 1 Kg","2,65 €",SOL ARCHENA
Despensa,"Conservas, aceites y condimentos",Dulce Boniato Lata 850 Gr,"4,47 € / 1 Kg","3,80 €",PELLI
Despensa,"Conservas, aceites y condimentos",Pera Almíbar 480 Gr,"5,85 € / 1 Kg","2,69 €",SOL ARCHENA
Despensa,"Conservas, aceites y condimentos",Ensalada de Quinoa Bol 230 Gr,"10,39 € / 1 Kg","2,39 €",CARRETILLA
Despensa,"Conservas, aceites y condimentos",Anís Verde Matalauva Tarro 37 Gr,"7,00 € / 100 Gr","2,59 €",DUCROS
Despensa,"Conservas, aceites y condimentos",Aceite de Oliva Virgen Botella 1 L,"9,55 € / 1 L","9,55 €",CONSUM
Despensa,"Conservas, aceites y condimentos",Cebolla Crujiente Paquete 70 Gr,"21,29 € / 1 Kg","1,49 €",FLORETTE
Despensa,"Conservas, aceites y condimentos",Frutos Rojos y Mango Paquete 55 Gr,"34,36 € / 1 Kg","1,89 €",FLORETTE
Despensa,"Conservas, aceites y condimentos",Frutos Secos Especial Ensaladas 70 Gr,"27,00 € / 1 Kg","1,89 €",FLORETTE
Despensa,"Conservas, aceites y condimentos",Picatostes Ajo Finas Hierbas Paquet 70 Gr,"21,29 € / 1 Kg","1,49 €",FLORETTE
Despensa,"Conservas, aceites y condimentos",Picatostes César Paquete 70 Gr,"21,29 € / 1 Kg","1,49 €",FLORETTE
Despensa,"Conservas, aceites y condimentos",Picatostes Natural Paquete 65 Gr,"22,92 € / 1 Kg","1,49 €",FLORETTE
Despensa,"Conservas, aceites y condimentos",Ketchup Ecológico Bote 580 Gr,"7,22 € / 1 Kg","4,19 €",HEINZ
Despensa,"Conservas, aceites y condimentos",Aceite Oliva Virgen Extra Primera Cosecha 500 ml,"13,90 € / 1 L","6,95 €",CONSUM
Despensa,"Conservas, aceites y condimentos",Aderezo para cocktail Drink & Spices 36 Gr,"10,42 € / 100 Gr","3,75 €",COCKTELEA
Despensa,"Conservas, aceites y condimentos",Aderezo para cocktail Drink & Fruit 12 Gr,"31,25 € / 100 Gr","3,75 €",COCKTELEA
Despensa,"Conservas, aceites y condimentos",Aceite de Oliva Virgen Extra 3 L,"9,85 € / 1 L","29,55 €",CONSUM
Despensa,"Conservas, aceites y condimentos",Guisantes Lata Pack de 3 3 x 65 Gr,"13,28 € / 1 Kg","2,59 €",BONDUELLE
Despensa,"Conservas, aceites y condimentos",Maíz Dulce Lata Pack de 3 3 x 70 Gr,"12,33 € / 1 Kg","2,59 €",BONDUELLE
Despensa,"Conservas, aceites y condimentos",Salsa Vinagreta Gourmet 250 Gr,"8,76 € / 1 Kg","2,19 €",FLORETTE
Despensa,"Conservas, aceites y condimentos",Salsa Módena y Miel 250 Gr,"8,76 € / 1 Kg","2,19 €",FLORETTE
Despensa,"Conservas, aceites y condimentos",Molinillo Sal con Hierbas Tarro 78 Gr,"28,85 € / 1 Kg","2,25 €",TOQUE
Despensa,"Conservas, aceites y condimentos",Aceite de Oliva Virgen Extra 500 ml,"17,00 € / 1 L","8,50 €",FINC.BADENES
Despensa,"Conservas, aceites y condimentos",Filete de Caballa del Sur Frasco 180 Gr,"27,72 € / 1 Kg","4,99 €",PESASUR
Despensa,"Conservas, aceites y condimentos",Aceite de Girasol Botella 1 L,"1,45 € / 1 L","1,45 €",CONSUM
Despensa,"Conservas, aceites y condimentos",Allioli Bolsa Monodosis 8 x 18 Gr,"13,13 € / 1 Kg","1,89 €",CHOVI
Despensa,"Conservas, aceites y condimentos",Tomate Frito Brik Pack de 3 3 x 390 Gr,"1,20 € / 1 Kg","1,40 €",CONSUM
Despensa,"Conservas, aceites y condimentos",Aceite de Oliva Suave 1 L,"9,25 € / 1 L","9,25 €",CONSUM
Despensa,"Conservas, aceites y condimentos",Aceite de Oliva Intenso 1 L,"9,25 € / 1 L","9,25 €",CONSUM
Despensa,"Conservas, aceites y condimentos",Melocotón sin Azúcar Lata 480 Gr,"5,52 € / 1 Kg","2,65 €",CONSUM
Despensa,"Conservas, aceites y condimentos",Aceite de Semillas Botella 5 L,"1,59 € / 1 L","7,95 €",CONSUM
Despensa,"Conservas, aceites y condimentos",Mostaza Amarilla Bote 240 Gr,"10,21 € / 1 Kg","2,45 €",HEINZ
Despensa,"Conservas, aceites y condimentos",Curry Madrás Intenso Frasco 45 Gr,"6,42 € / 100 Gr","2,89 €",DUCROS
Despensa,"Conservas, aceites y condimentos",Pimienta Brasil Suave Frasco 32 Gr,"9,66 € / 100 Gr","3,09 €",DUCROS
Despensa,"Conservas, aceites y condimentos",Salsa Pesto 185 Gr,"10,76 € / 1 Kg","1,99 €",CONSUM
Despensa,"Conservas, aceites y condimentos",Aceite de Semillas Botella 1 L,"1,69 € / 1 L","1,69 €",CONSUM
Despensa,"Conservas, aceites y condimentos",Salsa César Bote 400 ml,"9,38 € / 1 L","3,75 €",HEINZ
Despensa,"Conservas, aceites y condimentos",Salsa Boloñesa Chorizo Frasco 350 Gr,"7,40 € / 1 Kg","2,59 €",HIDA
Despensa,"Conservas, aceites y condimentos",Molinillo Pimienta Creación 34 Gr,"11,74 € / 100 Gr","3,99 €",DUCROS
Despensa,"Conservas, aceites y condimentos",Salsa Soja Clásica 250 ml,"18,36 € / 1 L","4,59 €",KIKKOMAN
Despensa,"Conservas, aceites y condimentos",Tomate Frito Oliva Brik Pack de 3 3 x 212 Gr,"4,48 € / 1 Kg","2,85 €",ORLANDO
Despensa,"Conservas, aceites y condimentos",Passata de Tomate Pasta de Tomate. Frasco 400 Gr,"7,23 € / 1 Kg","2,89 €",MUTTI
Despensa,"Conservas, aceites y condimentos",Polpa di Pomodoro Tomate TrIturado. Lata 400 Gr,"6,63 € / 1 Kg","2,65 €",MUTTI
Despensa,"Conservas, aceites y condimentos",Sardinas en Aceite Oliva Lata 85 Gr,"30,47 € / 1 Kg","2,59 €",CUCA
Despensa,"Conservas, aceites y condimentos",Salsa Brava Tarro 300 Gr,"6,30 € / 1 Kg","1,89 €",D'ATENEA
Despensa,"Conservas, aceites y condimentos",Aceite de Orujo Botella 1 L,"5,99 € / 1 L","5,99 €",GENIOLIVA
Despensa,"Conservas, aceites y condimentos",Aceite de Girasol Alto Oleico 1 L,"1,89 € / 1 L","1,89 €",CONSUM
Despensa,"Conservas, aceites y condimentos",Sazonador Barbacoa Frasco 44 Gr,"6,57 € / 100 Gr","2,89 €",DUCROS
Despensa,"Conservas, aceites y condimentos",Aceite de Maiz Botella 1 L,"2,99 € / 1 L","2,99 €",ASUA
Despensa,"Conservas, aceites y condimentos",Berberechos al Natural Pack 2 2 x 63 Gr,"45,16 € / 1 Kg","5,69 €",CABO PEÑAS
Despensa,"Conservas, aceites y condimentos",Tomate Entero Lata 480 Gr,"2,92 € / 1 Kg","1,40 €",CONSUM
Despensa,"Conservas, aceites y condimentos",Tomate Entero Lata 240 Gr,"3,33 € / 1 Kg","0,80 €",CONSUM
Despensa,"Conservas, aceites y condimentos",Mayo Vegana Bio Sin Huevo y Sin Lactosa 180 Gr,"13,83 € / 1 Kg","2,49 €",D'ATENEA
Despensa,"Conservas, aceites y condimentos",Superalimentos 5 semillas 100 Gr,"18,90 € / 1 Kg","1,89 €",FLORETTE
Despensa,"Conservas, aceites y condimentos",Ñora Molida Tarro 30 Gr,"7,50 € / 100 Gr","2,25 €",SABATER
Despensa,"Conservas, aceites y condimentos",Ñoras Secas Caja 20 Gr,"7,45 € / 100 Gr","1,49 €",SABATER
Despensa,"Conservas, aceites y condimentos",Tomate Frito Casero Frasco 550 Gr,"5,07 € / 1 Kg","2,79 €",SOLIS
Despensa,"Conservas, aceites y condimentos",Atún Claro en Aceite de Oliva 650 Gr,"16,91 € / 1 Kg","10,99 €",CAMPOS
Despensa,"Conservas, aceites y condimentos",Crema Aceto Balsámico Di Modena 250 ml,"13,00 € / 1 L","3,25 €",FERRARINI
Despensa,"Conservas, aceites y condimentos",Carne Pimiento Choricero Frasco 180 Gr,"11,06 € / 1 Kg","1,99 €",LEYENDA
Despensa,"Conservas, aceites y condimentos",Guisantes Medianos Lata Pack de 3 3 x 130 Gr,"5,00 € / 1 Kg","1,95 €",CONSUM
Despensa,"Conservas, aceites y condimentos",Edamame Lata Pack de 2 2 x 65 Gr,"19,92 € / 1 Kg","2,59 €",BONDUELLE
Despensa,"Conservas, aceites y condimentos",Pimiento Piquillo Tiras con Ajos Frasco 225 Gr,"5,11 € / 1 Kg","1,15 €",CONSUM
Despensa,"Conservas, aceites y condimentos",Salsa Boloñesa Frasco 355 Gr,"7,30 € / 1 Kg","2,59 €",HIDA
Despensa,"Conservas, aceites y condimentos",Pimiento Piquillo de Lodosa Frasco 180 Gr,"27,72 € / 1 Kg","4,99 €",DANTZA
Despensa,"Conservas, aceites y condimentos",Aceite de Oliva Virgen Extra Ecológico 500 ml,"14,80 € / 1 L","7,40 €",CONSUM ECO
Despensa,"Conservas, aceites y condimentos",Salsa Ligera Tarro 450 ml,"2,67 € / 1 L","1,20 €",CONSUM
Despensa,"Conservas, aceites y condimentos",Ketchup 560 Gr,"2,32 € / 1 Kg","1,30 €",CONSUM
Despensa,"Conservas, aceites y condimentos",Salsa Cèsar 300 ml,"4,33 € / 1 L","1,30 €",CONSUM
Despensa,"Conservas, aceites y condimentos",Mayonesa Pet 500 ml,"2,98 € / 1 L","1,49 €",CONSUM
Despensa,"Conservas, aceites y condimentos",Mostaza 300 Gr,"4,33 € / 1 Kg","1,30 €",CONSUM
Despensa,"Conservas, aceites y condimentos",Mayonesa Tarro 450 ml,"2,78 € / 1 L","1,25 €",CONSUM
Despensa,"Conservas, aceites y condimentos",Salsa Barbacoa 325 Gr,"3,54 € / 1 Kg","1,15 €",CONSUM
Despensa,"Conservas, aceites y condimentos",Salsa Cocktail 300 ml,"3,30 € / 1 L","0,99 €",CONSUM
Despensa,"Conservas, aceites y condimentos",Bicarbonato 1 Kg 1 Kg,"1,50 € / 1 Kg","1,50 €",EL VESUBIO
Despensa,"Conservas, aceites y condimentos",Relleno Empanadas Frasco 290 Gr,"8,28 € / 1 Kg","2,40 €",HIDA
Despensa,"Conservas, aceites y condimentos",Pesto Rosso Frasco 190 Gr,"13,32 € / 1 Kg","2,53 €",GALLO
Despensa,"Conservas, aceites y condimentos",Fritada Consum Frasco 350 Gr,"4,00 € / 1 Kg","1,40 €",CONSUM
Despensa,"Conservas, aceites y condimentos",Tomate Frito Tradicional Frasco 550 Gr,"4,36 € / 1 Kg","2,40 €",CONSUM
Despensa,"Conservas, aceites y condimentos",Salsa Cheddar Bacon Bote 245 Gr,"8,12 € / 1 Kg","1,99 €",ORLANDO
Despensa,"Conservas, aceites y condimentos",Kétchup Botella 460 Gr,"7,28 € / 1 Kg","3,35 €",HEINZ
Despensa,"Conservas, aceites y condimentos",Kétchup Botella 700 Gr,"5,56 € / 1 Kg","3,89 €",HEINZ
Despensa,"Conservas, aceites y condimentos",Judía Redonda Frasco 360 Gr,"3,61 € / 1 Kg","1,30 €",CONSUM
Despensa,"Conservas, aceites y condimentos",Yemas muy Gruesas Frasco 110 Gr,"41,73 € / 1 Kg","4,59 €",CARRETILLA
Despensa,"Conservas, aceites y condimentos",Espárragos Muy Gruesos Frasco 205 Gr,"18,00 € / 1 Kg","3,69 €",CARRETILLA
Despensa,"Conservas, aceites y condimentos",Espárragos Medianos Calidad Extra. Frasco 100 Gr,"14,09 € / 1 Kg","1,55 €",CONSUM
Despensa,"Conservas, aceites y condimentos",Tallos Espárragos Lata 250 Gr,"6,36 € / 1 Kg","1,59 €",CONSUM
Despensa,"Conservas, aceites y condimentos",Espárragos Trigueros Frasco 100 Gr,"15,50 € / 1 Kg","1,55 €",CONSUM
Despensa,"Conservas, aceites y condimentos",Apio Rallado Frasco 190 Gr,"5,79 € / 1 Kg","1,10 €",CONSUM
Despensa,"Conservas, aceites y condimentos",Brotes Germinados Frasco 190 Gr,"7,63 € / 1 Kg","1,45 €",CONSUM
Despensa,"Conservas, aceites y condimentos",Ensalada China Frasco 190 Gr,"6,26 € / 1 Kg","1,19 €",CONSUM
Despensa,"Conservas, aceites y condimentos",Remolacha Rallada Frasco 190 Gr,"4,16 € / 1 Kg","0,79 €",CONSUM
Despensa,"Conservas, aceites y condimentos",Remolacha Rodajas Frasco 190 Gr,"5,21 € / 1 Kg","0,99 €",CONSUM
Despensa,"Conservas, aceites y condimentos",Zanahoria Rallada Frasco 190 Gr,"3,95 € / 1 Kg","0,75 €",CONSUM
Despensa,"Conservas, aceites y condimentos",Espárragos muy Gruesos Frasco 110 Gr,"27,18 € / 1 Kg","2,99 €",CARRETILLA
Despensa,"Conservas, aceites y condimentos",Pimiento Morrón Entero Lata Pack de 3 3 x 60 Gr,"10,50 € / 1 Kg","1,89 €",CONSUM
Despensa,"Conservas, aceites y condimentos",Pimiento Tiras con Ajo Frasco 190 Gr,"7,84 € / 1 Kg","1,49 €",CONSUM
Despensa,"Conservas, aceites y condimentos",Pimiento Asado Tiras Lata Pack de 3 3 x 60 Gr,"7,50 € / 1 Kg","1,35 €",CONSUM
Despensa,"Conservas, aceites y condimentos",Salsa Tradicional Tarro Cristal 500 ml,"5,08 € / 1 L","2,49 €",KRAFT
Despensa,"Conservas, aceites y condimentos",Tomillo Entero Frasco 11 Gr,"21,73 € / 100 Gr","2,39 €",DUCROS
Despensa,"Conservas, aceites y condimentos",Berberechos al Natural 45/55 Piezas 63 Gr,"78,57 € / 1 Kg","4,95 €",CONSUM
Despensa,"Conservas, aceites y condimentos",Mayonesa Tarro Cristal 825 ml,"7,26 € / 1 L","5,99 €",HELLMANN'S
Despensa,"Conservas, aceites y condimentos",Tomate Frito Estilo Casero 350 Gr,"5,29 € / 1 Kg","1,85 €",HIDA
Despensa,"Conservas, aceites y condimentos",Salsa Gaucha 300 ml,"7,50 € / 1 L","2,25 €",YBARRA
Despensa,"Conservas, aceites y condimentos",Brócoli Natural Frasco 370 Gr,"4,30 € / 1 Kg","1,59 €",CONSUM
Despensa,"Conservas, aceites y condimentos",Champiñones Laminados Pack de 3 3 x 105 Gr,"6,95 € / 1 Kg","2,19 €",CONSUM
Despensa,"Conservas, aceites y condimentos",Sardinilla en Aceite de Girasol Pack de 2 2 x 65 Gr,"11,54 € / 1 Kg","1,50 €",CONSUM
Despensa,"Conservas, aceites y condimentos",Sardinilla en Tomate Pack 2 2 x 59 Gr,"11,86 € / 1 Kg","1,40 €",CONSUM
Despensa,"Conservas, aceites y condimentos",Sardinillas en Aceite de Oliva Pack 2 2 x 65 Gr,"14,23 € / 1 Kg","1,85 €",CONSUM
Despensa,"Conservas, aceites y condimentos",Sardinillas Bajo en Sal en Aceite Oliva Pack 2 2 x 65 Gr,"14,23 € / 1 Kg","1,85 €",CONSUM
Despensa,"Conservas, aceites y condimentos",Sal de Frutas 250 Gr,"8,00 € / 1 Kg","2,00 €",EL VESUBIO
Despensa,"Conservas, aceites y condimentos",Tomate Seco en Aceite 110 Gr,"24,09 € / 1 Kg","2,65 €",CONSUM
Despensa,"Conservas, aceites y condimentos",Orégano Bío Frasco 8 Gr,"33,63 € / 100 Gr","2,69 €",DUCROS
Despensa,"Conservas, aceites y condimentos",Ajo Bío Frasco 52 Gr,"54,81 € / 1 Kg","2,85 €",DUCROS
Despensa,"Conservas, aceites y condimentos",Canela Molida Bío Frasco 27 Gr,"10,93 € / 100 Gr","2,95 €",DUCROS
Despensa,"Conservas, aceites y condimentos",Cúrcuma Bío Frasco 42 Gr,"7,36 € / 100 Gr","3,09 €",DUCROS
Despensa,"Conservas, aceites y condimentos",Ajo Perejil Bío Frasco 22 Gr,"12,95 € / 100 Gr","2,85 €",DUCROS
Despensa,"Conservas, aceites y condimentos",Comino Molido Bío Frasco 30 Gr,"9,83 € / 100 Gr","2,95 €",DUCROS
Despensa,"Conservas, aceites y condimentos",Pimienta Negra Bío Frasco 43 Gr,"7,79 € / 100 Gr","3,35 €",DUCROS
Despensa,"Conservas, aceites y condimentos",Atún Claro Virgen Extra en Aceite de Oliva 3 x 52 Gr,"23,65 € / 1 Kg","3,69 €",CONSUM
Despensa,"Conservas, aceites y condimentos",Jengibre Molido Bío Frasco 32 Gr,"10,59 € / 100 Gr","3,39 €",DUCROS
Despensa,"Conservas, aceites y condimentos",Berberechos al Natural 80/100 63 Gr,"69,68 € / 1 Kg","4,39 €",CABO PEÑAS
Despensa,"Conservas, aceites y condimentos",Vinagre de Manzana Ecológico 500 ml,"4,10 € / 1 L","2,05 €",CONSUM ECO
Despensa,"Conservas, aceites y condimentos",Mazorquitas 190 Gr,"12,63 € / 1 Kg","2,40 €",CONSUM
Despensa,"Conservas, aceites y condimentos",Salsa Tradicional Frasco 275 ml,"6,51 € / 1 L","1,79 €",KRAFT
Despensa,"Conservas, aceites y condimentos",Tomate Triturado con Cebolla 390 Gr,"2,28 € / 1 Kg","0,89 €",CONSUM
Despensa,"Conservas, aceites y condimentos",Molinillo Sal Negra Frasco 100 Gr,"22,50 € / 1 Kg","2,25 €",TOQUE
Despensa,"Conservas, aceites y condimentos",Salsa Ligera Nature Tarro Cristal 430 ml,"6,49 € / 1 L","2,79 €",LIGERESA
Despensa,"Conservas, aceites y condimentos",Salsa Hot Mexican Bocabajo 266 Gr,"8,61 € / 1 Kg","2,29 €",HELLMANN'S
Despensa,"Conservas, aceites y condimentos",Atún Claro Natural Pack de 6 6 x 56 Gr,"12,95 € / 1 Kg","4,35 €",CONSUM
Despensa,"Conservas, aceites y condimentos",Kétchup Light 540 Gr,"2,20 € / 1 Kg","1,19 €",CONSUM
Despensa,"Conservas, aceites y condimentos",Tacos de Potón al Ajillo Lata 75 Gr,"20,00 € / 1 Kg","1,50 €",CONSUM
Despensa,"Conservas, aceites y condimentos",Tacos de Potón a la Marinera 72 Gr,"20,83 € / 1 Kg","1,50 €",CONSUM
Despensa,"Conservas, aceites y condimentos",Salmón Salvaje Alaska al natural 3 x 55 Gr,"25,39 € / 1 Kg","4,19 €",PESASUR
Despensa,"Conservas, aceites y condimentos",Filete de Sardina en Aceite de Oliva 75 Gr,"32,67 € / 1 Kg","2,45 €",CALVO
Despensa,"Conservas, aceites y condimentos",Tacos Potón en Aceite de Girasol 72 Gr,"20,83 € / 1 Kg","1,50 €",CONSUM
Despensa,"Conservas, aceites y condimentos",Mayonesa al Toque de Mostaza Dijon Tarro 320 Gr,"13,59 € / 1 Kg","4,35 €",MAILLE
Despensa,"Conservas, aceites y condimentos",Pesto Rústico con Tomate Seco 200 Gr,"14,95 € / 1 Kg","2,99 €",BARILLA
Despensa,"Conservas, aceites y condimentos",Salsa Ranchera 250 ml,"9,00 € / 1 L","2,25 €",YBARRA
Despensa,"Conservas, aceites y condimentos",Remolacha en Rodajas Frasco 305 Gr,"9,02 € / 1 Kg","2,75 €",BONDUELLE
Despensa,"Conservas, aceites y condimentos",Salsa Tártara Tarro 225 ml,"10,00 € / 1 L","2,25 €",CALVÉ
Despensa,"Conservas, aceites y condimentos",Salsa Vegana Tarro 280 ml,"15,18 € / 1 L","4,25 €",HELLMANN'S
Despensa,"Conservas, aceites y condimentos",Atún Claro Aceite Oliva Virgen Extra 3 x 52 Gr,"27,88 € / 1 Kg","4,35 €",CALVO
Despensa,"Conservas, aceites y condimentos",Atún Claro Aceite Oliva Pack de 3 3 x 52 Gr,"27,88 € / 1 Kg","4,35 €",CALVO
Despensa,"Conservas, aceites y condimentos",Atún Claro Aceite Oliva Pack de 6 6 x 52 Gr,"24,65 € / 1 Kg","7,69 €",CALVO
Despensa,"Conservas, aceites y condimentos",Atún Claro Aceite Oliva Bajo en Sal 3 x 52 Gr,"27,88 € / 1 Kg","4,35 €",CALVO
Despensa,"Conservas, aceites y condimentos",Mitades de Melocotón sin Azúcar Añadido 3 x 250 Gr,"7,68 € / 1 Kg","2,65 €",SOL ARCHENA
Despensa,"Conservas, aceites y condimentos",Salsa Tikka Masala Frasco 450 Gr,"6,64 € / 1 Kg","2,99 €",PATAK´S
Despensa,"Conservas, aceites y condimentos",Maíz Bío Pack de 2 2 x 140 Gr,"11,61 € / 1 Kg","3,25 €",BONDUELLE
Despensa,"Conservas, aceites y condimentos",Brotes de Judía Mungo Pack de 3 Lata 3 x 90 Gr,"12,56 € / 1 Kg","3,39 €",BONDUELLE
Despensa,"Conservas, aceites y condimentos",Crema de Vinagre Pedro Ximénez 250 ml,"9,00 € / 1 L","2,25 €",CONSUM
Despensa,"Conservas, aceites y condimentos",Crema de Vinagre Módena 250 ml,"7,00 € / 1 L","1,75 €",CONSUM
Despensa,"Conservas, aceites y condimentos",Guisantes Tiernos y Finos sin Azúcares Añadidos 3 x 140 Gr,"8,55 € / 1 Kg","3,59 €",BONDUELLE
Despensa,"Conservas, aceites y condimentos",Colorante Natural sin Tartracina 20 Gr,"7,25 € / 100 Gr","1,45 €",POTE
Despensa,"Conservas, aceites y condimentos",Atún Claro en Aceite de Oliva Virgen Extra P3 3 x 67 Gr,"39,55 € / 1 Kg","7,95 €",ALBO
Despensa,"Conservas, aceites y condimentos",Pimentón Picante D.O.P. de la Vera Lata 70 Gr,"48,43 € / 1 Kg","3,39 €",MC CORMICK
Despensa,"Conservas, aceites y condimentos",Pimiento Chipotle Picante Medio Tarro 46 Gr,"7,59 € / 100 Gr","3,49 €",DUCROS
Despensa,"Conservas, aceites y condimentos",Garam Masala Tarro 30 Gr,"7,83 € / 100 Gr","2,35 €",DUCROS
Despensa,"Conservas, aceites y condimentos",Piña en su Jugo Quality 825 Gr,"8,33 € / 1 Kg","4,25 €",DEL MONTE
Despensa,"Conservas, aceites y condimentos",Pimienta Verde Tarro 35 Gr,"9,40 € / 100 Gr","3,29 €",DUCROS
Despensa,"Conservas, aceites y condimentos",Salsa Napolitana Frasco 300 Gr,"5,17 € / 1 Kg","1,55 €",CONSUM
Despensa,"Conservas, aceites y condimentos",Molinillo Pimienta Negra Frasco 35 Gr,"11,40 € / 100 Gr","3,99 €",DUCROS
Despensa,"Conservas, aceites y condimentos",Molinillo 5 Bayas Tarro 24 Gr,"16,63 € / 100 Gr","3,99 €",DUCROS
Despensa,"Conservas, aceites y condimentos",Piña en su Jugo Quality Pack de 3 3 x 230 Gr,"11,07 € / 1 Kg","4,65 €",DEL MONTE
Despensa,"Conservas, aceites y condimentos",Salsa Tomate Albahaca y Orégano 300 Gr,"4,83 € / 1 Kg","1,45 €",CONSUM
Despensa,"Conservas, aceites y condimentos",Molinillo Pimienta Negra Bio Frasco 30 Gr,"14,63 € / 100 Gr","4,39 €",DUCROS
Despensa,"Conservas, aceites y condimentos",Salsa Carbonara Frasco 300 Gr,"5,63 € / 1 Kg","1,69 €",CONSUM
Despensa,"Conservas, aceites y condimentos",Guisantes Bío 2 x 130 Gr,"13,04 € / 1 Kg","3,39 €",BONDUELLE
Despensa,"Conservas, aceites y condimentos",Molinillo Ajustable Mezcla Picante Frasco 29 Gr,"13,76 € / 100 Gr","3,99 €",DUCROS
Despensa,"Conservas, aceites y condimentos",Atún Claro Aceite Girasol Pack de 3 3 x 52 Gr,"22,37 € / 1 Kg","3,49 €",CALVO
Despensa,"Conservas, aceites y condimentos",Guisante y Zanahoria Pack de 3 3 x 130 Gr,"10,23 € / 1 Kg","3,99 €",BONDUELLE
Despensa,"Conservas, aceites y condimentos",Filetes de Caballa en Aceite de Oliva 84 Gr,"16,55 € / 1 Kg","1,39 €",CONSUM
Despensa,"Conservas, aceites y condimentos",Salsa Guacamole Frasco 320 Gr,"10,59 € / 1 Kg","3,39 €",OLD EL PASO
Despensa,"Conservas, aceites y condimentos",Salsa de Queso Frasco 320 Gr,"11,22 € / 1 Kg","3,59 €",OLD EL PASO
Despensa,"Conservas, aceites y condimentos",Salsa Mejicana Frasco 312 Gr,"10,87 € / 1 Kg","3,39 €",OLD EL PASO
Despensa,"Conservas, aceites y condimentos",Aceite de Oliva Virgen Extra IGP Jaén 500 ml,"15,18 € / 1 L","7,59 €",AIRES
Despensa,"Conservas, aceites y condimentos",Tomate Frito Cebolla Caramelizada 495 Gr,"5,03 € / 1 Kg","2,49 €",ORLANDO
Despensa,"Conservas, aceites y condimentos",Aceite de Oliva Intenso 3 L,"11,65 € / 1 L","34,95 €",CARBONELL
Despensa,"Conservas, aceites y condimentos",Bicarbonato 300 ml,"0,37 € / 100 ml","1,10 €",EL VESUBIO
Despensa,"Conservas, aceites y condimentos",Ketchup 300 Gr,"4,97 € / 1 Kg","1,49 €",ORLANDO
Despensa,"Conservas, aceites y condimentos",Salsa Barbacoa Bull's-Eye 335 Gr,"10,90 € / 1 Kg","3,65 €",HEINZ
Despensa,"Conservas, aceites y condimentos",Atún Claro Lomos en Aceite de Oliva 135 Gr,"27,33 € / 1 Kg","3,69 €",CONSUM
Despensa,"Conservas, aceites y condimentos","Ventresca de Atún Claro en Aceite de Oliva 72,5 Gr","48,97 € / 1 Kg","3,55 €",CONSUM
Despensa,"Conservas, aceites y condimentos",Aceite de Oliva Virgen Extra Arbequina 500 ml,"14,18 € / 1 L","7,09 €",CONSUM
Despensa,"Conservas, aceites y condimentos",Ras El Hanout 38 Gr,"6,18 € / 100 Gr","2,35 €",DUCROS
Despensa,"Conservas, aceites y condimentos",Pesto Rosso con Aceto Balsámico di Modena 200 Gr,"14,95 € / 1 Kg","2,99 €",BARILLA
Despensa,"Conservas, aceites y condimentos",Jugoso al Horno Receta Mediterránea 31 Gr,"3,84 € / 100 Gr","1,19 €",MAGGI
Despensa,"Conservas, aceites y condimentos",Aceite de Oliva Virgen Extra Hojiblanca 1 L,"13,99 € / 1 L","13,99 €",COOSUR
Despensa,"Conservas, aceites y condimentos",Aceite de Coco Virgen Extra Ecológico 375 ml,"12,77 € / 1 L","4,79 €",LA ESPAÑOLA
Despensa,"Conservas, aceites y condimentos",Tomate Triturado Ecológico 400 Gr,"2,88 € / 1 Kg","1,15 €",CONSUM
Despensa,"Conservas, aceites y condimentos",Palmito Entero Frasco 250 Gr,"14,76 € / 1 Kg","3,69 €",PELLI
Despensa,"Conservas, aceites y condimentos",Surtido de Setas Ánfora 155 Gr,"10,26 € / 1 Kg","1,59 €",CELORRIO
Despensa,"Conservas, aceites y condimentos",Tomate Frito con Aceite de Oliva 360 Gr,"4,69 € / 1 Kg","1,69 €",SOLIS
Despensa,"Conservas, aceites y condimentos",Cocktail Almibar Ligero Pack de 3 3 x 115 Gr,"7,97 € / 1 Kg","2,75 €",SOL ARCHENA
Despensa,"Conservas, aceites y condimentos",Mayonesa Tarro 225 ml,"4,22 € / 1 L","0,95 €",CONSUM
Despensa,"Conservas, aceites y condimentos",Salsa Ligera Tarro 225 ml,"4,40 € / 1 L","0,99 €",CONSUM
Despensa,"Conservas, aceites y condimentos",Ensalada de Pimiento Frasco 355 Gr,"7,18 € / 1 Kg","2,55 €",ALSUR
Despensa,"Conservas, aceites y condimentos",Pimiento Asado Tiras Bandeja 250 Gr,"9,60 € / 1 Kg","2,40 €",SUQUIPA
Despensa,"Conservas, aceites y condimentos",Ketchup Original Bote 290 Gr,"6,17 € / 1 Kg","1,79 €",PRIMA
Despensa,"Conservas, aceites y condimentos",ketchup Cero Bote 265 Gr,"9,25 € / 1 Kg","2,45 €",PRIMA
Despensa,"Conservas, aceites y condimentos",Mayonesa Cero Bote 255 ml,"9,76 € / 1 L","2,49 €",PRIMA
Despensa,"Conservas, aceites y condimentos",Mostaza Original Bote 265 Gr,"6,75 € / 1 Kg","1,79 €",PRIMA
Despensa,"Conservas, aceites y condimentos",Barbacoa Cero Bote 265 Gr,"9,40 € / 1 Kg","2,49 €",PRIMA
Despensa,"Conservas, aceites y condimentos",Coliflor Cocida Frasco 360 Gr,"5,14 € / 1 Kg","1,85 €",ALSUR
Despensa,"Conservas, aceites y condimentos",Atún Claro al Natural Proteina Natural 120 Gr,"26,58 € / 1 Kg","3,19 €",FRINSA
Despensa,"Conservas, aceites y condimentos",Merluza del Cabo Natural Proteina Natural 120 Gr,"26,58 € / 1 Kg","3,19 €",FRINSA
Despensa,"Conservas, aceites y condimentos",Ketchup Original Bolsitas 12 x 10 Gr,"16,58 € / 1 Kg","1,99 €",PRIMA
Despensa,"Conservas, aceites y condimentos",Salsa Mexicana Queso Tarro 300 Gr,"5,63 € / 1 Kg","1,69 €",CONSUM
Despensa,"Conservas, aceites y condimentos",Salsa Mexicana Tarro 300 Gr,"5,63 € / 1 Kg","1,69 €",CONSUM
Despensa,"Conservas, aceites y condimentos",Salsa Guacamole Tarro 300 Gr,"5,63 € / 1 Kg","1,69 €",CONSUM
Despensa,"Conservas, aceites y condimentos",Mayonesa Original Bolsitas 12 x 10 ml,"17,08 € / 1 L","2,05 €",PRIMA
Despensa,"Conservas, aceites y condimentos",Tomate Frito Brik 780 Gr,"2,37 € / 1 Kg","1,85 €",ORLANDO
Despensa,"Conservas, aceites y condimentos",Sazonador para Burritos 30 Gr,"3,30 € / 100 Gr","0,99 €",CONSUM
Despensa,"Conservas, aceites y condimentos",Sazonador para Fajitas 30 Gr,"3,30 € / 100 Gr","0,99 €",CONSUM
Despensa,"Conservas, aceites y condimentos",Cebolla Molida 50 Gr,"45,00 € / 1 Kg","2,25 €",DUCROS
Despensa,"Conservas, aceites y condimentos",Anís Estrellado 10 Gr,"25,90 € / 100 Gr","2,59 €",DUCROS
Despensa,"Conservas, aceites y condimentos",Pimiento Jalapeño Fuerte 26 Gr,"9,96 € / 100 Gr","2,59 €",DUCROS
Despensa,"Conservas, aceites y condimentos",Ajo Picado 52 Gr,"49,04 € / 1 Kg","2,55 €",DUCROS
Despensa,"Conservas, aceites y condimentos",Rodajas Deshidratadas de Naranja 60 Gr,"124,83 € / 1 Kg","7,49 €",COCKTELEA
Despensa,"Conservas, aceites y condimentos",Salsa Sabor Casero Bocabajo 430 Gr,"6,40 € / 1 Kg","2,75 €",CALVÉ
Despensa,"Conservas, aceites y condimentos",Mejillones 20/30 Piezas 69 Gr,"28,26 € / 1 Kg","1,95 €",CABO PEÑAS
Despensa,"Conservas, aceites y condimentos",Salsa para Pizza Lata 400 Gr,"6,88 € / 1 Kg","2,75 €",MUTTI
Despensa,"Conservas, aceites y condimentos",Bonito en Aceite de Oliva 195 Gr,"37,38 € / 1 Kg","7,29 €",CONSORCIO
Despensa,"Conservas, aceites y condimentos",Mejillones de Chile en Escabeche 2 x 95 Gr,"14,68 € / 1 Kg","2,79 €",CABO PEÑAS
Despensa,"Conservas, aceites y condimentos",Mejillones en Escabeche Pack de 3 3 x 43 Gr,"29,38 € / 1 Kg","3,79 €",ISABEL
Despensa,"Conservas, aceites y condimentos",Spray Especial Freidora de Aire 200 ml,"12,45 € / 1 L","2,49 €",LA ESPAÑOLA
Despensa,"Conservas, aceites y condimentos",Aceite 5 Semillas 750 ml,"3,45 € / 1 L","2,59 €",KOIPE
Despensa,"Conservas, aceites y condimentos",Allioli Multipack 4 x 55 ml,"8,41 € / 1 L","1,85 €",CHOVI
Despensa,"Conservas, aceites y condimentos",Salsa Sriracha 256 ml,"22,62 € / 1 L","5,79 €",TABASCO
Despensa,"Conservas, aceites y condimentos",Salsa Agripicante con Chili Dulce 300 ml,"9,67 € / 1 L","2,90 €",TIGER KHAN
Despensa,"Conservas, aceites y condimentos",Sriracha Mayo Botella 200 ml,"16,45 € / 1 L","3,29 €",FLYING DRAGO
Despensa,"Conservas, aceites y condimentos",Aceite de Oliva Virgen Extra Cristal 250 ml,"14,20 € / 1 L","3,55 €",CONSUM
Despensa,"Conservas, aceites y condimentos",Salsa Ligeresa 210 ml,"7,38 € / 1 L","1,55 €",LIGERESA
Despensa,"Conservas, aceites y condimentos",Sardinillas en Tomate 6/10 Piezas 56 Gr,"22,32 € / 1 Kg","1,25 €",CABO PEÑAS
Despensa,"Conservas, aceites y condimentos",Aceite de Oliva Virgen Extra 500 ml,"12,30 € / 1 L","6,15 €",CONSUM
Despensa,"Conservas, aceites y condimentos",Aderezo Drink Mix 1 U,"3,75 € / 1 U","3,75 €",COCKTELEA
Despensa,"Conservas, aceites y condimentos",Salsa de Ostras Botella 300 ml,"9,50 € / 1 L","2,85 €",TIGER KHAN
Despensa,"Conservas, aceites y condimentos",Salsa Hoisin Botella 300 ml,"11,97 € / 1 L","3,59 €",TIGER KHAN
Despensa,"Conservas, aceites y condimentos",Salsa Ligeresa 425 ml,"6,24 € / 1 L","2,65 €",LIGERESA
Despensa,"Conservas, aceites y condimentos",Aceite de Oliva Virgen Extra Cristal 500 ml,"16,90 € / 1 L","8,45 €",FINCA BADENE
Despensa,"Conservas, aceites y condimentos",Aceite de Oliva Virgen Extra 1 L,"10,85 € / 1 L","10,85 €",AIRES
Despensa,"Conservas, aceites y condimentos",Salsa Soja Baja en Sal y Sin Gluten 150 ml,"13,27 € / 1 L","1,99 €",TIGER KHAN
Despensa,"Conservas, aceites y condimentos",Aceite de Oliva Intenso 3 L,"9,20 € / 1 L","27,60 €",CONSUM
Despensa,"Conservas, aceites y condimentos",Aceite de Oliva Suave 3 L,"9,20 € / 1 L","27,60 €",CONSUM
Despensa,"Conservas, aceites y condimentos",Mayonesa 540 ml,"4,17 € / 1 L","2,25 €",MUSA
Despensa,"Conservas, aceites y condimentos",Salsa Teriyaki Botella 300 ml,"9,17 € / 1 L","2,75 €",TIGER KHAN
Despensa,"Conservas, aceites y condimentos",Aceite de Oliva Virgen Extra 2 L,"12,83 € / 1 L","25,65 €",AIRES
Despensa,"Conservas, aceites y condimentos",Filete de Atún al Natural 126 Gr,"31,67 € / 1 Kg","3,99 €",CALVO
Despensa,"Conservas, aceites y condimentos",Atún en Aceite de Girasol Vuelca Fácil 4 x 52 Gr,"16,78 € / 1 Kg","3,49 €",CALVO
Despensa,"Conservas, aceites y condimentos",Pesto Genovese 175 Gr,"18,00 € / 1 Kg","3,15 €",GAROFALO
Despensa,"Conservas, aceites y condimentos",Salero Sal Fina 250 Gr,"3,00 € / 1 Kg","0,75 €",CONSUM
Despensa,"Conservas, aceites y condimentos",Salsa Agridulce Frasco 300 ml,"9,83 € / 1 L","2,95 €",TIGER KHAN
Despensa,"Conservas, aceites y condimentos",Puerros Enteros Frasco 400 Gr,"8,50 € / 1 Kg","3,40 €",LEYENDA
Despensa,"Conservas, aceites y condimentos",Sal en Escamas 125 Gr,"19,92 € / 1 Kg","2,49 €",HALOS
Despensa,"Conservas, aceites y condimentos",Sal Rosa del Himalya 250 Gr,"9,96 € / 1 Kg","2,49 €",HALOS
Despensa,"Conservas, aceites y condimentos",Berberechos al Natural 55/75 Piezas 63 Gr,"62,70 € / 1 Kg","3,95 €",CONSUM
Despensa,"Conservas, aceites y condimentos",Berberechos al Natural 30/45 Piezas 63 Gr,"95,08 € / 1 Kg","5,99 €",CONSUM
Despensa,"Conservas, aceites y condimentos",Bechamel Sin Gluten Minibrik Pack de 3 3 x 200 ml,"4,65 € / 1 L","2,79 €",ASTURIANA
Despensa,"Conservas, aceites y condimentos",Bonito del Norte en Escabeche 2 x 47 Gr,"40,32 € / 1 Kg","3,79 €",ORTIZ
Despensa,"Conservas, aceites y condimentos",Maíz Dulce Lata 4 x 70 Gr,"6,04 € / 1 Kg","1,69 €",CONSUM
Despensa,"Conservas, aceites y condimentos",Bonito del Norte en Aceite de Oliva 2 x 47 Gr,"42,02 € / 1 Kg","3,95 €",ORTIZ
Despensa,"Conservas, aceites y condimentos",Sal en Escamas Ahumadas 125 Gr,"26,32 € / 1 Kg","3,29 €",HALOS
Despensa,"Conservas, aceites y condimentos",Escalivada con Cebolla Bandeja 250 Gr,"11,16 € / 1 Kg","2,79 €",SUQUIPA
Despensa,"Conservas, aceites y condimentos",Judia Verde en Tiras Frasco 350 Gr,"9,00 € / 1 Kg","3,15 €",GUTARRA
Despensa,"Conservas, aceites y condimentos",Setas Cultivo Troceadas Tarro 155 Gr,"9,61 € / 1 Kg","1,49 €",CELORRIO
Despensa,"Conservas, aceites y condimentos",Judías Verdes Extra Finas 345 Gr,"6,64 € / 1 Kg","2,29 €",CELORRIO
Despensa,"Conservas, aceites y condimentos",Berberechos al Natural XS 63 Gr,"47,46 € / 1 Kg","2,99 €",CONSUM
Despensa,"Conservas, aceites y condimentos",Caracoles de Mar al Natural 63 Gr,"47,46 € / 1 Kg","2,99 €",CONSUM
Despensa,"Conservas, aceites y condimentos",Filetes de Caballa de Andalucía Ac.Girasol 80 Gr,"24,88 € / 1 Kg","1,99 €",PESASUR
Despensa,"Conservas, aceites y condimentos","Ventresca de Bonito en Aceite de Oliva 72,5 Gr","89,52 € / 1 Kg","6,49 €",CABO PEÑAS
Despensa,"Conservas, aceites y condimentos",Atún Claro en Aceite de Girasol 82 Gr,"31,10 € / 1 Kg","2,55 €",ALBO
Despensa,"Conservas, aceites y condimentos",Mejillones en Salsa Brava 13/18 63 Gr,"34,13 € / 1 Kg","2,15 €",CONSUM
Despensa,"Conservas, aceites y condimentos",Mejillones a la Vinagreta 13/18 Piezas 63 Gr,"34,13 € / 1 Kg","2,15 €",CONSUM
Despensa,"Conservas, aceites y condimentos",Filetes de Melva en Aceite de Oliva 78 Gr,"26,79 € / 1 Kg","2,09 €",CONSUM
Despensa,"Conservas, aceites y condimentos",Almejas Blancas al Natural 63 Gr,"47,46 € / 1 Kg","2,99 €",CONSUM
Despensa,"Conservas, aceites y condimentos",Almejones al Natural 63 Gr,"23,65 € / 1 Kg","1,49 €",CONSUM
Despensa,"Conservas, aceites y condimentos",Salsa Ligera 400 ml,"5,13 € / 1 L","2,05 €",YBARRA
Despensa,"Conservas, aceites y condimentos",Vinagre de Manzana Sin Filtrar 500 ml,"3,40 € / 1 L","1,70 €",V.RIOJANAS
Despensa,"Conservas, aceites y condimentos",Aceite de Oliva Sin Filtrar 250 ml,"13,96 € / 1 L","3,49 €",AIRES
Despensa,"Conservas, aceites y condimentos",Lunch Bowl de Zanahoria Garbanzos-Maíz-Quinoa 250 Gr,"11,96 € / 1 Kg","2,99 €",BONDUELLE
Despensa,"Conservas, aceites y condimentos",Spray Aceite de Oliva Virgen Extra 200 ml,"19,95 € / 1 L","3,99 €",LA ESPAÑOLA
Despensa,"Conservas, aceites y condimentos",Spray Aceite de Oliva Virgen Extra a la Trufa 200 ml,"19,95 € / 1 L","3,99 €",LA ESPAÑOLA
Despensa,"Conservas, aceites y condimentos",Mejillón en Escabeche 8/12 Piezas 69 Gr,"43,33 € / 1 Kg","2,99 €",FRISCOS
Despensa,"Conservas, aceites y condimentos",Salero Sal Baja en Sodio 250 Gr,"9,00 € / 1 Kg","2,25 €",CHALUPA
Despensa,"Conservas, aceites y condimentos",Mejillones al Natural 13/18 Piezas 69 Gr,"28,84 € / 1 Kg","1,99 €",GALICA
Despensa,"Conservas, aceites y condimentos",Alcachofas 6/8 Lata 240 Gr,"11,04 € / 1 Kg","2,65 €",CYNARA
Despensa,"Conservas, aceites y condimentos",Cuartos de Alcachofa Lata 240 Gr,"9,79 € / 1 Kg","2,35 €",CYNARA
Despensa,"Conservas, aceites y condimentos",Alcachofas 8/12 Frasco 175 Gr,"13,43 € / 1 Kg","2,35 €",CYNARA
Despensa,"Conservas, aceites y condimentos",Alcachofas 10/12 Frasco 175 Gr,"18,00 € / 1 Kg","3,15 €",CYNARA
Despensa,"Conservas, aceites y condimentos",Set Monodosis Aceite Vinagre Sal 15 U,"0,13 € / 1 U","1,99 €",CAPRICHO
Despensa,"Conservas, aceites y condimentos",Salsa Allipebre Tarro 290 Gr,"12,03 € / 1 Kg","3,49 €",SAMARE
Despensa,"Desayuno, dulces y café",Harina de Trigo Paquete 1 Kg,"1,15 € / 1 Kg","1,39 €
1,15 €",GALLO
Despensa,"Desayuno, dulces y café",Chocolate a la Taza Brik 1 L,"2,30 € / 1 L","2,60 €
2,30 €",RAM
Despensa,"Desayuno, dulces y café",Galletas Creme Tropical 800 Gr,"3,69 € / 1 Kg","3,45 €
2,95 €",GULLON
Despensa,"Desayuno, dulces y café",Salvado All Bran 375 Gr,"9,84 € / 1 Kg","3,69 €",KELLOGG'S
Despensa,"Desayuno, dulces y café",Chocolate Puro con Almendras 250 Gr,"13,80 € / 1 Kg","3,90 €
3,45 €",VALOR
Despensa,"Desayuno, dulces y café",Cacao Instantáneo 390 Gr,"8,44 € / 1 Kg","3,29 €",NESQUIK
Despensa,"Desayuno, dulces y café",Cafe Soluble Natural Tarro 100 Gr,"39,90 € / 1 Kg","4,30 €
3,99 €",NESCAFE
Despensa,"Desayuno, dulces y café",Café Descafeinado Soluble 100 Gr,"39,90 € / 1 Kg","4,30 €
3,99 €",NESCAFE
Despensa,"Desayuno, dulces y café",Café Molido Natural 250 Gr,"13,80 € / 1 Kg","3,45 €",MARCILLA
Despensa,"Desayuno, dulces y café",Café Molido Mezcla 50/50 250 Gr,"13,80 € / 1 Kg","3,45 €",MARCILLA
Despensa,"Desayuno, dulces y café",Valencianas 12 Unidades 350 Gr,"5,11 € / 1 Kg","2,29 €
1,79 €",DULCESOL
Despensa,"Desayuno, dulces y café",Cacao en Polvo a la Taza 500 Gr,"5,50 € / 1 Kg","3,25 €
2,75 €",VALOR
Despensa,"Desayuno, dulces y café",Chocolate con Leche y Almendras 250 Gr,"13,80 € / 1 Kg","3,90 €
3,45 €",VALOR
Despensa,"Desayuno, dulces y café",Turrón Viena Pack de 6 6 x 30 Gr,"7,50 € / 1 Kg","1,50 €
1,35 €",MEIVEL
Despensa,"Desayuno, dulces y café",Galleta Chips Chocolate sin Azúcares 125 Gr,"12,40 € / 1 Kg","2,05 €
1,55 €",GULLON ZERO
Despensa,"Desayuno, dulces y café",Galletas Fibra sin Azúcares 170 Gr,"9,12 € / 1 Kg","2,05 €
1,55 €",GULLON ZERO
Despensa,"Desayuno, dulces y café",Café 100% Colombia Molido 250 Gr,"13,56 € / 1 Kg","4,05 €
3,39 €",VALIENTE
Despensa,"Desayuno, dulces y café",Galletas María Pack de 4 4 x 200 Gr,"1,94 € / 1 Kg","1,60 €
1,55 €",CONSUM
Despensa,"Desayuno, dulces y café",Galletas Doradas Pack de 4 4 x 200 Gr,"1,94 € / 1 Kg","1,60 €
1,55 €",CONSUM
Despensa,"Desayuno, dulces y café",Galleta Maria Integral 800 Gr,"2,00 € / 1 Kg","1,65 €
1,60 €",CONSUM
Despensa,"Desayuno, dulces y café",Galleta María sin Azúcares 400 Gr,"5,38 € / 1 Kg","2,65 €
2,15 €",GULLON ZERO
Despensa,"Desayuno, dulces y café",Magdalenas Redondas 615 Gr,"3,41 € / 1 Kg","2,19 €
2,10 €",CONSUM
Despensa,"Desayuno, dulces y café",Ensaimadas 6 Unidades 220 Gr,"4,32 € / 1 Kg","1,15 €
0,95 €",CONSUM
Despensa,"Desayuno, dulces y café",Galletas Digestive 800 Gr,"2,19 € / 1 Kg","1,80 €
1,75 €",CONSUM
Despensa,"Desayuno, dulces y café",Bizcochitos All Bran Cereales 6U 240 Gr,"16,63 € / 1 Kg","3,99 €",KELLOGG'S
Despensa,"Desayuno, dulces y café",Galletas Digestive Avena con Chocolate 425 Gr,"4,12 € / 1 Kg","2,19 €
1,75 €",GULLON
Despensa,"Desayuno, dulces y café",Galletas de Cacao Rellenas de Crema 154 Gr,"7,73 € / 1 Kg","1,45 €
1,19 €",OREO
Despensa,"Desayuno, dulces y café",Chocolate Relleno Caramelo 100 Gr,"12,90 € / 1 Kg","1,55 €
1,29 €",MILKA
Despensa,"Desayuno, dulces y café",Cacao Puro en Polvo sin Azúcar 250 Gr,"17,16 € / 1 Kg","4,29 €",VALOR
Despensa,"Desayuno, dulces y café",Chocolate con Oreo 100 Gr,"12,90 € / 1 Kg","1,55 €
1,29 €",MILKA
Despensa,"Desayuno, dulces y café",Mermelada Fresa de Temporada 350 Gr,"8,54 € / 1 Kg","2,99 €",HERO
Despensa,"Desayuno, dulces y café",Galleta Dinosaurus 329 Gr,"7,56 € / 1 Kg","2,89 €
2,49 €",ARTIACH
Despensa,"Desayuno, dulces y café",Mermelada de Higos De Temporada 350 Gr,"8,54 € / 1 Kg","2,99 €",HERO
Despensa,"Desayuno, dulces y café",Kinder Bueno 2 Unidades Pack 3 135 Gr,"22,15 € / 1 Kg","2,99 €",KINDER
Despensa,"Desayuno, dulces y café",Jengibre Con Limón 20 Bolsitas 20 U,"0,11 € / 1 U","2,50 €
2,09 €",POMPADOUR
Despensa,"Desayuno, dulces y café",Donuts Glace 4 Unidades 208 Gr,"13,70 € / 1 Kg","2,85 €",DONUTS
Despensa,"Desayuno, dulces y café",Cereales Lion Caramelo y Chocolate 400 Gr,"8,48 € / 1 Kg","3,99 €
3,39 €",NESTLE
Despensa,"Desayuno, dulces y café",Harina de Repostería Paquete 1 Kg,"1,35 € / 1 Kg","1,63 €
1,35 €",GALLO
Despensa,"Desayuno, dulces y café",Kinder Bueno White 2 Unidades Pack 3 117 Gr,"25,56 € / 1 Kg","2,99 €",KINDER
Despensa,"Desayuno, dulces y café","Kit Kat Pack de 9 Barritas 9 x 20,7 Gr","12,29 € / 1 Kg","2,99 €
2,29 €",NESTLE
Despensa,"Desayuno, dulces y café",Cereales Chocapic 500 Gr,"5,98 € / 1 Kg","3,59 €
2,99 €",NESTLE
Despensa,"Desayuno, dulces y café",Chocolate Líquido a la Taza Brik 1 L,"2,20 € / 1 L","2,30 €
2,20 €",CONSUM
Despensa,"Desayuno, dulces y café",Té Verde con Jengibre Sabor Naranja 20 U,"0,11 € / 1 U","2,50 €
2,09 €",POMPADOUR
Despensa,"Desayuno, dulces y café",Café Soluble Natural Vitalissimo 200 Gr,"29,45 € / 1 Kg","6,95 €
5,89 €",NESCAFE
Despensa,"Desayuno, dulces y café",Chocolate con Leche Extrafino Pack 3 x 125 Gr,"7,97 € / 1 Kg","3,89 €
2,99 €",NESTLE
Despensa,"Desayuno, dulces y café",Chocolate Extrafino Avellanas 123 Gr,"10,16 € / 1 Kg","1,69 €
1,25 €",NESTLE
Despensa,"Desayuno, dulces y café",Chocolate Extrafino con Almendras 123 Gr,"10,16 € / 1 Kg","1,69 €
1,25 €",NESTLE
Despensa,"Desayuno, dulces y café",Galleta Rellena de Crema Golden 154 Gr,"8,76 € / 1 Kg","1,55 €
1,35 €",OREO
Despensa,"Desayuno, dulces y café",Galleta Dorada al Horno sin Azúcares 330 Gr,"8,33 € / 1 Kg","3,25 €
2,75 €",GULLON ZERO
Despensa,"Desayuno, dulces y café",Galletas de Cacao Rellenas de Crema 220 Gr,"8,59 € / 1 Kg","2,25 €
1,89 €",OREO
Despensa,"Desayuno, dulces y café",Donuts Bombón 4 Unidades 220 Gr,"13,41 € / 1 Kg","2,95 €",DONUTS
Despensa,"Desayuno, dulces y café",Galletas Digestive sin Azúcares 400 Gr,"4,98 € / 1 Kg","2,65 €
1,99 €",GULLON ZERO
Despensa,"Desayuno, dulces y café",Galletas Campurrianas Caja 466 Gr,"6,42 € / 1 Kg","2,99 €",CUETARA
Despensa,"Desayuno, dulces y café",Galleta de Cacao Rellena con Doble Crema 185 Gr,"8,92 € / 1 Kg","1,95 €
1,65 €",OREO
Despensa,"Desayuno, dulces y café",Galleta Sandwich Chocolate sin Azúcares 250 Gr,"6,20 € / 1 Kg","2,05 €
1,55 €",GULLON ZERO
Despensa,"Desayuno, dulces y café",Galleta Animals Tostada 600 Gr,"2,66 € / 1 Kg","1,70 €
1,60 €",CONSUM KIDS
Despensa,"Desayuno, dulces y café",Medallones Queso Cabra 200 Gr,"14,90 € / 1 Kg","3,32 €
2,98 €",PRESIDENT
Despensa,"Desayuno, dulces y café","Cacao Instantáneo Caja 2,7 Kg","4,44 € / 1 Kg","13,45 €
11,99 €",NESQUIK
Despensa,"Desayuno, dulces y café",Harina de Fuerza Paquete 1 Kg,"1,49 € / 1 Kg","1,78 €
1,49 €",GALLO
Despensa,"Desayuno, dulces y café",Galletas Mini de Cacao Rellenas de Crema 160 Gr,"10,31 € / 1 Kg","1,99 €
1,65 €",OREO
Despensa,"Desayuno, dulces y café",Cereales Krave Chocolate-Avellana 375 Gr,"8,76 € / 1 Kg","4,25 €
3,59 €",KELLOGG'S
Despensa,"Desayuno, dulces y café",Cereales Fitness Con Chocolate Negro 375 Gr,"7,60 € / 1 Kg","3,49 €
2,85 €",NESTLE
Despensa,"Desayuno, dulces y café",Flakes de Avena 550 Gr,"5,91 € / 1 Kg","3,25 €",OATIBIX
Despensa,"Desayuno, dulces y café",Mini Galletas Sin Gluten Hookies Sharkies 250 Gr,"9,40 € / 1 Kg","2,89 €
2,35 €",GULLON
Despensa,"Desayuno, dulces y café",Galleta Digestive Avena Naranja 425 Gr,"4,12 € / 1 Kg","2,19 €
1,75 €",GULLON
Despensa,"Desayuno, dulces y café",Crema de Cacao 0% Azúcar 180 Gr,"13,27 € / 1 Kg","2,85 €
2,39 €",NOCILLA
Despensa,"Desayuno, dulces y café",Cereales Frosties 400 Gr,"8,48 € / 1 Kg","3,99 €
3,39 €",KELLOGG'S
Despensa,"Desayuno, dulces y café",Smacks Trigo Inflado 400 Gr,"8,48 € / 1 Kg","3,99 €
3,39 €",KELLOGG'S
Despensa,"Desayuno, dulces y café",Jengibre con Mango 20 Bolsitas 20 U,"0,11 € / 1 U","2,50 €
2,09 €",POMPADOUR
Despensa,"Desayuno, dulces y café",Preparado para hornear 5 Sobres 80 Gr,"24,88 € / 1 Kg","2,25 €
1,99 €",ROYAL
Despensa,"Desayuno, dulces y café",Cereales Estrellitas 270 Gr,"7,37 € / 1 Kg","2,69 €
1,99 €",NESTLE
Despensa,"Desayuno, dulces y café",Café Blonde Espresso 10 Cápsulas 10 U,"0,43 € / 1 U","4,25 €",STARBUCKS
Despensa,"Desayuno, dulces y café",Café Pike Place Lungo 10 Cápsulas 10 U,"0,43 € / 1 U","4,25 €",STARBUCKS
Despensa,"Desayuno, dulces y café",Café Espresso Roast Descafeinado 10 U,"0,43 € / 1 U","4,25 €",STARBUCKS
Despensa,"Desayuno, dulces y café",Café Espresso Roast Dark 10 U,"0,43 € / 1 U","4,25 €",STARBUCKS
Despensa,"Desayuno, dulces y café","Cacao Soluble Caja Más Regalo 2,5 Kg","6,00 € / 1 Kg","15,99 €
14,99 €",COLA CAO
Despensa,"Desayuno, dulces y café",Donuts Fondant 4 Unidades 228 Gr,"12,94 € / 1 Kg","2,95 €",
Despensa,"Desayuno, dulces y café",Mermelada Melocotón de Temporada 350 Gr,"8,54 € / 1 Kg","2,99 €",HERO
Despensa,"Desayuno, dulces y café",Café Espreso Colombia 10 U,"0,43 € / 1 U","4,25 €",STARBUCKS
Despensa,"Desayuno, dulces y café",Cafe Espreso House Blend 10 U,"0,43 € / 1 U","4,25 €",STARBUCKS
Despensa,"Desayuno, dulces y café",Café Espreso Verona 10 U,"0,43 € / 1 U","4,25 €",STARBUCKS
Despensa,"Desayuno, dulces y café",Bizcochos Naranja sin az. añadidos y Sin Leche 500 Gr,"6,64 € / 1 Kg","2,99 €",LALY
Despensa,"Desayuno, dulces y café",Barquillo Sabor Vainilla sin Azúcares 180 Gr,"8,61 € / 1 Kg","2,05 €
1,55 €",GULLON ZERO
Despensa,"Desayuno, dulces y café",Barquillo Chocolate sin Azúcares 180 Gr,"8,61 € / 1 Kg","2,05 €
1,55 €",GULLON ZERO
Despensa,"Desayuno, dulces y café",Chocolate Blanco con Galleta Oreo 100 Gr,"12,90 € / 1 Kg","1,55 €
1,29 €",MILKA
Despensa,"Desayuno, dulces y café",Crema Cacao Chocoleche 0% Azúcar 180 Gr,"13,27 € / 1 Kg","2,85 €
2,39 €",NOCILLA
Despensa,"Desayuno, dulces y café",Manzanilla 20 Bolsitas 20 U,"0,03 € / 1 U","0,60 €
0,55 €",CONSUM
Despensa,"Desayuno, dulces y café",Tortitas Panquecas 280 Gr,"8,90 € / 1 Kg","2,95 €
2,49 €",PASQUIER
Despensa,"Desayuno, dulces y café",Infusión Digest 20 Bolsitas 20 U,"0,06 € / 1 U","1,10 €
1,05 €",CONSUM
Despensa,"Desayuno, dulces y café",Cookies Nocilla Crema Leche 120 Gr,"16,25 € / 1 Kg","2,29 €
1,95 €",NOCILLA
Despensa,"Desayuno, dulces y café",Cookies Nocilla Original 120 Gr,"16,25 € / 1 Kg","2,29 €
1,95 €",NOCILLA
Despensa,"Desayuno, dulces y café",Copos Avena Integral Ecológicos 500 Gr,"4,50 € / 1 Kg","2,49 €
2,25 €",CONSUM ECO
Despensa,"Desayuno, dulces y café",Jengibre con Cúrcuma 20 Bolsitas 20 U,"0,11 € / 1 U","2,50 €
2,09 €",POMPADOUR
Despensa,"Desayuno, dulces y café","Levadura Panadería 5 Unidades 27,5 Gr","7,82 € / 100 Gr","2,15 €",ROYAL
Despensa,"Desayuno, dulces y café",Galletas Animals Kids 330 Gr,"4,97 € / 1 Kg","1,69 €
1,64 €",CONSUM
Despensa,"Desayuno, dulces y café",Donettes Clásicos 8 Unidades 152 Gr,"17,43 € / 1 Kg","2,65 €",DONUTS
Despensa,"Desayuno, dulces y café",Brownies de Chocolate 90 Calorías 150 Gr,"18,33 € / 1 Kg","3,15 €
2,75 €",FIBRE ONE
Despensa,"Desayuno, dulces y café",Barrita Cereales Crunchy Avena y Miel Pack 5 210 Gr,"9,47 € / 1 Kg","2,59 €
1,99 €",NAT.VALLEY
Despensa,"Desayuno, dulces y café",Barrita Cereales Crunchy Avena y Choco Negro P.5 210 Gr,"9,47 € / 1 Kg","2,59 €
1,99 €",NAT.VALLEY
Despensa,"Desayuno, dulces y café",Barrita Cereales Protein Cacahuete y Chocolate 160 Gr,"20,31 € / 1 Kg","3,69 €
3,25 €",NAT.VALLEY
Despensa,"Desayuno, dulces y café",Galletas Cookies con pepitas de chocolate 225gr,"5,11 € / 1 Kg","1,20 €
1,15 €",CONSUM
Despensa,"Desayuno, dulces y café",Mini Magdalenas con Pepitas Chocolate 190 Gr,"15,74 € / 1 Kg","2,99 €",BAKERY
Despensa,"Desayuno, dulces y café",Cereales Choco Krispies Chocos 420 Gr,"8,07 € / 1 Kg","3,99 €
3,39 €",KELLOGG'S
Despensa,"Desayuno, dulces y café",Trigo Integral Miel 375 Gr,"4,77 € / 1 Kg","2,25 €
1,79 €",ESGIR
Despensa,"Desayuno, dulces y café",Crema Cacao Noir Vaso Cristal 180 Gr,"13,27 € / 1 Kg","2,85 €
2,39 €",NOCILLA
Despensa,"Desayuno, dulces y café",Confitura Naranja Amarga de Temporada 365 Gr,"8,19 € / 1 Kg","2,99 €",HERO
Despensa,"Desayuno, dulces y café",Mermelada de Cereza de Temporada 350 Gr,"8,54 € / 1 Kg","2,99 €",HERO
Despensa,"Desayuno, dulces y café",Galleta Mini Cookies 110 Gr,"18,09 € / 1 Kg","1,99 €",MILKA
Despensa,"Desayuno, dulces y café",Galleta Mini Crunchy Bites 110 Gr,"18,09 € / 1 Kg","1,99 €",OREO
Despensa,"Desayuno, dulces y café",Cafe Molido Crema e Gusto 250 Gr,"10,36 € / 1 Kg","3,49 €
2,59 €",LAVAZZA
Despensa,"Desayuno, dulces y café",Café Grano Colombia 500 Gr,"15,98 € / 1 Kg","9,50 €
7,99 €",BONKA
Despensa,"Desayuno, dulces y café",Café Guatemala 10 Cápsulas 10 U,"0,43 € / 1 U","4,25 €",STARBUCKS
Despensa,"Desayuno, dulces y café",Jengibre Puro 20 Bolsitas 20 U,"0,11 € / 1 U","2,50 €
2,09 €",POMPADOUR
Despensa,"Desayuno, dulces y café",Galleta Cookies & Cream 120 Gr,"16,25 € / 1 Kg","2,29 €
1,95 €",NOCILLA
Despensa,"Desayuno, dulces y café",Galleta de Cacao Rellena Frambuesa y Vainilla 157 Gr,"8,22 € / 1 Kg","1,49 €
1,29 €",OREO REMIX
Despensa,"Desayuno, dulces y café",Crema Untar Cookies & Cream 180 Gr,"13,27 € / 1 Kg","2,85 €
2,39 €",NOCILLA
Despensa,"Desayuno, dulces y café",Sandwich Chocolate sin Gluten 225 Gr,"12,84 € / 1 Kg","2,89 €",GULLON
Despensa,"Desayuno, dulces y café","Muffin Chocolate Sin GLuten, 5 Unidades 225 Gr","12,85 € / 1 Kg","3,39 €
2,89 €",SCHÄR
Despensa,"Desayuno, dulces y café",Crema de Cacao Original 620 Gr,"7,40 € / 1 Kg","5,45 €
4,59 €",NOCILLA
Despensa,"Desayuno, dulces y café",Galleta Tosta Rica Oceanix 400 Gr,"7,50 € / 1 Kg","3,99 €
3,00 €",CUETARA
Despensa,"Desayuno, dulces y café",Infusión Curcuma Canela y Vainilla 20Bolsita 20 U,"0,11 € / 1 U","2,50 €
2,09 €",POMPADOUR
Despensa,"Desayuno, dulces y café",Cereales Choco Chips Sin Gluten 500 Gr,"3,18 € / 1 Kg","1,85 €
1,59 €",CERIDÉS
Despensa,"Desayuno, dulces y café",Cafe Intenso 20 Cápsulas 20 U,"0,18 € / 1 U","3,60 €
3,50 €",CONSUM
Despensa,"Desayuno, dulces y café",Café Extra Intenso 20 Cápsulas 20 U,"0,18 € / 1 U","3,60 €
3,50 €",CONSUM
Despensa,"Desayuno, dulces y café",Café Ristretto 20 cápsulas 20 U,"0,18 € / 1 U","3,60 €
3,50 €",CONSUM
Despensa,"Desayuno, dulces y café",Café Colombia 20 Cápsulas 20 U,"0,18 € / 1 U","3,65 €
3,55 €",CONSUM
Despensa,"Desayuno, dulces y café",Galleta Dinosaurus Chocolate Blanco 264 Gr,"11,33 € / 1 Kg","2,99 €",ARTIACH
Despensa,"Desayuno, dulces y café",Galleta Dinosaurus Chocolate con Leche 255 Gr,"11,73 € / 1 Kg","2,99 €",ARTIACH
Despensa,"Desayuno, dulces y café",Café Descafeinado 20 cápsulas 20 U,"0,18 € / 1 U","3,60 €
3,50 €",CONSUM
Despensa,"Desayuno, dulces y café",Galleta Mini Wafers 110 Gr,"17,73 € / 1 Kg","1,95 €",MILKA
Despensa,"Desayuno, dulces y café",Barrita de Cereales Chocolate con Leche 138 Gr,"9,35 € / 1 Kg","1,55 €
1,29 €",JOE'S FARM
Despensa,"Desayuno, dulces y café",Café Puro Arábica Espresso 10 Cápsulas 10 U,"0,32 € / 1 U","3,19 €",MARCILLA
Despensa,"Desayuno, dulces y café",Café Puro Arábica Colombia 10 Cápsulas 10 U,"0,32 € / 1 U","3,19 €",MARCILLA
Despensa,"Desayuno, dulces y café",Filipino Chocolate Blanco 128 Gr,"10,94 € / 1 Kg","1,40 €",ARTIACH
Despensa,"Desayuno, dulces y café",Filipino Chocolate Negro 128 Gr,"10,94 € / 1 Kg","1,40 €",ARTIACH
Despensa,"Desayuno, dulces y café",Cacao Instantáneo Bolsa 1 Kg,"5,99 € / 1 Kg","5,99 €",NESQUIK
Despensa,"Desayuno, dulces y café",Café Express Molido Mezcla 250 Gr,"15,96 € / 1 Kg","3,99 €",MARCILLA
Despensa,"Desayuno, dulces y café",Café Creme Express Molido Descafeinado 250 Gr,"15,96 € / 1 Kg","3,99 €",MARCILLA
Despensa,"Desayuno, dulces y café",Chocolate en Polvo 250 Gr,"4,60 € / 1 Kg","1,15 €",MEIVEL
Despensa,"Desayuno, dulces y café",Café Molido Descafeinado 250 Gr,"15,16 € / 1 Kg","3,79 €",BONKA
Despensa,"Desayuno, dulces y café",Café Molido Natural 250 Gr,"11,96 € / 1 Kg","2,99 €",BONKA
Despensa,"Desayuno, dulces y café",Poleo Menta 25 Bolsitas 25 U,"0,09 € / 1 U","2,15 €",POMPADOUR
Despensa,"Desayuno, dulces y café",Manzanilla con Anis 25 Bolsitas 25 U,"0,09 € / 1 U","2,15 €",POMPADOUR
Despensa,"Desayuno, dulces y café",Tila 25 Bolsitas 25 U,"0,09 € / 1 U","2,15 €",POMPADOUR
Despensa,"Desayuno, dulces y café",Café Molido Mezcla 70/30 250 Gr,"11,96 € / 1 Kg","2,99 €",BONKA
Despensa,"Desayuno, dulces y café",Chocolate Puro 300 Gr,"12,67 € / 1 Kg","3,80 €",VALOR
Despensa,"Desayuno, dulces y café",Bombones Caja Roja 400 Gr,"28,73 € / 1 Kg","11,49 €",NESTLE
Despensa,"Desayuno, dulces y café",Cafe Soluble Natural Tarro 200 Gr,"33,25 € / 1 Kg","6,65 €",NESCAFE
Despensa,"Desayuno, dulces y café",Café Descafeinado Soluble 200 Gr,"33,25 € / 1 Kg","6,65 €",NESCAFE
Despensa,"Desayuno, dulces y café",Huevo Kinder Sorpresa Unidad 20 Gr,"6,50 € / 100 Gr","1,30 €",KINDER
Despensa,"Desayuno, dulces y café",Preparado de Cuajada 4 Sobres 48 Gr,"3,02 € / 100 Gr","1,45 €",ROYAL
Despensa,"Desayuno, dulces y café",Flan de Vainilla 8 Unidades 186 Gr,"9,68 € / 1 Kg","1,80 €",ROYAL
Despensa,"Desayuno, dulces y café",Café Descafeinado Soluble 20 Gr,"6,50 € / 100 Gr","1,30 €",NESCAFE
Despensa,"Desayuno, dulces y café",Galletas la Buena Maria 800 Gr,"4,13 € / 1 Kg","3,30 €",FONTANEDA
Despensa,"Desayuno, dulces y café",Chocolate Crujiente 100 Gr,"16,90 € / 1 Kg","1,69 €",CRUNCH
Despensa,"Desayuno, dulces y café",Manzanilla 25 Bolsitas 25 U,"0,09 € / 1 U","2,15 €",POMPADOUR
Despensa,"Desayuno, dulces y café",Huesitos Multipack 10 Unidades 10 x 20 Gr,"12,25 € / 1 Kg","2,45 €",HUESITOS
Despensa,"Desayuno, dulces y café","Kit Kat Pack de 3 3 x 41,5 Gr","17,27 € / 1 Kg","2,15 €",NESTLE
Despensa,"Desayuno, dulces y café",Bombones Caja Roja 200 Gr,"31,45 € / 1 Kg","6,29 €",NESTLE
Despensa,"Desayuno, dulces y café",Kinder Bueno 43 Gr,"2,67 € / 100 Gr","1,15 €",KINDER
Despensa,"Desayuno, dulces y café",Chocolate 70% Cacao Excellence 100 Gr,"32,50 € / 1 Kg","3,25 €",LINDT
Despensa,"Desayuno, dulces y café",Confitura Diet Arándano y Frambuesa 280 Gr,"10,68 € / 1 Kg","2,99 €",HERO
Despensa,"Desayuno, dulces y café",Gelatina Neutra 20 Gr,"11,25 € / 100 Gr","2,25 €",ROYAL
Despensa,"Desayuno, dulces y café",Caramelos con Palo Bolsa 10 Unidades 120 Gr,"13,75 € / 1 Kg","1,65 €",CHUPA-CHUPS
Despensa,"Desayuno, dulces y café",Caramelos Toffe 135 Gr,"14,44 € / 1 Kg","1,95 €",WERTHERS
Despensa,"Desayuno, dulces y café",Chocoswing Galleta 300 Gr,"11,67 € / 1 Kg","3,50 €",MILKA
Despensa,"Desayuno, dulces y café",Cacao Soluble 6 Raciones Individuales 108 Gr,"23,06 € / 1 Kg","2,49 €",COLA CAO
Despensa,"Desayuno, dulces y café",Hojas de Boldo 20 Bolsitas 20 U,"0,13 € / 1 U","2,50 €",POMPADOUR
Despensa,"Desayuno, dulces y café",Infusion de Hinojo 20 Bolsitas 20 U,"0,13 € / 1 U","2,50 €",POMPADOUR
Despensa,"Desayuno, dulces y café",Fartons Tradicionales Paquete 6 Unidades.120 Gr,"10,83 € / 1 Kg","1,30 €",POLO
Despensa,"Desayuno, dulces y café",Confitura Diet Melocotón 280 Gr,"9,61 € / 1 Kg","2,69 €",HERO
Despensa,"Desayuno, dulces y café",Malta Molida 500 Gr,"3,50 € / 1 Kg","1,75 €",MIGUELETE
Despensa,"Desayuno, dulces y café","Gasificante Especial Para Bollería 39,5 Gr","1,39 € / 100 Gr","0,55 €",LA BANDERA
Despensa,"Desayuno, dulces y café",Galletas Artinata 210 Gr,"12,14 € / 1 Kg","2,55 €",ARTIACH
Despensa,"Desayuno, dulces y café",Té Verde 25 Bolsitas 25 U,"0,10 € / 1 U","2,50 €",POMPADOUR
Despensa,"Desayuno, dulces y café",Chocolate 85% Cacao Excellence 100 Gr,"32,50 € / 1 Kg","3,25 €",LINDT
Despensa,"Desayuno, dulces y café","Chicles Stick Sabor Hierbabuena 13,5 Gr","7,04 € / 100 Gr","0,95 €",TRIDENT
Despensa,"Desayuno, dulces y café",Minibollycao Bolsa 6 Unidades 90 Gr,"18,33 € / 1 Kg","1,65 €",BOLLYCAO
Despensa,"Desayuno, dulces y café",Galletas Mini con Gotas de Chocolate 160 Gr,"12,44 € / 1 Kg","1,99 €",CHIPS AHOY
Despensa,"Desayuno, dulces y café",Azúcar Blanco Paquete 1 Kg,"1,45 € / 1 Kg","1,45 €",AZUCARERA
Despensa,"Desayuno, dulces y café",Café Creme Express Molido 250 Gr,"15,96 € / 1 Kg","3,99 €",MARCILLA
Despensa,"Desayuno, dulces y café",Muesli sin Azúcar 560 Gr,"8,73 € / 1 Kg","4,89 €",ALPEN
Despensa,"Desayuno, dulces y café",Café Natural Molido Solidario 250 Gr,"13,40 € / 1 Kg","3,35 €",OXFAM
Despensa,"Desayuno, dulces y café",Galletas Fibra 185 Gr,"10,54 € / 1 Kg","1,95 €",FLORA
Despensa,"Desayuno, dulces y café",Chocolate Extrafino Lacasitos 100 Gr,"16,90 € / 1 Kg","1,69 €",LACASA
Despensa,"Desayuno, dulces y café",Galletas Integrales Marie Lu 520 Gr,"6,44 € / 1 Kg","3,35 €",FONTANEDA
Despensa,"Desayuno, dulces y café",Special K con Frutas Rojas 300 Gr,"13,97 € / 1 Kg","4,19 €",KELLOGG'S
Despensa,"Desayuno, dulces y café",Rooibos con Vainilla 20 Bolsitas 20 U,"0,14 € / 1 U","2,75 €",POMPADOUR
Despensa,"Desayuno, dulces y café",Café Molido Express 250 Gr,"16,60 € / 1 Kg","4,15 €",VALIENTE
Despensa,"Desayuno, dulces y café",Café Molido Hogar 250 Gr,"14,20 € / 1 Kg","3,55 €",VALIENTE
Despensa,"Desayuno, dulces y café",Cereales Fitness Chocolate con Leche 375 Gr,"9,31 € / 1 Kg","3,49 €",NESTLE
Despensa,"Desayuno, dulces y café",Confitura Tomate 345 Gr,"7,22 € / 1 Kg","2,49 €",HERO
Despensa,"Desayuno, dulces y café",Cafe Soluble Natural 10 Sobres 20 Gr,"6,50 € / 100 Gr","1,30 €",NESCAFE
Despensa,"Desayuno, dulces y café",Infusión Digestive Plus 20 Bolsitas 20 U,"0,14 € / 1 U","2,75 €",POMPADOUR
Despensa,"Desayuno, dulces y café","Chicle Grageado Sabor Hierbabuena 14,5 Gr","6,79 € / 100 Gr","0,95 €",TRIDENT
Despensa,"Desayuno, dulces y café",Miel Milflores Frasco 1 Kg,"4,70 € / 1 Kg","4,70 €",CONSUM
Despensa,"Desayuno, dulces y café",Miel Milflores Dosificador 500 Gr,"6,60 € / 1 Kg","3,30 €",CONSUM
Despensa,"Desayuno, dulces y café",Galletas Tostadas Pack de 4 4 x 200 Gr,"1,94 € / 1 Kg","1,55 €",CONSUM
Despensa,"Desayuno, dulces y café",Mega Sandwich Rellena Chocolate 500 Gr,"2,40 € / 1 Kg","1,20 €",CONSUM
Despensa,"Desayuno, dulces y café",Té 25 Bolsitas 25 U,"0,09 € / 1 U","2,15 €",POMPADOUR
Despensa,"Desayuno, dulces y café",Membrillo 2 x 200 Gr,"3,13 € / 1 Kg","1,25 €",CONSUM
Despensa,"Desayuno, dulces y café",Copos de Maiz 500 Gr,"3,00 € / 1 Kg","1,50 €",CONSUM
Despensa,"Desayuno, dulces y café",Copos Arroz y Trigo 500 Gr,"3,90 € / 1 Kg","1,95 €",CONSUM
Despensa,"Desayuno, dulces y café",Muesli Fruta y Fibra 500 Gr,"4,33 € / 1 Kg","1,95 €",CONSUM
Despensa,"Desayuno, dulces y café",Muesli Crujiente Chocolate 500 Gr,"4,20 € / 1 Kg","2,10 €",CONSUM
Despensa,"Desayuno, dulces y café",Cereales Rellenos Cacao 375 Gr,"4,67 € / 1 Kg","1,75 €",CONSUM KIDS
Despensa,"Desayuno, dulces y café",Café Molido Natural 250 Gr,"7,00 € / 1 Kg","1,75 €",CONSUM
Despensa,"Desayuno, dulces y café",Café Molido Mezcla 250 Gr,"6,60 € / 1 Kg","1,65 €",CONSUM
Despensa,"Desayuno, dulces y café",Café Descafeinado Molido Natural 250 Gr,"6,80 € / 1 Kg","1,70 €",CONSUM
Despensa,"Desayuno, dulces y café",Chocolate Naranja Excellent 100 Gr,"32,50 € / 1 Kg","3,25 €",LINDT
Despensa,"Desayuno, dulces y café",Mermelada Fresa Frasco 410 Gr,"3,78 € / 1 Kg","1,55 €",CONSUM
Despensa,"Desayuno, dulces y café",Mermelada Melocotón Frasco 410 Gr,"3,41 € / 1 Kg","1,40 €",CONSUM
Despensa,"Desayuno, dulces y café",Chocolate con Leche 150 Gr,"7,00 € / 1 Kg","1,05 €",CONSUM
Despensa,"Desayuno, dulces y café",Chocolate Blanco Extrafino 75 Gr,"8,67 € / 1 Kg","0,65 €",CONSUM
Despensa,"Desayuno, dulces y café",Chocolate con Leche con Almendras 150 Gr,"7,67 € / 1 Kg","1,15 €",CONSUM
Despensa,"Desayuno, dulces y café",Chocolate con Avellanas 150 Gr,"7,67 € / 1 Kg","1,15 €",CONSUM
Despensa,"Desayuno, dulces y café",Infusion Duerme Bien 20 Bolsitas 20 U,"0,14 € / 1 U","2,75 €",POMPADOUR
Despensa,"Desayuno, dulces y café",Edulcorante 650 Comprimidos 39 Gr,"2,18 € / 100 Gr","0,85 €",CONSUM
Despensa,"Desayuno, dulces y café",Magdalena Cuadrada 350 Gr,"3,69 € / 1 Kg","1,29 €",CONSUM
Despensa,"Desayuno, dulces y café",Valencianas 12 Unidades 350 Gr,"3,86 € / 1 Kg","1,35 €",CONSUM
Despensa,"Desayuno, dulces y café",Valencianas 24 Unidades 700 Gr,"3,57 € / 1 Kg","2,50 €",CONSUM
Despensa,"Desayuno, dulces y café",Caramelos Cítricos Vita C sin Azúcar 4 x 32 Gr,"20,31 € / 1 Kg","2,60 €",HALLS
Despensa,"Desayuno, dulces y café",Café Expresso Mezcla Molido 250 Gr,"8,80 € / 1 Kg","2,20 €",CONSUM
Despensa,"Desayuno, dulces y café",Croissants Bolsa 350 Gr,"4,29 € / 1 Kg","1,50 €",CONSUM
Despensa,"Desayuno, dulces y café",Pan de Leche 8 Unidades 320 Gr,"4,03 € / 1 Kg","1,29 €",CONSUM
Despensa,"Desayuno, dulces y café",Croissants Rellenos de Chocolate 360 Gr,"4,97 € / 1 Kg","1,79 €",CONSUM
Despensa,"Desayuno, dulces y café",Palmeritas Hojaldre 16 Unidades 180 Gr,"5,28 € / 1 Kg","0,95 €",CONSUM
Despensa,"Desayuno, dulces y café",Cappuccino Cápsulas 8+8 Unidades 8 Do,"0,61 € / 1 Do","4,89 €",DOLCE GUSTO
Despensa,"Desayuno, dulces y café",Café Expresso Cápsulas 16 U,"0,27 € / 1 U","4,25 €",DOLCE GUSTO
Despensa,"Desayuno, dulces y café",Tortas de Anís 400 Gr,"5,25 € / 1 Kg","2,10 €",CONSUM
Despensa,"Desayuno, dulces y café",Cacao Soluble 500 Gr,"4,80 € / 1 Kg","2,40 €",CONSUM
Despensa,"Desayuno, dulces y café",Cacao Soluble 900 Gr,"3,77 € / 1 Kg","3,39 €",CONSUM
Despensa,"Desayuno, dulces y café",Copos de Arroz y Trigo con Chocolate 300 Gr,"5,30 € / 1 Kg","1,59 €",CONSUM
Despensa,"Desayuno, dulces y café",Café Descafeinado Molido 250 Gr,"11,96 € / 1 Kg","2,99 €",VALIENTE
Despensa,"Desayuno, dulces y café",Café Molido Mezcla 250 Gr,"10,20 € / 1 Kg","2,55 €",VALIENTE
Despensa,"Desayuno, dulces y café",Café Molido Natural 250 Gr,"10,20 € / 1 Kg","2,55 €",VALIENTE
Despensa,"Desayuno, dulces y café",Lacasitos Tubo Pack de 4 4 x 20 Gr,"34,88 € / 1 Kg","2,79 €",LACASITOS
Despensa,"Desayuno, dulces y café",Vela de Aniversario Número 1 1 U,"0,75 € / 1 U","0,75 €",ROURA
Despensa,"Desayuno, dulces y café",Café Descafeinado Molido Mezcla 250 Gr,"6,80 € / 1 Kg","1,70 €",CONSUM
Despensa,"Desayuno, dulces y café",Barquillos Rellenos de Chocolate 150 Gr,"4,60 € / 1 Kg","0,69 €",CONSUM
Despensa,"Desayuno, dulces y café",Barquillos Rellenos de Crema Sabor Nata 150 Gr,"4,60 € / 1 Kg","0,69 €",CONSUM
Despensa,"Desayuno, dulces y café",Búlgaros de Chocolate 5 Unidades 175 Gr,"9,09 € / 1 Kg","1,59 €",CONSUM
Despensa,"Desayuno, dulces y café",Chocolate Negro 70% sin Azúcar 125 Gr,"15,92 € / 1 Kg","1,99 €",VALOR
Despensa,"Desayuno, dulces y café",Chocolate Puro y Almendras sin Azúcar 150 Gr,"21,67 € / 1 Kg","3,25 €",VALOR
Despensa,"Desayuno, dulces y café",Compota de Manzana sin Frío Pack de 2 2 x 100 Gr,"7,00 € / 1 Kg","1,40 €",ANELA
Despensa,"Desayuno, dulces y café",Chocolate Negro Postres 200 Gr,"7,25 € / 1 Kg","1,45 €",CONSUM
Despensa,"Desayuno, dulces y café",Chocolate Negro 55% con Almendra 150 Gr,"8,60 € / 1 Kg","1,29 €",CONSUM
Despensa,"Desayuno, dulces y café",Chocolate Relleno Caramelo y Avellana 300 Gr,"13,17 € / 1 Kg","3,95 €",MILKA
Despensa,"Desayuno, dulces y café",Bocaditos 18 Unidades 370 Gr,"4,03 € / 1 Kg","1,49 €",CONSUM
Despensa,"Desayuno, dulces y café",Bocaditos Chocolate 12 Unidades 330 Gr,"4,39 € / 1 Kg","1,45 €",CONSUM
Despensa,"Desayuno, dulces y café",Miel Milflores Panal Dosificador 425 Gr,"15,93 € / 1 Kg","6,77 €",GRANJA S.FCO
Despensa,"Desayuno, dulces y café",Caramelo con Muñeco Más 3 Recambios 26 Gr,"7,88 € / 100 Gr","2,05 €",PEZ
Despensa,"Desayuno, dulces y café",Chocolate con leche y Almendras sin Azúcar 150 Gr,"21,67 € / 1 Kg","3,25 €",VALOR
Despensa,"Desayuno, dulces y café",Chocolate Negro 55% 150 Gr,"7,00 € / 1 Kg","1,05 €",CONSUM
Despensa,"Desayuno, dulces y café",Infusión Delgaxan Plus 20 Bolsitas 20 U,"0,14 € / 1 U","2,75 €",POMPADOUR
Despensa,"Desayuno, dulces y café",Café Cortado Cápsulas 16 U,"0,27 € / 1 U","4,25 €",DOLCE GUSTO
Despensa,"Desayuno, dulces y café",Crema de Cacao 1 Sabor. Bote 500 Gr,"3,90 € / 1 Kg","1,95 €",CONSUM
Despensa,"Desayuno, dulces y café",Chocolate con Leche Extrafino 270 Gr,"10,70 € / 1 Kg","2,89 €",NESTLE
Despensa,"Desayuno, dulces y café",Mermelada Diet Melocotón 280 Gr,"7,11 € / 1 Kg","1,99 €",HELIOS
Despensa,"Desayuno, dulces y café",Crema de Cacao 2 Sabores Bote 500 Gr,"3,90 € / 1 Kg","1,95 €",CONSUM
Despensa,"Desayuno, dulces y café",Café Con Leche Cápsulas 16 U,"0,27 € / 1 U","4,25 €",DOLCE GUSTO
Despensa,"Desayuno, dulces y café",Infusion Cola de Caballo Plus 3 Bolsitas 20 Unid. 20 Do,"0,14 € / 1 Do","2,75 €",POMPADOUR
Despensa,"Desayuno, dulces y café","Chicles Sin Azúcar de Eucalipto en grageas, 10 uds","8,50 € / 100 Gr","1,19 €",ORBIT
Despensa,"Desayuno, dulces y café","Chicles Sin Azúcar de Menta en grageas, 10 uds","8,50 € / 100 Gr","1,19 €",ORBIT
Despensa,"Desayuno, dulces y café","Chicles Sin Azúcar de Hierbabuena en grageas, 10 uds 14gr","8,50 € / 100 Gr","1,19 €",ORBIT
Despensa,"Desayuno, dulces y café","Boomer MaxiRoll Chicle de Fresa en Rollo, 180cm 56 Gr","49,82 € / 1 Kg","2,79 €",BOOMER
Despensa,"Desayuno, dulces y café",Huevo Chocolate con Sorpresa Pack 3 x 20 Gr,"58,17 € / 1 Kg","3,49 €",KINDER
Despensa,"Desayuno, dulces y café",Chicle Fresa en Bolsa 44 Gr,"3,07 € / 100 Gr","1,35 €",TRIDENT
Despensa,"Desayuno, dulces y café",Chicle Menta en Bolsa 44 Gr,"3,07 € / 100 Gr","1,35 €",TRIDENT
Despensa,"Desayuno, dulces y café",Café Expresso Bonka Cápsulas 16 U,"0,31 € / 1 U","4,89 €",DOLCE GUSTO
Despensa,"Desayuno, dulces y café",Infusión Tomillo 20 bolsitas 20 U,"0,13 € / 1 U","2,50 €",POMPADOUR
Despensa,"Desayuno, dulces y café",Caramelo Menta sin Azúcar 3 x 8 Gr,"13,75 € / 100 Gr","3,30 €",SMINT
Despensa,"Desayuno, dulces y café",Cereales Rellenos Crema con Leche 375 Gr,"5,31 € / 1 Kg","1,99 €",CONSUM KIDS
Despensa,"Desayuno, dulces y café",Impulsor repostería 6 sobres de 15gr. 90 Gr,"7,78 € / 1 Kg","0,70 €",CONSUM
Despensa,"Desayuno, dulces y café",Café Soluble Descafeinado Sticks 10 U,"0,11 € / 1 U","1,05 €",CONSUM
Despensa,"Desayuno, dulces y café","Chicles Sin Azúcar de Eucalipto fuerte en grageas, 10 uds 4x14gr","65,89 € / 1 Kg","3,69 €",ORBIT
Despensa,"Desayuno, dulces y café",Cereales Corn Flakes Caja 500 Gr,"6,00 € / 1 Kg","3,00 €",KELLOGG'S
Despensa,"Desayuno, dulces y café",Cortado Descafeinado Cápsulas 16 U,"0,31 € / 1 U","4,89 €",DOLCE GUSTO
Despensa,"Desayuno, dulces y café",Almendra Molida Bolsa 125 Gr,"16,56 € / 1 Kg","2,07 €",CONSUM
Despensa,"Desayuno, dulces y café",Cacao a La Taza Paquete 400 Gr,"4,75 € / 1 Kg","1,90 €",CONSUM
Despensa,"Desayuno, dulces y café",Harina de Trigo Común Paquete 1 Kg,"0,70 € / 1 Kg","0,70 €",RIO
Despensa,"Desayuno, dulces y café",Harina Repostera Paquete 1 Kg,"1,05 € / 1 Kg","1,05 €",RIO
Despensa,"Desayuno, dulces y café",Bizcocho Duro Huevo 300 Gr,"6,30 € / 1 Kg","1,89 €",CORAL
Despensa,"Desayuno, dulces y café",Mermelada Arandano Tarro 340 Gr,"6,47 € / 1 Kg","2,20 €",HELIOS
Despensa,"Desayuno, dulces y café",Chocolate Blanco para Postres 180 Gr,"12,50 € / 1 Kg","2,25 €",NESTLE
Despensa,"Desayuno, dulces y café",Harina de Fuerza Paquete 1 Kg,"0,91 € / 1 Kg","0,91 €",RIO
Despensa,"Desayuno, dulces y café",Magdalena Concha 300 Gr,"5,63 € / 1 Kg","1,69 €",ARENAS
Despensa,"Desayuno, dulces y café",Galleta Mikado con Chocoleche 75 Gr,"26,00 € / 1 Kg","1,95 €",LU
Despensa,"Desayuno, dulces y café",Galleta Choco Flakes 520 Gr,"6,90 € / 1 Kg","3,59 €",CUETARA
Despensa,"Desayuno, dulces y café",Café Descafeinado Mezcla 200 Gr,"18,45 € / 1 Kg","3,69 €",MARCILLA
Despensa,"Desayuno, dulces y café",Café Descafeinado Natural 200 Gr,"18,45 € / 1 Kg","3,69 €",MARCILLA
Despensa,"Desayuno, dulces y café","Bote Chicles Sin Azúcar de Hierbabuena en grageas, 60 uds 84gr","47,50 € / 1 Kg","3,99 €",ORBIT
Despensa,"Desayuno, dulces y café","Bote Chicles Sin Azúcar de Menta en grageas, 60ud 84gr","47,50 € / 1 Kg","3,99 €",ORBIT
Despensa,"Desayuno, dulces y café",Magdalenas Estilo Casero 300 Gr,"8,97 € / 1 Kg","2,69 €",DULCESOL
Despensa,"Desayuno, dulces y café",Galleta Rellena Chocolate Príncipe 300 Gr,"7,00 € / 1 Kg","2,10 €",LU
Despensa,"Desayuno, dulces y café",Té Chai 20 Bolsitas 20 U,"0,14 € / 1 U","2,79 €",HORNIMANS
Despensa,"Desayuno, dulces y café",Chocolate con Chips Ahoy 100 Gr,"15,50 € / 1 Kg","1,55 €",MILKA
Despensa,"Desayuno, dulces y café",Cerezas Grageas 80 Gr,"14,38 € / 1 Kg","1,15 €",FINI
Despensa,"Desayuno, dulces y café",Deli Jelly 80 Gr,"12,38 € / 1 Kg","0,99 €",FINI
Despensa,"Desayuno, dulces y café",Galleta Tosta Rica Caja 570 Gr,"5,26 € / 1 Kg","3,00 €",CUETARA
Despensa,"Desayuno, dulces y café",Kinder Bueno Mini 108 Gr,"23,06 € / 1 Kg","2,49 €",KINDER
Despensa,"Desayuno, dulces y café",Mermelada Tomate Frasco 410 Gr,"3,90 € / 1 Kg","1,60 €",CONSUM
Despensa,"Desayuno, dulces y café",Café Ristretto Ardenza Cápsulas 16 U,"0,31 € / 1 U","4,89 €",DOLCE GUSTO
Despensa,"Desayuno, dulces y café",Lacasitos 150 Gr,"18,60 € / 1 Kg","2,79 €",LACASA
Despensa,"Desayuno, dulces y café",Azucaritos Blancos Caja 300 Gr,"4,67 € / 1 Kg","1,40 €",AZUCARERA
Despensa,"Desayuno, dulces y café","Chicle Hierbabuena Bolsa 43,5 Gr","3,10 € / 100 Gr","1,35 €",TRIDENT
Despensa,"Desayuno, dulces y café",Azucaritos Moreno Caja 300 Gr,"5,17 € / 1 Kg","1,55 €",AZUCARERA
Despensa,"Desayuno, dulces y café",Harina de Maíz Caja 400 Gr,"7,48 € / 1 Kg","2,99 €",MAIZENA
Despensa,"Desayuno, dulces y café",Barrita Nesquik 6U 150 Gr,"19,93 € / 1 Kg","2,99 €",NESTLE
Despensa,"Desayuno, dulces y café",Caramelo Balsámico Eucalipto 200 Gr,"8,25 € / 1 Kg","1,65 €",PICTOLIN
Despensa,"Desayuno, dulces y café",Caramelo Balsámico Eucalipto sin Azúcar 150 Gr,"12,33 € / 1 Kg","1,85 €",PICTOLIN
Despensa,"Desayuno, dulces y café",Mermelada Diet Frambuesa 280 Gr,"10,68 € / 1 Kg","2,99 €",VIEJA FABRIC
Despensa,"Desayuno, dulces y café",Mermelada Diet Naranja Amarga 290 Gr,"9,62 € / 1 Kg","2,79 €",VIEJA FABRIC
Despensa,"Desayuno, dulces y café",Cereales All-Bran Chocolate Caja 375 Gr,"9,33 € / 1 Kg","3,50 €",KELLOGG'S
Despensa,"Desayuno, dulces y café",Muesli Chocolate Extra Crujiente 375 Gr,"11,33 € / 1 Kg","4,25 €",KELLOGG'S
Despensa,"Desayuno, dulces y café",Café Descafeinado Intenso Cápsulas 16 U,"0,27 € / 1 U","4,25 €",DOLCE GUSTO
Despensa,"Desayuno, dulces y café",Chocolate Negro 70% Cacao 200 Gr,"16,00 € / 1 Kg","3,20 €",VALOR
Despensa,"Desayuno, dulces y café",Galleta Digestive Manzana y Avena 225 Gr,"4,44 € / 1 Kg","1,00 €",FONTANEDA
Despensa,"Desayuno, dulces y café",Chocolate con Leche Extrafino 125 Gr,"11,12 € / 1 Kg","1,39 €",NESTLE
Despensa,"Desayuno, dulces y café",Café Expresso Natural Molido 250 Gr,"8,80 € / 1 Kg","2,20 €",CONSUM
Despensa,"Desayuno, dulces y café",Galletas Desayuno con Chocolate y Cereales 400 Gr,"4,38 € / 1 Kg","1,75 €",CONSUM
Despensa,"Desayuno, dulces y café",Crema de Untar 350 Gr,"10,54 € / 1 Kg","3,69 €",NUTELLA
Despensa,"Desayuno, dulces y café",Azúcar Glace Bote 500 Gr,"5,20 € / 1 Kg","2,60 €",AZUCARERA
Despensa,"Desayuno, dulces y café",Cereales Nesquik Chocolate 375 Gr,"9,57 € / 1 Kg","3,59 €",NESTLE
Despensa,"Desayuno, dulces y café","Chicles Sin Azúcar de Menta en grageas, 10 uds 4x14gr","65,89 € / 1 Kg","3,69 €",ORBIT
Despensa,"Desayuno, dulces y café",Pastelitos de Chocolate Pack de 4 4 x 40 Gr,"18,69 € / 1 Kg","2,99 €",PHOSKITO
Despensa,"Desayuno, dulces y café","Chicle Grageado Sabor Fresa 14,5 Gr","6,79 € / 100 Gr","0,95 €",TRIDENT
Despensa,"Desayuno, dulces y café",Caramelos Cítricos Vita C sin Azúcar 32 Gr,"3,09 € / 100 Gr","0,99 €",HALLS
Despensa,"Desayuno, dulces y café",Kinder Bueno White 39 Gr,"2,95 € / 100 Gr","1,15 €",KINDER
Despensa,"Desayuno, dulces y café",Barritas de Muesli con Chocolate 6U 150 Gr,"10,13 € / 1 Kg","1,52 €",CONSUM
Despensa,"Desayuno, dulces y café",Vela de Aniversario Número 2 1 U,"0,75 € / 1 U","0,75 €",ROURA
Despensa,"Desayuno, dulces y café",Chocolate Crujiente 100 Gr,"9,90 € / 1 Kg","0,99 €",CONSUM
Despensa,"Desayuno, dulces y café",Barritas Special K Chocolate con Leche 6U 120 Gr,"29,58 € / 1 Kg","3,55 €",KELLOGG'S
Despensa,"Desayuno, dulces y café",Café Soluble 3 en 1 10 sobres 160 Gr,"17,50 € / 1 Kg","2,80 €",NESCAFE
Despensa,"Desayuno, dulces y café",Duplo Café Soluble Natural 2 x 200 Gr,"27,50 € / 1 Kg","11,00 €",NESCAFE
Despensa,"Desayuno, dulces y café",Pastelito Tigretón Pack de 3 3 x 50 Gr,"15,27 € / 1 Kg","2,29 €",TIGRETON
Despensa,"Desayuno, dulces y café",Barrita Muesli con Arándanos 6U 150 Gr,"12,33 € / 1 Kg","1,85 €",CONSUM
Despensa,"Desayuno, dulces y café",Caramelo Toffe sin Azúcar 90 Gr,"25,44 € / 1 Kg","2,29 €",WERTHERS
Despensa,"Desayuno, dulces y café",Stevia Edulcorante 50 U,"0,04 € / 1 U","1,85 €",CONSUM
Despensa,"Desayuno, dulces y café",Chocolate Negro 70% con Almendras 250 Gr,"19,40 € / 1 Kg","4,85 €",VALOR
Despensa,"Desayuno, dulces y café",Confitura Diet Fresa 280 Gr,"9,61 € / 1 Kg","2,69 €",HERO
Despensa,"Desayuno, dulces y café",Duplo Café Soluble Descafeinado 2 x 200 Gr,"27,50 € / 1 Kg","11,00 €",NESCAFE
Despensa,"Desayuno, dulces y café",Galletas Mini Cookies 85 Gr,"8,12 € / 1 Kg","0,69 €",CONSUM
Despensa,"Desayuno, dulces y café",Café Lungo Cápsulas 16 U,"0,27 € / 1 U","4,25 €",DOLCE GUSTO
Despensa,"Desayuno, dulces y café",Torcidas Regaliz Fresa 170 Gr,"7,67 € / 1 Kg","1,15 €",FINI
Despensa,"Desayuno, dulces y café",Briochoco 6 unidades 240 Gr,"6,21 € / 1 Kg","1,49 €",CONSUM
Despensa,"Desayuno, dulces y café",Galletas sin Sal y sin Azúcar 600 Gr,"4,15 € / 1 Kg","2,49 €",CONSUM
Despensa,"Desayuno, dulces y café",Vela de Aniversario Número 0 1 U,"0,75 € / 1 U","0,75 €",ROURA
Despensa,"Desayuno, dulces y café",Vela de Aniversario Número 3 1 U,"0,75 € / 1 U","0,75 €",ROURA
Despensa,"Desayuno, dulces y café",Vela de Aniversario Número 4 1 U,"0,75 € / 1 U","0,75 €",ROURA
Despensa,"Desayuno, dulces y café",Vela de Aniversario Número 5 1 U,"0,75 € / 1 U","0,75 €",ROURA
Despensa,"Desayuno, dulces y café",Vela de Aniversario Número 6 1 U,"0,75 € / 1 U","0,75 €",ROURA
Despensa,"Desayuno, dulces y café",Vela de Aniversario Número 7 1 U,"0,75 € / 1 U","0,75 €",ROURA
Despensa,"Desayuno, dulces y café",Vela de Aniversario Número 8 1 U,"0,75 € / 1 U","0,75 €",ROURA
Despensa,"Desayuno, dulces y café",Vela de Aniversario Número 9 1 U,"0,75 € / 1 U","0,75 €",ROURA
Despensa,"Desayuno, dulces y café",Vela de Aniversario Número ? 1 U,"0,75 € / 1 U","0,75 €",ROURA
Despensa,"Desayuno, dulces y café",Pastelito Pantera Rosa Pack de 3 3 x 55 Gr,"13,88 € / 1 Kg","2,29 €",PANTERA ROSA
Despensa,"Desayuno, dulces y café",Huevo Kinder Joy Unidades 20 Gr,"7,00 € / 100 Gr","1,40 €",KINDER
Despensa,"Desayuno, dulces y café",Copos Avena Suave 500 Gr,"3,98 € / 1 Kg","1,99 €",OATIBIX
Despensa,"Desayuno, dulces y café",Chocolate Negro 82% Cacao 170 Gr,"18,82 € / 1 Kg","3,20 €",VALOR
Despensa,"Desayuno, dulces y café",Cereales Trigo 430 Gr,"7,88 € / 1 Kg","3,39 €",WEETABIX
Despensa,"Desayuno, dulces y café",Galletas con Gotas de Chocolate 300 Gr,"13,00 € / 1 Kg","3,90 €",CHIPS AHOY
Despensa,"Desayuno, dulces y café",Mermelada Albaricoque Frasco 410 Gr,"3,90 € / 1 Kg","1,60 €",CONSUM
Despensa,"Desayuno, dulces y café",Mermelada Ciruela Frasco 410 Gr,"4,15 € / 1 Kg","1,70 €",CONSUM
Despensa,"Desayuno, dulces y café",Coco Rallado Bolsa 125 Gr,"8,08 € / 1 Kg","1,01 €",CONSUM
Despensa,"Desayuno, dulces y café",Napolitanas Chocolate 8 Unidades 320 Gr,"4,84 € / 1 Kg","1,55 €",CONSUM
Despensa,"Desayuno, dulces y café",Petit Croissants al Cacao 150 Gr,"6,33 € / 1 Kg","0,95 €",CONSUM
Despensa,"Desayuno, dulces y café",Napolitanas de Crema 320 Gr,"4,84 € / 1 Kg","1,55 €",CONSUM
Despensa,"Desayuno, dulces y café",Bizcocho Ositos Lulu Relleno de Chocolate 5U 150 Gr,"13,27 € / 1 Kg","1,99 €",FONTANEDA
Despensa,"Desayuno, dulces y café",Mermelada Diet Fresa 280 Gr,"7,11 € / 1 Kg","1,99 €",HELIOS
Despensa,"Desayuno, dulces y café",Mermelada Diet Ciruela 280 Gr,"7,11 € / 1 Kg","1,99 €",HELIOS
Despensa,"Desayuno, dulces y café",Sandwich Relleno Choco Pack 3 3 x 250 Gr,"3,00 € / 1 Kg","2,25 €",CONSUM
Despensa,"Desayuno, dulces y café",Galleta María sin Gluten 380 Gr,"9,47 € / 1 Kg","3,60 €",GULLON
Despensa,"Desayuno, dulces y café",Galleta Principe Estrella 225 Gr,"11,11 € / 1 Kg","2,50 €",LU
Despensa,"Desayuno, dulces y café",Galletas Choco Wafer 180 Gr,"16,11 € / 1 Kg","2,90 €",MILKA
Despensa,"Desayuno, dulces y café",Yerba Mate . 500 Gr,"7,10 € / 1 Kg","3,55 €",LA TRANQUERA
Despensa,"Desayuno, dulces y café",Bizcochadas Bolsa 365 Gr,"7,10 € / 1 Kg","2,59 €",LA CUEVA
Despensa,"Desayuno, dulces y café",Galletas Choco Cream Bañadas Choco Blanco 252 Gr,"5,36 € / 1 Kg","1,35 €",CONSUM
Despensa,"Desayuno, dulces y café",Galleta Choco Cream Mini 100 Gr,"8,50 € / 1 Kg","0,85 €",CONSUM
Despensa,"Desayuno, dulces y café",Huevo Kinder Joy Pack 3 x 20 Gr,"59,83 € / 1 Kg","3,59 €",KINDER
Despensa,"Desayuno, dulces y café",Preparado Pastel Fresco Sabor Limón 103 Gr,"15,44 € / 1 Kg","1,59 €",ROYAL
Despensa,"Desayuno, dulces y café",Mermelada Naranja Amarga Frasco 410 Gr,"3,05 € / 1 Kg","1,25 €",CONSUM
Despensa,"Desayuno, dulces y café",Mermelada Fresa 0% Azúcares Añadidos 280 Gr,"4,64 € / 1 Kg","1,30 €",CONSUM
Despensa,"Desayuno, dulces y café",Mermelada Melocotón 0% Azúcares Añadidos 280 Gr,"4,64 € / 1 Kg","1,30 €",CONSUM
Despensa,"Desayuno, dulces y café",Caramelo con Palo Melody Pops 15 Gr,"6,67 € / 100 Gr","1,00 €",CHUPA-CHUPS
Despensa,"Desayuno, dulces y café","Chicles Stick Sabor Fresa 13,5 Gr","7,04 € / 100 Gr","0,95 €",TRIDENT
Despensa,"Desayuno, dulces y café",Brazo de Fresa 300 Gr,"6,63 € / 1 Kg","1,99 €",CONSUM
Despensa,"Desayuno, dulces y café","Chicle Grageado Sabor Menta 14,5 Gr","6,79 € / 100 Gr","0,95 €",TRIDENT
Despensa,"Desayuno, dulces y café",Cacao Soluble 0% Bote 325 Gr,"13,20 € / 1 Kg","4,29 €",COLA CAO
Despensa,"Desayuno, dulces y café",TéSlim Caja 20 U,"0,14 € / 1 U","2,79 €",HORNIMANS
Despensa,"Desayuno, dulces y café",Galleta Digestive 700 Gr,"5,43 € / 1 Kg","3,80 €",FONTANEDA
Despensa,"Desayuno, dulces y café",Cacao Instantáneo Turbo 375 Gr,"10,11 € / 1 Kg","3,79 €",COLA CAO
Despensa,"Desayuno, dulces y café",Magdalenas Redondas 350 Gr,"3,86 € / 1 Kg","1,39 €",CONSUM
Despensa,"Desayuno, dulces y café",Chococream Bañada Chocolate leche 252 Gr,"5,52 € / 1 Kg","1,39 €",CONSUM
Despensa,"Desayuno, dulces y café",Chococream 176 Gr,"3,69 € / 1 Kg","0,65 €",CONSUM
Despensa,"Desayuno, dulces y café",Galletas Principe Estrella con Chocolate Blanco 225 Gr,"11,11 € / 1 Kg","2,50 €",LU
Despensa,"Desayuno, dulces y café",Torta de Aceite 180 Gr,"12,22 € / 1 Kg","2,20 €",INES ROSALES
Despensa,"Desayuno, dulces y café",Bizcocho Cake&choc Relleno de Chocolate 5 U 175 Gr,"16,00 € / 1 Kg","2,80 €",MILKA
Despensa,"Desayuno, dulces y café",Galleta Chocobiscuit 150 Gr,"19,33 € / 1 Kg","2,90 €",MILKA
Despensa,"Desayuno, dulces y café",Galletas Príncipe Maxi Choc 250 Gr,"9,00 € / 1 Kg","2,25 €",LU
Despensa,"Desayuno, dulces y café",Galleta Caramelizada 12 Packs de 2 Unidades 187 Gr,"8,02 € / 1 Kg","1,50 €",LOTUS
Despensa,"Desayuno, dulces y café",Galleta Artichoco Paquete 210 Gr,"12,14 € / 1 Kg","2,55 €",ARTIACH
Despensa,"Desayuno, dulces y café",Galletas Dinosaurus Huevos Caja 4 Packs 140 Gr,"17,79 € / 1 Kg","2,49 €",ARTIACH
Despensa,"Desayuno, dulces y café",Galletas Desayuno con Leche y 5 Cereales 400 Gr,"4,23 € / 1 Kg","1,69 €",CONSUM
Despensa,"Desayuno, dulces y café",Neulas Caja 25 Unidades 96 Gr,"14,06 € / 1 Kg","1,35 €",DICAR
Despensa,"Desayuno, dulces y café",Mini Croissants 270 Gr,"5,00 € / 1 Kg","1,35 €",CONSUM
Despensa,"Desayuno, dulces y café","Tartaleta Chocolate con Leche 235,80 Gr","6,15 € / 1 Kg","1,45 €",CONSUM KIDS
Despensa,"Desayuno, dulces y café",Galleta Rellena Chocolate Pack de 3 3 x 300 Gr,"6,10 € / 1 Kg","5,49 €",LU
Despensa,"Desayuno, dulces y café",Galleta Sandwich Choco Pause 260 Gr,"11,15 € / 1 Kg","2,90 €",MILKA
Despensa,"Desayuno, dulces y café",Galleta Desayuno sin Azúcares 216 Gr,"12,27 € / 1 Kg","2,65 €",GULLON ZERO
Despensa,"Desayuno, dulces y café",Queso Cabra Medallón 75 Gr,"16,93 € / 1 Kg","1,27 €",GRANJA RINYA
Despensa,"Desayuno, dulces y café",Plum Cake Mármol 400 Gr,"5,38 € / 1 Kg","2,15 €",DULCESOL
Despensa,"Desayuno, dulces y café",Azúcar Moreno Bolsa 500 Gr,"5,78 € / 1 Kg","2,89 €",NATURTIERRA
Despensa,"Desayuno, dulces y café",Corn Flakes Classic sin Azúcar y sin Gluten 300 Gr,"6,63 € / 1 Kg","1,99 €",ESGIR
Despensa,"Desayuno, dulces y café",Edulcorante 400 Comprimidos 400 U,"0,01 € / 1 U","3,95 €",NATREEN
Despensa,"Desayuno, dulces y café",Bracitos Trufa Chocolate 235 Gr,"7,14 € / 1 Kg","1,00 €",DULCESOL
Despensa,"Desayuno, dulces y café",Galleta Mikado Leche Pocket 39 Gr,"3,46 € / 100 Gr","1,35 €",LU
Despensa,"Desayuno, dulces y café",Confitura Albaricoque 330 Gr,"7,55 € / 1 Kg","2,49 €",HERO
Despensa,"Desayuno, dulces y café",Confitura Ciruela 330 Gr,"7,55 € / 1 Kg","2,49 €",HERO
Despensa,"Desayuno, dulces y café",Crema de Membrillo 400 Gr,"6,38 € / 1 Kg","2,55 €",EL QUIJOTE
Despensa,"Desayuno, dulces y café",Dulce de Frutas 400 Gr,"5,98 € / 1 Kg","2,39 €",EL QUIJOTE
Despensa,"Desayuno, dulces y café",Compota Pera y Manzana sin Frío Pack de 2 2 x 100 Gr,"7,00 € / 1 Kg","1,40 €",ANELA
Despensa,"Desayuno, dulces y café",Compota de Manzana y Plátano Pack de 2 2 x 100 Gr,"7,00 € / 1 Kg","1,40 €",ANELA
Despensa,"Desayuno, dulces y café",Mermelada Frambuesa Tarro 340 Gr,"7,21 € / 1 Kg","2,45 €",HELIOS
Despensa,"Desayuno, dulces y café",Mermelada Albaricoque 0% Azúcares Añadidos 280 Gr,"5,00 € / 1 Kg","1,40 €",CONSUM
Despensa,"Desayuno, dulces y café",Mermelada Ciruela 0% Azúcares Añadidos 280 Gr,"4,82 € / 1 Kg","1,35 €",CONSUM
Despensa,"Desayuno, dulces y café","Café Soluble Gold Natural, Bote 100 Gr","62,50 € / 1 Kg","6,25 €",NESCAFE
Despensa,"Desayuno, dulces y café",Terrón de Azúcar Blanco 500 Gr,"2,58 € / 1 Kg","1,29 €",AZUCARERA
Despensa,"Desayuno, dulces y café",Mermelada Arándano Arándano 285 Gr,"9,79 € / 1 Kg","2,79 €",VIEJA FABRIC
Despensa,"Desayuno, dulces y café",Mi Primera Galleta sin Gluten 180 Gr,"13,83 € / 1 Kg","2,49 €",HERO
Despensa,"Desayuno, dulces y café",Natillas Caseras 100 Gr,"14,50 € / 1 Kg","1,45 €",ROYAL
Despensa,"Desayuno, dulces y café",Colorantes Alimentarios Pasteleria 3 x 6 ml,"16,61 € / 100 ml","2,99 €",VAHINE
Despensa,"Desayuno, dulces y café",Azúcar Avainillada Tarro 90 Gr,"25,44 € / 1 Kg","2,29 €",VAHINE
Despensa,"Desayuno, dulces y café",Gelatina Sin Sabor 17 Gr,"13,24 € / 100 Gr","2,25 €",VAHINE
Despensa,"Desayuno, dulces y café",Almendras Laminadas 125 Gr,"29,52 € / 1 Kg","3,69 €",VAHINE
Despensa,"Desayuno, dulces y café",Almendras Molidas 125 Gr,"29,52 € / 1 Kg","3,69 €",VAHINE
Despensa,"Desayuno, dulces y café",Crocanti de Almendra 125 Gr,"29,52 € / 1 Kg","3,69 €",VAHINÉ
Despensa,"Desayuno, dulces y café",Coco Rallado 115 Gr,"21,30 € / 1 Kg","2,45 €",VAHINE
Despensa,"Desayuno, dulces y café","Levadura de Panadería 4 Sobres 4,6 Gr","10,27 € / 100 Gr","1,89 €",VAHINÉ
Despensa,"Desayuno, dulces y café",Caramelo Líquido Botella 400 Gr,"7,23 € / 1 Kg","2,89 €",ROYAL
Despensa,"Desayuno, dulces y café",Flan de Vainilla 6 Sobres 192 Gr,"7,81 € / 1 Kg","1,50 €",POTAX
Despensa,"Desayuno, dulces y café",Pastel de Queso Caja 325 Gr,"13,08 € / 1 Kg","4,25 €",ROYAL
Despensa,"Desayuno, dulces y café",Plaquita Felicidades 1 U,"1,75 € / 1 U","1,75 €",VAHINE
Despensa,"Desayuno, dulces y café",Litines Caja 132 Gr,"14,77 € / 1 Kg","1,95 €",LA BANDERA
Despensa,"Desayuno, dulces y café","Chicles Stick Sabor Menta 13,5 Gr","7,04 € / 100 Gr","0,95 €",TRIDENT
Despensa,"Desayuno, dulces y café",Bombón Selección Oro sin Azúcar 200 Gr,"27,50 € / 1 Kg","5,50 €",VALOR
Despensa,"Desayuno, dulces y café",Café Descafeinado Espresso Molido 250 Gr,"16,76 € / 1 Kg","4,19 €",VALIENTE
Despensa,"Desayuno, dulces y café",Crema de Leche Vaso cristal 180 Gr,"13,61 € / 1 Kg","2,45 €",NOCILLA
Despensa,"Desayuno, dulces y café",Caramelos Sabor Frutas sin Azúcar 8 Gr,"20,63 € / 100 Gr","1,65 €",SMINT
Despensa,"Desayuno, dulces y café",Caramelos Menta sin Azúcar 8 Gr,"20,63 € / 100 Gr","1,65 €",SMINT
Despensa,"Desayuno, dulces y café",Bolitas Multicolores 80 Gr,"28,13 € / 1 Kg","2,25 €",VAHINÉ
Despensa,"Desayuno, dulces y café",Pepitas de Chocolate Negro 100 Gr,"25,50 € / 1 Kg","2,55 €",VAHINÉ
Despensa,"Desayuno, dulces y café",Café Grano Mezcla 1 Kg,"7,55 € / 1 Kg","7,55 €",CONSUM
Despensa,"Desayuno, dulces y café",Azúcar Glas Tarro 60 Gr,"44,83 € / 1 Kg","2,69 €",VAHINÉ
Despensa,"Desayuno, dulces y café",Chantilly 72 Gr,"33,19 € / 1 Kg","2,39 €",ROYAL
Despensa,"Desayuno, dulces y café",Canela en Rama 10 Gr,"31,50 € / 100 Gr","3,15 €",VAHINE
Despensa,"Desayuno, dulces y café",Lunas Bañadas Cacao 350 Gr,"6,83 € / 1 Kg","2,39 €",CONSUM
Despensa,"Desayuno, dulces y café",Manzanilla con Menta 25 Bolsitas 25 U,"0,09 € / 1 U","2,15 €",POMPADOUR
Despensa,"Desayuno, dulces y café",Caramelo Menta 35 Gr,"6,71 € / 100 Gr","2,35 €",SMINT
Despensa,"Desayuno, dulces y café",Multinfusión Valeriana Plus 5 Bolsitas 20 Unid. 20 U,"0,14 € / 1 U","2,75 €",POMPADOUR
Despensa,"Desayuno, dulces y café",Preparado para Crepes Botella 198 Gr,"14,14 € / 1 Kg","2,80 €",MAIZENA
Despensa,"Desayuno, dulces y café",Caramelo Fresa 35 Gr,"6,71 € / 100 Gr","2,35 €",SMINT
Despensa,"Desayuno, dulces y café",Café Soluble Natural Sticks 10 U,"0,10 € / 1 U","0,95 €",CONSUM
Despensa,"Desayuno, dulces y café",Preparado Oreo Cake 215 Gr,"19,77 € / 1 Kg","4,25 €",ROYAL
Despensa,"Desayuno, dulces y café",InfuSueños Caja 20 U,"0,14 € / 1 U","2,79 €",HORNIMANS
Despensa,"Desayuno, dulces y café",Harina Fritos Paquete 1 Kg,"1,20 € / 1 Kg","1,20 €",RIO
Despensa,"Desayuno, dulces y café",Tarta Chocolate Milka 350 Gr,"12,83 € / 1 Kg","4,49 €",ROYAL
Despensa,"Desayuno, dulces y café",Cono de Golosinas Sin Gluten 1 U,"1,89 € / 1 U","1,89 €",MIGUELAÑEZ
Despensa,"Desayuno, dulces y café",Torta de Aceite 180 Gr,"9,39 € / 1 Kg","1,69 €",CONSUM
Despensa,"Desayuno, dulces y café",Pastelito Flaminguitos 3 Unidades,"6,06 € / 1 Kg","1,00 €",DULCESOL
Despensa,"Desayuno, dulces y café","Bote Chicles Sin Azúcar de Fresa en grageas, 60uds 84gr","47,50 € / 1 Kg","3,99 €",ORBIT
Despensa,"Desayuno, dulces y café",Tortitas Americanas Original Pancake 156 Gr,"10,83 € / 1 Kg","1,69 €",MARY LEE
Despensa,"Desayuno, dulces y café",Preparado Bizcocho 375 Gr,"8,53 € / 1 Kg","3,20 €",ROYAL
Despensa,"Desayuno, dulces y café",Aroma Vainilla 200 ml,"21,75 € / 1 L","4,35 €",VAHINE
Despensa,"Desayuno, dulces y café","Chicles Sin Azúcar Bubblemint de frutas y menta en grageas, 10 uds 4x14gr","65,89 € / 1 Kg","3,69 €",ORBIT
Despensa,"Desayuno, dulces y café",Corazones 55 Gr,"44,55 € / 1 Kg","2,45 €",VAHINE
Despensa,"Desayuno, dulces y café",Gelatina Neutra 18 Gr,"10,50 € / 100 Gr","1,89 €",VAHINE
Despensa,"Desayuno, dulces y café",Pepitas Chocolate con Leche 100 Gr,"38,50 € / 1 Kg","3,85 €",VAHINE
Despensa,"Desayuno, dulces y café",Velita y Cifras 12 U,"0,24 € / 1 U","2,89 €",VAHINÉ
Despensa,"Desayuno, dulces y café",Sirope de Fresa Bote 295 Gr,"6,75 € / 1 Kg","1,99 €",HELIOS
Despensa,"Desayuno, dulces y café",Natillas en Polvo con Canela 125 Gr,"13,20 € / 1 Kg","1,65 €",CONSUM
Despensa,"Desayuno, dulces y café",Sirope de Chocolate Bote 295 Gr,"6,75 € / 1 Kg","1,99 €",HELIOS
Despensa,"Desayuno, dulces y café",Caramelo Tin Limón 35 Gr,"6,71 € / 100 Gr","2,35 €",SMINT
Despensa,"Desayuno, dulces y café",Té Descafeinado 25 Bolsitas 25 U,"0,09 € / 1 U","2,15 €",POMPADOUR
Despensa,"Desayuno, dulces y café",Gelatina de Fresa 170 Gr,"8,82 € / 1 Kg","1,50 €",CONSUM
Despensa,"Desayuno, dulces y café",Gelatina de Limón 170 Gr,"8,82 € / 1 Kg","1,50 €",CONSUM
Despensa,"Desayuno, dulces y café",Flan Vainilla con Caramelo 190 Gr,"7,37 € / 1 Kg","1,40 €",CONSUM
Despensa,"Desayuno, dulces y café",Sirope de Caramelo Bote 295 Gr,"6,75 € / 1 Kg","1,99 €",HELIOS
Despensa,"Desayuno, dulces y café",Café Senseo Descafeinado Monodosis 28 U,"0,17 € / 1 U","4,85 €",MARCILLA
Despensa,"Desayuno, dulces y café",Velitas Mágicas 10 U,"0,23 € / 1 U","2,29 €",VAHINÉ
Despensa,"Desayuno, dulces y café",Medias Noches Panecillos Sin Gluten 200 Gr,"14,95 € / 1 Kg","2,99 €",SCHÄR
Despensa,"Desayuno, dulces y café",Cacao Instántaneo 400 Gr,"5,13 € / 1 Kg","2,05 €",CONSUM
Despensa,"Desayuno, dulces y café",Velitas Cumpleaños Rosas y Azules 16 U,"0,11 € / 1 U","1,75 €",VAHINÉ
Despensa,"Desayuno, dulces y café",Brazo de Cacao 300 Gr,"6,63 € / 1 Kg","1,99 €",CONSUM
Despensa,"Desayuno, dulces y café",Café con Leche Descafeinado Cápsulas 16 U,"0,31 € / 1 U","4,89 €",DOLCE GUSTO
Despensa,"Desayuno, dulces y café",Bizcocho Blandito Tosta Rica Oceanix 160 Gr,"18,69 € / 1 Kg","2,99 €",CUETARA
Despensa,"Desayuno, dulces y café",Chocolate Negro 70% sin Azúcar con Almendra 150 Gr,"21,67 € / 1 Kg","3,25 €",VALOR
Despensa,"Desayuno, dulces y café",Gelatina Sabor Fresa Light 10 Kcal 31 Gr,"8,87 € / 100 Gr","2,75 €",ROYAL
Despensa,"Desayuno, dulces y café",Gelatina Sabor Limón LIght 10 Kcal 31 Gr,"8,87 € / 100 Gr","2,75 €",ROYAL
Despensa,"Desayuno, dulces y café","Kit Kat Leche 41,5 Gr","2,87 € / 100 Gr","1,19 €",NESTLE
Despensa,"Desayuno, dulces y café",Harina de Arroz Paquete 500 Gr,"2,28 € / 1 Kg","1,14 €",REX
Despensa,"Desayuno, dulces y café",Harina Mix sin Gluten 500 Gr Múltiples Usos,"5,70 € / 1 Kg","2,85 €",GALLO
Despensa,"Desayuno, dulces y café",Cappuccino Descafeinad Soluble 250 Gr,"17,80 € / 1 Kg","4,45 €",NESCAFE
Despensa,"Desayuno, dulces y café","Chicle Grajeado Hierbabuena Bote 82,6 Gr","36,92 € / 1 Kg","3,05 €",TRIDENT
Despensa,"Desayuno, dulces y café",Galleta de Cacao Rellena con Chocolate Blanco 246 Gr,"11,59 € / 1 Kg","2,85 €",OREO
Despensa,"Desayuno, dulces y café",Kinder Chocolate Caja de 16 Unidades 200 Gr,"14,95 € / 1 Kg","2,99 €",KINDER
Despensa,"Desayuno, dulces y café",Cacao Instantáneo 1 Kg,"3,90 € / 1 Kg","3,90 €",CONSUM
Despensa,"Desayuno, dulces y café",Galleta Digestive Avena 425 Gr,"2,71 € / 1 Kg","1,15 €",CONSUM
Despensa,"Desayuno, dulces y café",Loco's Mini White 8 Unidades 160 Gr,"12,44 € / 1 Kg","1,99 €",CONSUM
Despensa,"Desayuno, dulces y café",Loco's Mini Cacao 8 Unidades 155 Gr,"12,84 € / 1 Kg","1,99 €",CONSUM
Despensa,"Desayuno, dulces y café",Bombones T-15 Raffaello 150 Gr,"26,60 € / 1 Kg","3,99 €",FERRERO
Despensa,"Desayuno, dulces y café","Chicle Grageado Fresa Bote 82,6 Gr","36,92 € / 1 Kg","3,05 €",TRIDENT
Despensa,"Desayuno, dulces y café",Bombón Lindor Leche 200 Gr,"34,95 € / 1 Kg","6,99 €",LINDT
Despensa,"Desayuno, dulces y café",Café con Leche Tassimo Cápsulas 16 U,"0,33 € / 1 U","5,30 €",MARCILLA
Despensa,"Desayuno, dulces y café",Café Espresso Tassimo Cápsulas 16 U,"0,33 € / 1 U","5,30 €",MARCILLA
Despensa,"Desayuno, dulces y café",Tarta Tiramisú 200 Gr,"6,95 € / 1 Kg","1,39 €",MELS
Despensa,"Desayuno, dulces y café",Edulcorante Líquido 300 ml,"5,63 € / 1 L","1,69 €",CONSUM
Despensa,"Desayuno, dulces y café",Rellenito Fresa-Nata sin Gluten 80 Gr,"18,00 € / 1 Kg","1,35 €",FINI
Despensa,"Desayuno, dulces y café",Nubes Bicolor 100 Gr,"5,90 € / 1 Kg","0,59 €",CONSUM
Despensa,"Desayuno, dulces y café",Ositos de Goma 150 Gr,"4,60 € / 1 Kg","0,69 €",CONSUM
Despensa,"Desayuno, dulces y café",Surtido Goma Brillo 150 Gr,"6,33 € / 1 Kg","0,95 €",CONSUM
Despensa,"Desayuno, dulces y café",Mix Azucarado 150 Gr,"6,33 € / 1 Kg","0,95 €",CONSUM
Despensa,"Desayuno, dulces y café",Café Senseo Fuerte Monodosis 28 U,"0,17 € / 1 U","4,85 €",MARCILLA
Despensa,"Desayuno, dulces y café",Chapelas Zebra 3 Unidades 135 Gr,"7,41 € / 1 Kg","1,00 €",DULCESOL
Despensa,"Desayuno, dulces y café",Colas de Goma 150 Gr,"4,60 € / 1 Kg","0,69 €",CONSUM
Despensa,"Desayuno, dulces y café",Moras de Goma 150 Gr,"5,67 € / 1 Kg","0,85 €",CONSUM
Despensa,"Desayuno, dulces y café",Espresso Descafeinado Tassimo Cápsulas 16 U,"0,33 € / 1 U","5,30 €",MARCILLA
Despensa,"Desayuno, dulces y café",Chocolate Negro 55% con Almendras Enteras 200 Gr,"8,75 € / 1 Kg","1,75 €",CONSUM
Despensa,"Desayuno, dulces y café",Chocolate con Leche sin Azúcar 125 Gr,"10,00 € / 1 Kg","1,25 €",CONSUM
Despensa,"Desayuno, dulces y café",Chocolate Negro 55% con Avellanas Enteras 200 Gr,"9,25 € / 1 Kg","1,85 €",CONSUM
Despensa,"Desayuno, dulces y café",Chicle Fresa sin Azúcar Paquete 32 Unidades 45 Gr,"2,22 € / 100 Gr","1,00 €",CONSUM
Despensa,"Desayuno, dulces y café",Chicle Menta sin Azúcar Paquete 32 Unidades 45 Gr,"2,22 € / 100 Gr","1,00 €",CONSUM
Despensa,"Desayuno, dulces y café",Chicle Hierbabuena sin Azúcar Paquete 32 U. 45 Gr,"2,22 € / 100 Gr","1,00 €",CONSUM
Despensa,"Desayuno, dulces y café",Chicle Menta Regaliz sin Azúcar Paquete 32 U. 45 Gr,"2,11 € / 100 Gr","0,95 €",CONSUM
Despensa,"Desayuno, dulces y café",Torcidas Regaliz Fresa Rellenas 125 Gr,"7,20 € / 1 Kg","0,90 €",FINI
Despensa,"Desayuno, dulces y café",Chocolate con Leche Almendras sin Azúcar 150 Gr,"12,60 € / 1 Kg","1,89 €",CONSUM
Despensa,"Desayuno, dulces y café",Galleta Mini Principe 160 Gr,"12,44 € / 1 Kg","1,99 €",LU
Despensa,"Desayuno, dulces y café",Cappuccino Natural Soluble 250 Gr,"17,80 € / 1 Kg","4,45 €",NESCAFE
Despensa,"Desayuno, dulces y café",Galleta Cookies Rellena Sensations 156 Gr,"18,59 € / 1 Kg","2,90 €",MILKA
Despensa,"Desayuno, dulces y café",Café Largo Tassimo Cápsulas 16 U,"0,33 € / 1 U","5,30 €",MARCILLA
Despensa,"Desayuno, dulces y café",Galleta Tostada sin Azúcares 400 Gr,"6,48 € / 1 Kg","2,59 €",GULLON ZERO
Despensa,"Desayuno, dulces y café",Bizcochitos Tosta Rica Caja 5 Unidades 163 Gr,"23,92 € / 1 Kg","2,99 €",CUETARA
Despensa,"Desayuno, dulces y café",Compota Manzana y Melocotón Pack de 2 2 x 100 Gr,"7,00 € / 1 Kg","1,40 €",ANELA
Despensa,"Desayuno, dulces y café",Chapelas Cacao Pack 3 Unidades 135 Gr,"7,41 € / 1 Kg","1,00 €",DULCESOL
Despensa,"Desayuno, dulces y café","Kit Kat White Pack de 3 3 x 41,5 Gr","17,27 € / 1 Kg","2,15 €",NESTLE
Despensa,"Desayuno, dulces y café",Paraguas de Chocolate con Lacasitos 5 x 11 Gr,"48,91 € / 1 Kg","2,69 €",LACASA
Despensa,"Desayuno, dulces y café",Galletas de Mantequilla Lata Redonda 454 Gr,"8,26 € / 1 Kg","3,75 €",RIBERHUS
Despensa,"Desayuno, dulces y café",Crema Untar 200 Gr,"12,95 € / 1 Kg","2,59 €",NUTELLA
Despensa,"Desayuno, dulces y café",Café Espresso Descafeinado Cápsulas 10 U,"0,40 € / 1 U","3,99 €",L'OR
Despensa,"Desayuno, dulces y café",Café Espresso Ristretto Descafeinado Cápsulas 10 U,"0,40 € / 1 U","3,99 €",L'OR
Despensa,"Desayuno, dulces y café",Café Espresso Ristretto Cápsulas 10 U,"0,40 € / 1 U","3,99 €",L'OR
Despensa,"Desayuno, dulces y café",Café Cortado Cremoso Tassimo 16 U,"0,33 € / 1 U","5,30 €",MARCILLA
Despensa,"Desayuno, dulces y café",Galleta Digestive Chocolate con Leche 300 Gr,"3,50 € / 1 Kg","1,05 €",CONSUM
Despensa,"Desayuno, dulces y café",Brownie Choco Pack 6 Unidades 150 Gr,"19,93 € / 1 Kg","2,99 €",MILKA
Despensa,"Desayuno, dulces y café",Conguitos Bolsa 175 Gr,"15,37 € / 1 Kg","2,69 €",LACASA
Despensa,"Desayuno, dulces y café",Café Espresso Ristretto Cápsulas 20 U,"0,39 € / 1 U","7,89 €",L'OR
Despensa,"Desayuno, dulces y café",Café Espresso Ristretto Descafeinado Cápsulas 20 U,"0,39 € / 1 U","7,89 €",L'OR
Despensa,"Desayuno, dulces y café",Harina Para Pizza Paquete 500 Gr,"2,58 € / 1 Kg","1,29 €",HARIMSA
Despensa,"Desayuno, dulces y café",Mini Galletas Dinosaurus a Cucharadas 320 Gr,"9,34 € / 1 Kg","2,99 €",ARTIACH
Despensa,"Desayuno, dulces y café",Copos de Avena 500 Gr,"2,00 € / 1 Kg","1,00 €",JOE'S FARM
Despensa,"Desayuno, dulces y café",Surtido Galletas 420 Gr,"13,33 € / 1 Kg","5,60 €",CUETARA
Despensa,"Desayuno, dulces y café",Barquillo Relleno B-Ready 132 Gr,"17,35 € / 1 Kg","2,29 €",NUTELLA
Despensa,"Desayuno, dulces y café",Chocolate con Leche 270 Gr,"10,19 € / 1 Kg","2,75 €",MILKA
Despensa,"Desayuno, dulces y café",Sobaos Pack 14 Unidades 280 Gr,"3,93 € / 1 Kg","1,10 €",CONSUM
Despensa,"Desayuno, dulces y café",Chicle Senses Berry Party 23 Gr,"5,00 € / 100 Gr","1,15 €",TRIDENT
Despensa,"Desayuno, dulces y café",Chicle Senses Sabor Tropical 23 Gr,"5,00 € / 100 Gr","1,15 €",TRIDENT
Despensa,"Desayuno, dulces y café",Pan de Leche 8 Unidades 280 Gr,"9,25 € / 1 Kg","2,59 €",PASQUIER
Despensa,"Desayuno, dulces y café",Chicles Senses Sabor Hierbabuena 23 Gr,"5,00 € / 100 Gr","1,15 €",TRIDENT
Despensa,"Desayuno, dulces y café",Caramelo con Palo Relleno de Chicle 105 Gr,"20,48 € / 1 Kg","2,15 €",KOJAK
Despensa,"Desayuno, dulces y café",Chocolate Blanco 100 Gr,"16,90 € / 1 Kg","1,69 €",MILKYBAR
Despensa,"Desayuno, dulces y café",Galleta Mikado Chocolate Negro 71 Gr,"26,00 € / 1 Kg","1,95 €",LU
Despensa,"Desayuno, dulces y café",Galletas Mini Simpson 275 Gr,"10,87 € / 1 Kg","2,99 €",ARLUY
Despensa,"Desayuno, dulces y café",Chocolate Negro 85% sin Azúcar 100 Gr,"23,00 € / 1 Kg","2,30 €",VALOR
Despensa,"Desayuno, dulces y café",Caramelo Limón y Melisa 150 Gr,"10,60 € / 1 Kg","1,59 €",MENTOLIN
Despensa,"Desayuno, dulces y café",Surtido Mermelada 200 Gr,"11,75 € / 1 Kg","2,35 €",HELIOS
Despensa,"Desayuno, dulces y café",Harina Integral de Avena Paquete 400 Gr,"4,38 € / 1 Kg","1,75 €",HARIMSA
Despensa,"Desayuno, dulces y café",Chocolate Negro Bio 85% cacao 90 Gr,"30,56 € / 1 Kg","2,75 €",SUCHARD
Despensa,"Desayuno, dulces y café",Caramelo Eucaliptus 150 Gr,"10,60 € / 1 Kg","1,59 €",MENTOLIN
Despensa,"Desayuno, dulces y café",Harina de Trigo Ecológico Paquete 500 Gr,"3,18 € / 1 Kg","1,59 €",HARIMSA
Despensa,"Desayuno, dulces y café",Chocolate con Leche para Postres 170 Gr,"15,00 € / 1 Kg","2,55 €",NESTLE
Despensa,"Desayuno, dulces y café",Postre Manzana y Mango Pack de 2 2 x 100 Gr,"7,00 € / 1 Kg","1,40 €",ANELA
Despensa,"Desayuno, dulces y café",Pandorino Cacao Pack 4 Unidades 135 Gr,"7,41 € / 1 Kg","1,00 €",DULCESOL
Despensa,"Desayuno, dulces y café",Galleta Bio Organic con Choco Chips 250 Gr,"12,76 € / 1 Kg","3,19 €",GULLON
Despensa,"Desayuno, dulces y café",Preparado para Tortitas 120 Gr,"10,42 € / 1 Kg","1,25 €",ROYAL
Despensa,"Desayuno, dulces y café",Crepes 405 Gr,"5,90 € / 1 Kg","2,39 €",CREAPAN
Despensa,"Desayuno, dulces y café",Café Espresso Colombia Cápsulas 10 U,"0,44 € / 1 U","4,39 €",L'OR
Despensa,"Desayuno, dulces y café",Chocolate 90% Cacao Excellence 100 Gr,"34,90 € / 1 Kg","3,49 €",LINDT
Despensa,"Desayuno, dulces y café",Fideos de Colores 60 Gr,"18,17 € / 1 Kg","1,09 €",MOLINO REAL
Despensa,"Desayuno, dulces y café",Fideos de Chocolate 55 Gr,"19,82 € / 1 Kg","1,09 €",MOLINO REAL
Despensa,"Desayuno, dulces y café",Confitura de Fresa 330 Gr,"7,55 € / 1 Kg","2,49 €",HERO
Despensa,"Desayuno, dulces y café",Copos de Maíz Tostado Ecológico 400 Gr,"8,98 € / 1 Kg","3,59 €",ECOCESTA
Despensa,"Desayuno, dulces y café",Confitura Melocotón 330 Gr,"7,55 € / 1 Kg","2,49 €",HERO
Despensa,"Desayuno, dulces y café",Café Espresso Onyx Cápsulas 20 U,"0,39 € / 1 U","7,89 €",L'OR
Despensa,"Desayuno, dulces y café",Café Molido Expresso Descafeinado Natural 250 Gr,"10,20 € / 1 Kg","2,55 €",CONSUM
Despensa,"Desayuno, dulces y café",Chocolate Negro 92% Cacao 170 Gr,"22,06 € / 1 Kg","3,75 €",VALOR
Despensa,"Desayuno, dulces y café",Azúcar Moreno de Caña Orgánico 500 Gr,"4,30 € / 1 Kg","2,15 €",ECOWASSY
Despensa,"Desayuno, dulces y café",Regamix 200 Gr,"5,75 € / 1 Kg","1,15 €",FINI
Despensa,"Desayuno, dulces y café",Harina Integral Paquete 1 Kg,"1,65 € / 1 Kg","1,65 €",GALLO
Despensa,"Desayuno, dulces y café",Kinder Schokobons Bolsa 200 Gr,"19,95 € / 1 Kg","3,99 €",KINDER
Despensa,"Desayuno, dulces y café",Torta Aceite Sin Azúcar 6 Unidades 180 Gr,"16,61 € / 1 Kg","2,99 €",INES ROSALES
Despensa,"Desayuno, dulces y café",Chocolate a la Taza 300 Gr,"10,67 € / 1 Kg","3,20 €",VALOR
Despensa,"Desayuno, dulces y café",Crema Cacao Chocoleche Vaso Cristal 360 Gr,"9,69 € / 1 Kg","3,49 €",NOCILLA
Despensa,"Desayuno, dulces y café",Queso Cabra Rulo Unidad 180 Gr,"18,06 € / 1 Kg","3,25 €",PRESIDENT
Despensa,"Desayuno, dulces y café",Crema de Cacao Original Vaso Cristal 360 Gr,"9,69 € / 1 Kg","3,49 €",NOCILLA
Despensa,"Desayuno, dulces y café",Cereales Mix Variety Pack de 6 190 Gr,"21,00 € / 1 Kg","3,99 €",NESTLE
Despensa,"Desayuno, dulces y café",Regaliz Negro Gourmet 128 Gr,"17,16 € / 1 Kg","1,99 €",FINI
Despensa,"Desayuno, dulces y café",Crema de Cacao Original Vaso Cristal 180 Gr,"13,61 € / 1 Kg","2,45 €",NOCILLA
Despensa,"Desayuno, dulces y café",Crema Cacao Chocoleche Vaso Cristal 180 Gr,"13,61 € / 1 Kg","2,45 €",NOCILLA
Despensa,"Desayuno, dulces y café",Cacao Soluble con Fibra 0% Azúcar 300 Gr,"14,30 € / 1 Kg","4,29 €",COLA CAO
Despensa,"Desayuno, dulces y café",Cacahuete Chocolate con Leche 250 Gr,"8,80 € / 1 Kg","2,20 €",PRUNITA
Despensa,"Desayuno, dulces y café",Café Molido Natural Colombia 100% Arábica 250 Gr,"12,80 € / 1 Kg","3,20 €",CONSUM
Despensa,"Desayuno, dulces y café",Cereal Froot Loops 375 Gr,"11,97 € / 1 Kg","4,49 €",KELLOGG'S
Despensa,"Desayuno, dulces y café",Gelatina Sabor Arándano Light 10 Kcal 31 Gr,"8,87 € / 100 Gr","2,75 €",ROYAL
Despensa,"Desayuno, dulces y café",Snack Chocolate Delice 186 Gr,"14,82 € / 1 Kg","2,49 €",KINDER
Despensa,"Desayuno, dulces y café","Sugus Caramelo Masticable a Base de Zumo de Frutas, 150g","19,93 € / 1 Kg","2,99 €",SUGUS
Despensa,"Desayuno, dulces y café",Harina para Bizcochos Paquete 1 Kg,"1,69 € / 1 Kg","1,69 €",GALLO
Despensa,"Desayuno, dulces y café",Surtido Mix sin Azúcar 90 Gr,"10,56 € / 1 Kg","0,95 €",DAMEL
Despensa,"Desayuno, dulces y café",Cereal Soluble Ecológico 150 Gr,"23,27 € / 1 Kg","3,49 €",EKO
Despensa,"Desayuno, dulces y café",Harina de Garbanzo Paquete 400 Gr,"4,23 € / 1 Kg","1,69 €",HARIMSA
Despensa,"Desayuno, dulces y café",Chocolate Negro 72% Cacao 100 Gr,"10,50 € / 1 Kg","1,05 €",CONSUM
Despensa,"Desayuno, dulces y café",Chocolate Negro Flor de Sal Excellence 100 Gr,"32,50 € / 1 Kg","3,25 €",LINDT
Despensa,"Desayuno, dulces y café",Chocolate Fondant 100 Gr,"9,90 € / 1 Kg","0,99 €",DOLCA
Despensa,"Desayuno, dulces y café",Chocolate con Leche Extrafino 100 Gr,"9,90 € / 1 Kg","0,99 €",DOLCA
Despensa,"Desayuno, dulces y café",Gofre con Chocolate 120 Más 20 g 140 Gr,"5,64 € / 1 Kg","0,79 €",WAFFY
Despensa,"Desayuno, dulces y café",Gofre Natural Waffy 120 Gr,"6,58 € / 1 Kg","0,79 €",WAFFY
Despensa,"Desayuno, dulces y café",Mermelada Ecológica Fresa 350 Gr,"6,43 € / 1 Kg","2,25 €",CONSUM ECO
Despensa,"Desayuno, dulces y café",Mermelada Ecológica Melocotón 350 Gr,"6,43 € / 1 Kg","2,25 €",CONSUM ECO
Despensa,"Desayuno, dulces y café",Chocolate Negro 85% Cacao 100 Gr,"12,50 € / 1 Kg","1,25 €",CONSUM
Despensa,"Desayuno, dulces y café",Café en Grano Puro Arábica 500 Gr,"19,00 € / 1 Kg","9,50 €",BONKA
Despensa,"Desayuno, dulces y café",Mojicón con Pepitas de Chocolate 240 Gr,"8,29 € / 1 Kg","1,99 €",LUNA
Despensa,"Desayuno, dulces y café",Cereal Crunchy Nut,"7,78 € / 1 Kg","3,89 €",KELLOGG'S
Despensa,"Desayuno, dulces y café",Confitura de Fresa 370 Gr,"8,08 € / 1 Kg","2,99 €",BONNE MAMAN
Despensa,"Desayuno, dulces y café",Confitura de Melocotón 370 Gr,"8,08 € / 1 Kg","2,99 €",BONNE MAMAN
Despensa,"Desayuno, dulces y café",Confitura de Arándano Salvaje 370 Gr,"12,14 € / 1 Kg","4,49 €",BONNE MAMAN
Despensa,"Desayuno, dulces y café",Cereales con Miel Pops 450 Gr,"9,98 € / 1 Kg","3,99 €",KELLOGG'S
Despensa,"Desayuno, dulces y café",Cereales Choco Krispies 420 Gr,"8,45 € / 1 Kg","3,55 €",KELLOGG'S
Despensa,"Desayuno, dulces y café",Lote Chocolate Blanco 2 x 100 Gr,"11,75 € / 1 Kg","2,35 €",MILKYBAR
Despensa,"Desayuno, dulces y café",Té Earl Grey 25 Bolsitas 82 Gr,"57,20 € / 1 Kg","4,69 €",TWININGS
Despensa,"Desayuno, dulces y café",Cacao Soluble 760 Gr,"8,54 € / 1 Kg","6,49 €",COLA CAO
Despensa,"Desayuno, dulces y café",Galletas Mantequilla 125 Gr,"10,00 € / 1 Kg","1,25 €",MELS
Despensa,"Desayuno, dulces y café",Azúcar de Coco Bío 300 Gr,"8,83 € / 1 Kg","2,65 €",ECOWASSY
Despensa,"Desayuno, dulces y café",Barrita Fitness Choco Negro 6 Unidades 141 Gr,"21,21 € / 1 Kg","2,99 €",NESTLE
Despensa,"Desayuno, dulces y café",Queso de Cabra Afinado 250 Gr,"23,80 € / 1 Kg","5,95 €",CAPRIMED
Despensa,"Desayuno, dulces y café",Cebolla Confitada Tarro 230 Gr,"7,17 € / 1 Kg","1,65 €",BEBE
Despensa,"Desayuno, dulces y café",Brownie con Chocolate 200 Gr,"11,25 € / 1 Kg","2,25 €",MR.BROWNIE
Despensa,"Desayuno, dulces y café",Pimiento Confitado Tarro 230 Gr,"10,22 € / 1 Kg","2,35 €",BEBE
Despensa,"Desayuno, dulces y café",Velitas Smiley 27 Gr,"11,07 € / 100 Gr","2,99 €",VAHINE
Despensa,"Desayuno, dulces y café",Galleta Digestive Finas Chocolate Negro 170 Gr,"14,71 € / 1 Kg","2,50 €",FONTANEDA
Despensa,"Desayuno, dulces y café",Galleta Digestive Finas Chocolate con Leche 170 Gr,"14,71 € / 1 Kg","2,50 €",FONTANEDA
Despensa,"Desayuno, dulces y café",Miel Cruda de Romero Tarro 500 Gr,"12,50 € / 1 Kg","6,25 €",R.APICOLA
Despensa,"Desayuno, dulces y café",Surtido Galletas Compliments 500 Gr,"8,70 € / 1 Kg","4,35 €",LAMBERTZ
Despensa,"Desayuno, dulces y café",Harina Espelta Integral Paquete 1 Kg,"2,49 € / 1 Kg","2,49 €",GALLO
Despensa,"Desayuno, dulces y café",Rollino Latte 222 Gr,"8,06 € / 1 Kg","1,79 €",BALCONI
Despensa,"Desayuno, dulces y café",Trancetto Cacao 280 Gr,"6,39 € / 1 Kg","1,79 €",BALCONI
Despensa,"Desayuno, dulces y café",Magdalena Choco Chips Zero 256 Gr,"10,00 € / 1 Kg","2,25 €",HERAS
Despensa,"Desayuno, dulces y café",Chocolate Negro 82% con Almendra 250 Gr,"19,96 € / 1 Kg","4,99 €",VALOR
Despensa,"Desayuno, dulces y café",Chocolate a la Taza en Polvo 340 Gr,"9,68 € / 1 Kg","3,29 €",PALADIN
Despensa,"Desayuno, dulces y café",Café con Leche Intenso Cápsulas 16 U,"0,31 € / 1 U","4,89 €",DOLCE GUSTO
Despensa,"Desayuno, dulces y café",Quema Grasa 25 U,"0,11 € / 1 U","2,75 €",POMPADOUR
Despensa,"Desayuno, dulces y café",Confitura Fresa Pack de 10 10 x 25 Gr,"7,16 € / 1 Kg","1,79 €",HELIOS
Despensa,"Desayuno, dulces y café",Tubitos Rellenos Crema de Cacao 160 Gr,"8,33 € / 1 Kg","1,25 €",MELS
Despensa,"Desayuno, dulces y café",Tubitos Rellenos Crema de Vainilla 160 Gr,"8,33 € / 1 Kg","1,25 €",MELS
Despensa,"Desayuno, dulces y café",Confitura Melocotón Pack de 10 10 x 25 Gr,"7,16 € / 1 Kg","1,79 €",HELIOS
Despensa,"Desayuno, dulces y café",Galleta Mini Integral Multicereales 225 Gr,"8,84 € / 1 Kg","1,99 €",CONSUM ECO
Despensa,"Desayuno, dulces y café",Magdalena sin Azúcares Añadidos y Sin Leche 500 Gr,"6,64 € / 1 Kg","2,99 €",LALY
Despensa,"Desayuno, dulces y café",Galleta con Chocolate Cards 2x5 Packs 128 Gr,"21,80 € / 1 Kg","2,79 €",KINDER
Despensa,"Desayuno, dulces y café",Miel de Flores Pack de 10 10 x 25 Gr,"11,40 € / 1 Kg","2,85 €",HELIOS
Despensa,"Desayuno, dulces y café",Barritas Almendra Chocolate con Leche 4 x 25 Gr,"26,90 € / 1 Kg","2,69 €",EL ALMENDRO
Despensa,"Desayuno, dulces y café",Membrillo sin Azúcar 2 x 185 Gr,"5,54 € / 1 Kg","2,05 €",CONSUM
Despensa,"Desayuno, dulces y café",Café Molido Ecológico 250 Gr,"15,40 € / 1 Kg","3,85 €",BONKA
Despensa,"Desayuno, dulces y café",Jelly Kisses Sabor Fresa y Nata 200 Gr,"5,75 € / 1 Kg","1,15 €",FINI
Despensa,"Desayuno, dulces y café",Happy Party 500 Gr,"9,50 € / 1 Kg","4,75 €",FINI
Despensa,"Desayuno, dulces y café",Cereales Rellenos Leche sin Gluten 500 Gr,"5,18 € / 1 Kg","2,59 €",CERIDÉS
Despensa,"Desayuno, dulces y café",Cereales Rellenos Choco sin Gluten 500 Gr,"5,50 € / 1 Kg","2,75 €",CERIDÉS
Despensa,"Desayuno, dulces y café",Loco's Cacao 6 Unidades 240 Gr,"8,29 € / 1 Kg","1,99 €",CONSUM
Despensa,"Desayuno, dulces y café",Loco's White 6 Unidades 270 Gr,"7,37 € / 1 Kg","1,99 €",CONSUM
Despensa,"Desayuno, dulces y café",Loco's Azúcar 6 Unidades 252 Gr,"7,90 € / 1 Kg","1,99 €",CONSUM
Despensa,"Desayuno, dulces y café",Caramelo Eucalipto 150 Gr,"7,67 € / 1 Kg","1,15 €",CONSUM
Despensa,"Desayuno, dulces y café",Caramelo Eucalipto sin Azúcar 90 Gr,"11,00 € / 1 Kg","0,99 €",CONSUM
Despensa,"Desayuno, dulces y café",Caramelo Miel-Limón 150 Gr,"7,67 € / 1 Kg","1,15 €",CONSUM
Despensa,"Desayuno, dulces y café",Caramelo Mix Frutas sin Azúcar 90 Gr,"11,67 € / 1 Kg","1,05 €",CONSUM
Despensa,"Desayuno, dulces y café",Caramelo Naranja - Limón 150 Gr,"7,67 € / 1 Kg","1,15 €",CONSUM
Despensa,"Desayuno, dulces y café",Gelatina Fresa 114 Gr,"24,12 € / 1 Kg","2,75 €",ROYAL
Despensa,"Desayuno, dulces y café",Briox Trenzado 400 Gr,"10,48 € / 1 Kg","4,19 €",MUSFI'S
Despensa,"Desayuno, dulces y café",Muesli Crujiente sin Azúcar 500 Gr,"4,58 € / 1 Kg","2,29 €",CERIDÉS
Despensa,"Desayuno, dulces y café",Fideos Arco Iris Frasco 71 Gr,"31,69 € / 1 Kg","2,25 €",VAHINÉ
Despensa,"Desayuno, dulces y café",Infusión Fruit All sin Teina 20 Bolsitas 20 U,"0,13 € / 1 U","2,50 €",POMPADOUR
Despensa,"Desayuno, dulces y café",Postre de Macedonia Pack 2 Unidades 2 x 100 Gr,"7,00 € / 1 Kg","1,40 €",ANELA
Despensa,"Desayuno, dulces y café",Cacao Soluble 0% Bolsa 500 Gr,"11,98 € / 1 Kg","5,99 €",COLA CAO
Despensa,"Desayuno, dulces y café",Barrita Nesquik Cereales Pack 4 Unidades 4 x 25 Gr,"15,00 € / 1 Kg","1,50 €",NESTLE
Despensa,"Desayuno, dulces y café",Rollino Nocciola Balconi 222 Gr,"8,06 € / 1 Kg","1,79 €",BALCONI
Despensa,"Desayuno, dulces y café",Caramelo Líquido 300 Gr,"5,63 € / 1 Kg","1,69 €",MOLINO REAL
Despensa,"Desayuno, dulces y café",Fideos Chocolate 71 Gr,"31,69 € / 1 Kg","2,25 €",VAHINE
Despensa,"Desayuno, dulces y café",Cuajada Casera 48 Gr,"2,90 € / 100 Gr","1,39 €",MOLINO REAL
Despensa,"Desayuno, dulces y café",Té English Breakfast 25 Bolsitas 82 Gr,"57,20 € / 1 Kg","4,69 €",TWININGS
Despensa,"Desayuno, dulces y café",Ositos de Oro 100 Gr,"13,90 € / 1 Kg","1,39 €",HARIBO
Despensa,"Desayuno, dulces y café",Favoritos Azúcar 90 Gr,"15,44 € / 1 Kg","1,39 €",HARIBO
Despensa,"Desayuno, dulces y café",Funky Mix 100 Gr,"13,90 € / 1 Kg","1,39 €",HARIBO
Despensa,"Desayuno, dulces y café",Favoritos Regaliz Red & White 90 Gr,"15,44 € / 1 Kg","1,39 €",HARIBO
Despensa,"Desayuno, dulces y café",Fresones 100 Gr,"13,90 € / 1 Kg","1,39 €",HARIBO
Despensa,"Desayuno, dulces y café",Rodajas de Sandía 90 Gr,"15,44 € / 1 Kg","1,39 €",HARIBO
Despensa,"Desayuno, dulces y café",Tropifrutti 100 Gr,"13,90 € / 1 Kg","1,39 €",HARIBO
Despensa,"Desayuno, dulces y café",Favoritos Azúcar Tarrina 500 Gr,"9,98 € / 1 Kg","4,99 €",HARIBO
Despensa,"Desayuno, dulces y café",Gelatina Neutra en Polvo 2 Sobres x 10 gr 20 Gr,"8,45 € / 100 Gr","1,69 €",MOLINO REAL
Despensa,"Desayuno, dulces y café",Algodón de Azúcar 30 Gr,"3,83 € / 100 Gr","1,15 €",DEKORA
Despensa,"Desayuno, dulces y café",Caramelo Toffee 150 Gr,"7,67 € / 1 Kg","1,15 €",CONSUM
Despensa,"Desayuno, dulces y café",Infusión Arándanos con Hibisco 20 Bolsitas 20 U,"0,14 € / 1 U","2,79 €",HORNIMANS
Despensa,"Desayuno, dulces y café",Infusión Maca y Jengibre 20 Bolsitas 20 U,"0,14 € / 1 U","2,79 €",HORNIMANS
Despensa,"Desayuno, dulces y café","M&M's bolitas de Cacahuetes y Chocolate con Leche, 200g","17,95 € / 1 Kg","3,59 €",MARS
Despensa,"Desayuno, dulces y café",Snack Chocolate 3 x 45 Gr,"20,67 € / 1 Kg","2,79 €",MARS
Despensa,"Desayuno, dulces y café",Snack Chocolate 3 x 50 Gr,"18,60 € / 1 Kg","2,79 €",SNICKERS
Despensa,"Desayuno, dulces y café",Chocolatina 3 x 50 Gr,"18,60 € / 1 Kg","2,79 €",TWIX
Despensa,"Desayuno, dulces y café",Cacao Soluble 383 Gr,"9,90 € / 1 Kg","3,79 €",COLA CAO
Despensa,"Desayuno, dulces y café",Galletitas Animales Solo Cereales 100% Eco-Bío 100 Gr,"34,90 € / 1 Kg","3,49 €",HERO
Despensa,"Desayuno, dulces y café",Mantecadas Luna 370 Gr,"5,38 € / 1 Kg","1,99 €",LUNA
Despensa,"Desayuno, dulces y café",Café Ristretto 20 Cápsulas 20 U,"0,30 € / 1 U","5,99 €",MARCILLA
Despensa,"Desayuno, dulces y café",Café Intenso 20 Cápsulas 20 U,"0,30 € / 1 U","5,99 €",MARCILLA
Despensa,"Desayuno, dulces y café",Café Descafeinado 20 Cápsulas 20 U,"0,30 € / 1 U","5,99 €",MARCILLA
Despensa,"Desayuno, dulces y café",Bombones Surtidos sin Gluten 150 Gr,"13,27 € / 1 Kg","1,99 €",CONSUM
Despensa,"Desayuno, dulces y café",Café Grano Colombia 500 Gr,"23,98 € / 1 Kg","11,99 €",L'OR
Despensa,"Desayuno, dulces y café",Café Espresso Colombia Cápsulas 20 U,"0,43 € / 1 U","8,65 €",L'OR
Despensa,"Desayuno, dulces y café",Infusión Ultralax 20 Bolsitas 20 U,"0,14 € / 1 U","2,75 €",POMPADOUR
Despensa,"Desayuno, dulces y café",Te Verde 20 Bolsitas 20 U,"0,04 € / 1 U","0,75 €",CONSUM
Despensa,"Desayuno, dulces y café",Kit Kat Mini 200 Gr,"13,45 € / 1 Kg","2,69 €",NESTLE
Despensa,"Desayuno, dulces y café",Te Rojo 20 Bolsitas 20 U,"0,06 € / 1 U","1,15 €",CONSUM
Despensa,"Desayuno, dulces y café",Manzanilla con Anís 20 bolsitas 20 U,"0,04 € / 1 U","0,85 €",CONSUM
Despensa,"Desayuno, dulces y café",Té Negro 20 Bolsitas 20 U,"0,04 € / 1 U","0,75 €",CONSUM
Despensa,"Desayuno, dulces y café",Tila 20 Bolsitas 20 U,"0,04 € / 1 U","0,85 €",CONSUM
Despensa,"Desayuno, dulces y café",Bombones Surtidos sin Gluten 470 Gr,"9,15 € / 1 Kg","4,30 €",CONSUM
Despensa,"Desayuno, dulces y café",Chocolate Negro Dark 270 Gr,"11,67 € / 1 Kg","3,15 €",NESTLE
Despensa,"Desayuno, dulces y café",Pancakes 160 Gr,"12,44 € / 1 Kg","1,99 €",CREAPAN
Despensa,"Desayuno, dulces y café",Chicle Fresa sin Azúcar Bote 100 Gr,"19,50 € / 1 Kg","1,95 €",CONSUM
Despensa,"Desayuno, dulces y café",Chicle Menta sin Azúcar Bote 100 Gr,"19,50 € / 1 Kg","1,95 €",CONSUM
Despensa,"Desayuno, dulces y café",Chicle Hierbabuena sin Azúcar Bote 100 Gr,"19,50 € / 1 Kg","1,95 €",CONSUM
Despensa,"Desayuno, dulces y café",Chicle Menta Regaliz sin Azúcar Bote 100 Gr,"19,50 € / 1 Kg","1,95 €",CONSUM
Despensa,"Desayuno, dulces y café",Chocolate Negro 70% Dark 120 Gr,"16,58 € / 1 Kg","1,99 €",NESTLE
Despensa,"Desayuno, dulces y café",Menta Poleo 20 Bolsitas 20 U,"0,03 € / 1 U","0,65 €",CONSUM
Despensa,"Desayuno, dulces y café",Barritas de Almendras Chocolate Negro 70% 4 x 25 Gr,"26,90 € / 1 Kg","2,69 €",EL ALMENDRO
Despensa,"Desayuno, dulces y café",Bizcocho Mix Milk 10 U,"0,30 € / 1 U","2,99 €",BALCONI
Despensa,"Desayuno, dulces y café",Infusión Sueño 20 Bolsitas 20 U,"0,05 € / 1 U","1,05 €",CONSUM
Despensa,"Desayuno, dulces y café",Infusión Figura 20 Bolsitas 20 U,"0,06 € / 1 U","1,10 €",CONSUM
Despensa,"Desayuno, dulces y café",Pause Ciok sin Gluten Bizcochito con Chocolate 350 Gr,"12,54 € / 1 Kg","4,39 €",SCHÄR
Despensa,"Desayuno, dulces y café",Chocolate a la Taza 5 x 50 Gr,"11,96 € / 1 Kg","2,99 €",ANDREU
Despensa,"Desayuno, dulces y café",Cookies Mini Nocilla Original 160 Gr,"17,44 € / 1 Kg","2,79 €",NOCILLA
Despensa,"Desayuno, dulces y café",Copos Trigo Espelta Ecológicos integrales 350 Gr,"9,69 € / 1 Kg","3,39 €",CONSUM ECO
Despensa,"Desayuno, dulces y café",Bollisol Relleno Cacao 4 Unidades 240 Gr,"7,88 € / 1 Kg","1,89 €",DULCESOL
Despensa,"Desayuno, dulces y café",Chocolate Negro 85% Dark 120 Gr,"16,58 € / 1 Kg","1,99 €",NESTLE
Despensa,"Desayuno, dulces y café",Chocolate Leche y Galleta Jungly 125 Gr,"13,52 € / 1 Kg","1,69 €",JUNGLY
Despensa,"Desayuno, dulces y café",Cereales Oreo O's 350 Gr,"12,83 € / 1 Kg","4,49 €",OREO
Despensa,"Desayuno, dulces y café",Cereales Choco Zero sin Gluten y sin Azúcares 300 Gr,"8,17 € / 1 Kg","2,45 €",ESGIR
Despensa,"Desayuno, dulces y café",Café Espresso India 10 Cápsulas 10 U,"0,37 € / 1 U","3,69 €",NESCAFE
Despensa,"Desayuno, dulces y café",Kinder Maxi Barrita Chocolate T-6 126 Gr,"19,76 € / 1 Kg","2,49 €",FERRERO
Despensa,"Desayuno, dulces y café",Café Descafeinado Colombia 10 Cápsulas 10 U,"0,37 € / 1 U","3,69 €",NESCAFE
Despensa,"Desayuno, dulces y café",Café Lungo Brazil 10 Cápsulas 10 U,"0,37 € / 1 U","3,69 €",NESCAFE
Despensa,"Desayuno, dulces y café",Pepitas Chocolate Negro Intenso 70% 100 Gr,"33,50 € / 1 Kg","3,35 €",VAHINÉ
Despensa,"Desayuno, dulces y café",Bizcocho Limón sin Azúcar Añadidos 500 Gr,"6,64 € / 1 Kg","2,99 €",LALY
Despensa,"Desayuno, dulces y café",Barritas Cereales con Choco-Leche 0% Pack 6 120 Gr,"20,75 € / 1 Kg","2,49 €",CORNY
Despensa,"Desayuno, dulces y café",Barritas Cereales con Chocolate Negro Pack 6 138 Gr,"18,04 € / 1 Kg","2,49 €",CORNY
Despensa,"Desayuno, dulces y café",Barritas Cereales con Chocolate Leche Pack 6 150 Gr,"16,60 € / 1 Kg","2,49 €",CORNY
Despensa,"Desayuno, dulces y café",Mix Cereales 0% Azúcares Añadidos 300 Gr,"7,30 € / 1 Kg","2,19 €",ESGIR
Despensa,"Desayuno, dulces y café",Kinder Schokobons White Bolsa 200 Gr,"19,95 € / 1 Kg","3,99 €",KINDER
Despensa,"Desayuno, dulces y café",Galleta Mini Rellena de Crema Golden 160 Gr,"12,44 € / 1 Kg","1,99 €",OREO
Despensa,"Desayuno, dulces y café",Donettes Rayados 8 Unidades 176 Gr,"15,63 € / 1 Kg","2,75 €",DONUTS
Despensa,"Desayuno, dulces y café",Galleta Rellena de Crema 304 Gr,"13,13 € / 1 Kg","3,99 €",NUTELLA
Despensa,"Desayuno, dulces y café",Lacasitos con Licencia Tubo 20 Gr,"12,75 € / 100 Gr","2,55 €",LACASA
Despensa,"Desayuno, dulces y café",Café Grano Natural 500 Gr,"15,98 € / 1 Kg","7,99 €",MARCILLA
Despensa,"Desayuno, dulces y café",Infusión Cúrcuma y Té Matcha 20 Bolsitas 20 U,"0,14 € / 1 U","2,79 €",HORNIMANS
Despensa,"Desayuno, dulces y café","Bote Chicles Sin Azúcar de Eucalipto en grageas, 60uds","47,50 € / 1 Kg","3,99 €",ORBIT
Despensa,"Desayuno, dulces y café",Caramelo Eucalipto Mentol sin Azúcar 2 x 32 Gr,"29,53 € / 1 Kg","1,89 €",HALLS
Despensa,"Desayuno, dulces y café",Miel de Flores Ecológica Tarro 500 Gr,"10,78 € / 1 Kg","5,39 €",R.APICOLA
Despensa,"Desayuno, dulces y café",Cereales Cheerios Avena 300 Gr,"11,63 € / 1 Kg","3,49 €",NESTLE
Despensa,"Desayuno, dulces y café",Weikis con Pepitas Choco Leche 240 Gr,"11,21 € / 1 Kg","2,69 €",BELLA EASO
Despensa,"Desayuno, dulces y café",Azúcar Moreno Paquete 1 Kg,"1,95 € / 1 Kg","1,95 €",AZUCARERA
Despensa,"Desayuno, dulces y café",Panela 450 Gr,"4,00 € / 1 Kg","1,80 €",NATURWASSY
Despensa,"Desayuno, dulces y café",Té Negro con Canela 20 Bolsitas 20 U,"0,13 € / 1 U","2,50 €",POMPADOUR
Despensa,"Desayuno, dulces y café",Cacao Soluble 0% Azúcares Añadidos 345 Gr,"13,41 € / 1 Kg","4,29 €",NESQUIK
Despensa,"Desayuno, dulces y café",Té Verde Moruno 20 Bolsitas 20 U,"0,14 € / 1 U","2,75 €",POMPADOUR
Despensa,"Desayuno, dulces y café",Canela Molida 43 Gr,"7,65 € / 100 Gr","3,29 €",VAHINÉ
Despensa,"Desayuno, dulces y café",Obleas Estuche 240 Gr,"10,21 € / 1 Kg","2,45 €",FABIAN MARTI
Despensa,"Desayuno, dulces y café",Café Ristretto África 18 Cápsulas 18 U,"0,35 € / 1 U","6,29 €",NESCAFE
Despensa,"Desayuno, dulces y café",Pastas de Té Bandeja 350 Gr,"5,40 € / 1 Kg","1,89 €",GARCINUEZ
Despensa,"Desayuno, dulces y café",Infusión Probióticos y Manzanilla 15 U,"0,20 € / 1 U","2,99 €",POMPADOUR
Despensa,"Desayuno, dulces y café",Infusión Probióticos y Jengibre 15 U,"0,20 € / 1 U","2,99 €",POMPADOUR
Despensa,"Desayuno, dulces y café",Bombón Zebra Largo 3 Unidades 120 Gr,"8,33 € / 1 Kg","1,00 €",DULCESOL
Despensa,"Desayuno, dulces y café",Muesli Frutos Secos Crujiente 500 Gr,"4,58 € / 1 Kg","2,29 €",CERIDÉS
Despensa,"Desayuno, dulces y café",Galleta con Tableta de Chocolate con Leche 150 Gr,"8,33 € / 1 Kg","1,25 €",CONSUM
Despensa,"Desayuno, dulces y café",Hojaldres de Astorga Bandeja 8 Unidades 240 Gr,"7,29 € / 1 Kg","1,75 €",DULMA
Despensa,"Desayuno, dulces y café",Gomas Surtidas Brillo Veganas 110 Gr,"8,64 € / 1 Kg","0,95 €",DAMEL
Despensa,"Desayuno, dulces y café",Jarabe de Arce 150 Gr,"28,33 € / 1 Kg","4,25 €",MAPLE JOE
Despensa,"Desayuno, dulces y café",Copos Avena Integral sin Gluten 450 Gr,"5,56 € / 1 Kg","2,50 €",ESGIR
Despensa,"Desayuno, dulces y café",Chocolate Blanco con Galleta 125 Gr,"13,52 € / 1 Kg","1,69 €",JUNGLY
Despensa,"Desayuno, dulces y café",Galleta con Tableta Chocolate Negro 150 Gr,"8,33 € / 1 Kg","1,25 €",CONSUM
Despensa,"Desayuno, dulces y café",Barrita Choco Krispies Caja 6 Unidades 6 x 20 Gr,"27,92 € / 1 Kg","3,35 €",KELLOGG'S
Despensa,"Desayuno, dulces y café",Cereales Rice Krispies 340 Gr,"12,91 € / 1 Kg","4,39 €",KELLOGG'S
Despensa,"Desayuno, dulces y café",Cacao Soluble 100% Natural 250 Gr,"17,16 € / 1 Kg","4,29 €",VALOR
Despensa,"Desayuno, dulces y café",Café Doppio Espresso Cápsulas 16 U,"0,31 € / 1 U","4,89 €",DOLCE GUSTO
Despensa,"Desayuno, dulces y café",Cafe Colombia Cápsulas 20 U,"0,30 € / 1 U","5,99 €",MARCILLA
Despensa,"Desayuno, dulces y café",Café con Leche 30 Cápsulas 30 U,"0,26 € / 1 U","7,75 €",DOLCE GUSTO
Despensa,"Desayuno, dulces y café",Café Espresso Intenso 30 Cápsulas 30 U,"0,26 € / 1 U","7,75 €",DOLCE GUSTO
Despensa,"Desayuno, dulces y café",Crema para Untar de Galleta 400 Gr,"8,73 € / 1 Kg","3,49 €",LOTUS
Despensa,"Desayuno, dulces y café",Cereales Choco Protein Sin Azúcar 250 Gr,"11,96 € / 1 Kg","2,99 €",ESGIR
Despensa,"Desayuno, dulces y café",Harina Trigo Sarraceno Alforfón 500 Gr,"6,70 € / 1 Kg","3,35 €",NATUR DACSA
Despensa,"Desayuno, dulces y café",Salvado Avena Crujiente Sin Azucares Añadidos 300 Gr,"8,83 € / 1 Kg","2,65 €",ESGIR
Despensa,"Desayuno, dulces y café",Peque Galletas Bolsa 180 Gr,"19,44 € / 1 Kg","3,50 €",NESTLE
Despensa,"Desayuno, dulces y café",Cereales Solubles con Magnesio 150 Gr,"25,27 € / 1 Kg","3,79 €",EKO
Despensa,"Desayuno, dulces y café",Galletas Finas Avena Chocoleche 150 Gr,"15,00 € / 1 Kg","2,25 €",GULLON ZERO
Despensa,"Desayuno, dulces y café",Galleta Fina Chocoleche 150 Gr,"15,00 € / 1 Kg","2,25 €",GULLON ZERO
Despensa,"Desayuno, dulces y café",Galleta Choco Finas 126 Gr,"14,68 € / 1 Kg","1,85 €",MILKA
Despensa,"Desayuno, dulces y café",Obleas Artesanas 20 unidades 35 Gr,"1,29 € / 100 Gr","0,45 €",DICAR
Despensa,"Desayuno, dulces y café",Chocolate con Oreo 300 Gr,"12,50 € / 1 Kg","3,75 €",MILKA
Despensa,"Desayuno, dulces y café",Galleta Flakes Nocilla Caja 3 Bolsitas 105 Gr,"11,43 € / 1 Kg","1,20 €",CUETARA
Despensa,"Desayuno, dulces y café",Chocolate Negro para Postres 200 Gr,"12,75 € / 1 Kg","2,55 €",NESTLE
Despensa,"Desayuno, dulces y café",Caja Cumpleaños Fun Box 70 Gr,"16,43 € / 1 Kg","1,15 €",FINI
Despensa,"Desayuno, dulces y café",Granola Avena Chocolate Special K 320 Gr,"9,69 € / 1 Kg","3,10 €",KELLOGG'S
Despensa,"Desayuno, dulces y café",Edulcorante Eritritol 200 Gr,"16,00 € / 1 Kg","3,20 €",NATURWASSY
Despensa,"Desayuno, dulces y café",Tajada Sandia 150 Gr,"5,93 € / 1 Kg","0,89 €",CONSUM
Despensa,"Desayuno, dulces y café",Mix Regaliz 150 Gr,"6,33 € / 1 Kg","0,95 €",CONSUM
Despensa,"Desayuno, dulces y café",Galleta Mini Cookies Licencia 250 Gr,"8,76 € / 1 Kg","2,19 €",MAXIES
Despensa,"Desayuno, dulces y café",Barrita de Galleta Chocolate con Leche 6 x 18 Gr,"12,87 € / 1 Kg","1,39 €",NESTLE
Despensa,"Desayuno, dulces y café",Fresón Relleno 150 Gr,"5,93 € / 1 Kg","0,89 €",CONSUM
Despensa,"Desayuno, dulces y café",Café Grano Descafeinado 500 Gr,"8,40 € / 1 Kg","4,20 €",CONSUM
Despensa,"Desayuno, dulces y café",Chocolate 99% Cacao 100 Gr,"15,90 € / 1 Kg","1,59 €",CONSUM
Despensa,"Desayuno, dulces y café",Café Descafeinado 16 Cápsulas 16 U,"0,20 € / 1 U","3,20 €",CONSUM
Despensa,"Desayuno, dulces y café",Café Intenso 16 Cápsulas 16 U,"0,20 € / 1 U","3,20 €",CONSUM
Despensa,"Desayuno, dulces y café",Café con Leche 16 Cápsulas 16 U,"0,20 € / 1 U","3,20 €",CONSUM
Despensa,"Desayuno, dulces y café",Cortado 16 Cápsulas 16 U,"0,20 € / 1 U","3,20 €",CONSUM
Despensa,"Desayuno, dulces y café",Café Extra Intenso 16 Cápsulas 16 U,"0,20 € / 1 U","3,20 €",CONSUM
Despensa,"Desayuno, dulces y café",Mini Bollisol 3 Unidades 150 Gr,"6,67 € / 1 Kg","1,00 €",DULCESOL
Despensa,"Desayuno, dulces y café",Mini Magdalenas con Chips Chocolate 133 Gr,"7,52 € / 1 Kg","1,00 €",DULCESOL
Despensa,"Desayuno, dulces y café",Trigo Inflado Miel 500 Gr,"3,98 € / 1 Kg","1,99 €",CERIDÉS
Despensa,"Desayuno, dulces y café",Te Verde con Matcha 20 Bolsitas 20 U,"0,14 € / 1 U","2,75 €",POMPADOUR
Despensa,"Desayuno, dulces y café",Edulcorante Stevia Comprimidos 200 Do,"0,01 € / 1 Do","1,85 €",RIO
Despensa,"Desayuno, dulces y café",Nocistick Original 2 x 30 Gr,"20,00 € / 1 Kg","1,20 €",NOCILLA
Despensa,"Desayuno, dulces y café",Edulcorante Stevia Liquido 125 ml,"14,80 € / 1 L","1,85 €",RIO
Despensa,"Desayuno, dulces y café",Edulcorante Stevia Granulado 200 Gr,"15,50 € / 1 Kg","3,10 €",RIO
Despensa,"Desayuno, dulces y café",Huevo con Sorpresa 3 x 20 Gr,"27,50 € / 1 Kg","1,65 €",ZAINI
Despensa,"Desayuno, dulces y café",Sirope de Agave Bio 350 Gr,"7,71 € / 1 Kg","2,70 €",ECOWASSY
Despensa,"Desayuno, dulces y café",Galleta de Cacao Rellena Caramelo y Vainilla 157 Gr,"9,49 € / 1 Kg","1,49 €",OREO REMIX
Despensa,"Desayuno, dulces y café",Galleta Rellena de Crema 3 x 28 Gr,"11,90 € / 1 Kg","1,00 €",NUTELLA
Despensa,"Desayuno, dulces y café",Schokobons Bolsa 46 Gr,"3,02 € / 100 Gr","1,39 €",KINDER
Despensa,"Desayuno, dulces y café",Galactic Brownies 8 Unidades 200 Gr,"11,25 € / 1 Kg","2,25 €",MR.BROWNIE
Despensa,"Desayuno, dulces y café",Galleta Tosta Rica Oceanix para Llevar 235 Gr,"12,72 € / 1 Kg","2,99 €",CUETARA
Despensa,"Desayuno, dulces y café",Galleta Avena 3 Chocolates 425 Gr,"3,88 € / 1 Kg","1,65 €",NATUR FUN
Despensa,"Desayuno, dulces y café",Galleta Maria del Sur Integral con Espelta 380 Gr,"4,97 € / 1 Kg","1,89 €",FAM.BISCUITS
Despensa,"Desayuno, dulces y café",Galleta María del Sur con Canela 380 Gr,"4,97 € / 1 Kg","1,89 €",FAM.BISCUITS
Despensa,"Desayuno, dulces y café",Galleta Tostada Petit Choco 420 Gr,"2,98 € / 1 Kg","1,25 €",FAM.BISCUITS
Despensa,"Desayuno, dulces y café",Galleta Tosta Rica Cubierta de Chocolate 210 Gr,"12,86 € / 1 Kg","2,70 €",CUETARA
Despensa,"Desayuno, dulces y café",Queso Rulo de Cabra 100% 180 Gr,"11,78 € / 1 Kg","2,12 €",CONSUM
Despensa,"Desayuno, dulces y café",Chocolate Xtreme Galleta y Caramelo 87 Gr,"13,68 € / 1 Kg","1,19 €",NESTLE
Despensa,"Desayuno, dulces y café",Galleta Rellena de Crema 133 Gr,"14,96 € / 1 Kg","1,99 €",DONUTS
Despensa,"Desayuno, dulces y café",Velitas Diseño 10 U,"0,19 € / 1 U","1,89 €",VAHINÉ
Despensa,"Desayuno, dulces y café",Maxi Pepitas XXL Chocolate negro 100 Gr,"26,90 € / 1 Kg","2,69 €",VAHINÉ
Despensa,"Desayuno, dulces y café",Barrita Frutas y Cacahuete 140 Gr,"22,07 € / 1 Kg","3,09 €",NAKD
Despensa,"Desayuno, dulces y café",Chocolate Xtreme Caramelo y Avellana 87 Gr,"13,68 € / 1 Kg","1,19 €",NESTLE
Despensa,"Desayuno, dulces y café",Barrita Frutas y Arándanos 140 Gr,"22,07 € / 1 Kg","3,09 €",NAKD
Despensa,"Desayuno, dulces y café",Chocolate Negro 72% Cacao con Arandanos 100 Gr,"14,00 € / 1 Kg","1,40 €",CONSUM
Despensa,"Desayuno, dulces y café",Chocolate Negro 72% Cacao con Naranja 100 Gr,"14,00 € / 1 Kg","1,40 €",CONSUM
Despensa,"Desayuno, dulces y café",Pack Velas Aniversario Colores Surtidos 24 U,"0,04 € / 1 U","0,99 €",LUMAR
Despensa,"Desayuno, dulces y café",Barrita Cereales Fitness Chocolate con Leche 135 Gr,"22,15 € / 1 Kg","2,99 €",NESTLE
Despensa,"Desayuno, dulces y café",Galleta Chiquilin 525 Gr,"6,95 € / 1 Kg","3,65 €",ARTIACH
Despensa,"Desayuno, dulces y café",Galletas Pick Up! Rellenas de Chocolate 4 x 28 Gr,"17,77 € / 1 Kg","1,99 €",BAHLSEN
Despensa,"Desayuno, dulces y café",Magdalenas Redondas Bolsa 9 Unidades 261 Gr,"9,00 € / 1 Kg","2,35 €",BELLA EASO
Despensa,"Desayuno, dulces y café",Caramelo Masticables Air Fruits 125 Gr,"15,92 € / 1 Kg","1,99 €",VERQUIN
Despensa,"Desayuno, dulces y café",Chocolate con Leche sin Lactosa 100 Gr,"15,90 € / 1 Kg","1,59 €",CONSUM
Despensa,"Desayuno, dulces y café",Barritas Cereales con Choco Blanco 0% Pack 6 120 Gr,"20,75 € / 1 Kg","2,49 €",CORNY
Despensa,"Desayuno, dulces y café",Caña Zebra 3 Unidades 150 Gr,"6,67 € / 1 Kg","1,00 €",DULCESOL
Despensa,"Desayuno, dulces y café",Choco Brownies 5 Unidades 125 Gr,"8,00 € / 1 Kg","1,00 €",DULCESOL
Despensa,"Desayuno, dulces y café",Galleta de Jengibre 320 Gr,"7,16 € / 1 Kg","2,29 €",MELS
Despensa,"Desayuno, dulces y café",Crema de Cacao Chocoleche 620 Gr,"8,79 € / 1 Kg","5,45 €",NOCILLA
Despensa,"Desayuno, dulces y café",Café Colombia 18 Cápsulas 18 U,"0,35 € / 1 U","6,29 €",NESCAFE
Despensa,"Desayuno, dulces y café",Barritas Special K Chocolate Negro 6U 129 Gr,"27,52 € / 1 Kg","3,55 €",KELLOGG'S
Despensa,"Desayuno, dulces y café",Cereales Special K Classic 335 Gr,"7,31 € / 1 Kg","2,45 €",KELLOGG'S
Despensa,"Desayuno, dulces y café",Chocolate con Leche Relleno Sabor Fresa 100 Gr,"9,90 € / 1 Kg","0,99 €",CONSUM
Despensa,"Desayuno, dulces y café",Chocolata Leche Postres 200 Gr,"8,00 € / 1 Kg","1,60 €",CONSUM
Despensa,"Desayuno, dulces y café",Cereales Special K Chocolate Negro 325 Gr,"10,31 € / 1 Kg","3,35 €",KELLOGG'S
Despensa,"Desayuno, dulces y café",Galleta Tosta Rica 760 Gr,"5,25 € / 1 Kg","3,99 €",CUETARA
Despensa,"Desayuno, dulces y café","Kit Kat Dark 3 x 41,5 Gr","17,27 € / 1 Kg","2,15 €",NESTLE
Despensa,"Desayuno, dulces y café",Caramelo sin Azúcar Sabor Extra Fuerte 31 Gr,"2,42 € / 100 Gr","0,75 €",PECTOL
Despensa,"Desayuno, dulces y café",Taco Barra Fresa 135 Gr,"5,56 € / 1 Kg","0,75 €",DAMEL
Despensa,"Desayuno, dulces y café",Spaguetti Pika 200 Gr,"4,95 € / 1 Kg","0,99 €",DAMEL
Despensa,"Desayuno, dulces y café",Cereales Kit Kat 330 Gr,"12,09 € / 1 Kg","3,99 €",NESTLE
Despensa,"Desayuno, dulces y café",Café Espresso Chocolat Cápsulas 10 U,"0,44 € / 1 U","4,39 €",L'OR
Despensa,"Desayuno, dulces y café",Café Espresso Caramel Cápsulas 10 U,"0,44 € / 1 U","4,39 €",L'OR
Despensa,"Desayuno, dulces y café",Cereales Integrales Golden Grahams 375 Gr,"10,64 € / 1 Kg","3,99 €",NESTLE
Despensa,"Desayuno, dulces y café",Taco Barra Regaliz 135 Gr,"5,56 € / 1 Kg","0,75 €",DAMEL
Despensa,"Desayuno, dulces y café",Colorinas Regaliz 90 Gr,"9,89 € / 1 Kg","0,89 €",DAMEL
Despensa,"Desayuno, dulces y café",Chocolatina Licencia 4 x 20 Gr,"24,88 € / 1 Kg","1,99 €",DEKORA
Despensa,"Desayuno, dulces y café",Galleta Petit Doré 420 Gr,"2,98 € / 1 Kg","1,25 €",FAM.BISCUITS
Despensa,"Desayuno, dulces y café",Chocolate Blanco Postres 200 Gr,"8,00 € / 1 Kg","1,60 €",CONSUM
Despensa,"Desayuno, dulces y café","Caramelo Limón Melisa 31,5 Gr","3,14 € / 100 Gr","0,99 €",RICOLA
Despensa,"Desayuno, dulces y café","Caramelo Hierbas Suizas 31,5 Gr","3,14 € / 100 Gr","0,99 €",RICOLA
Despensa,"Desayuno, dulces y café",Chocolate con Leche 125 Gr,"19,92 € / 1 Kg","2,49 €",LINDT
Despensa,"Desayuno, dulces y café",Caramelo sin Azúcar Sabor Cappuccino 90 Gr,"25,44 € / 1 Kg","2,29 €",WERTHERS
Despensa,"Desayuno, dulces y café",Arroz Inflado Choco Sin Gluten 500 Gr,"4,30 € / 1 Kg","2,15 €",CERIDÉS
Despensa,"Desayuno, dulces y café",Cereales Crispy Minis Chocolate 500 Gr,"7,58 € / 1 Kg","3,79 €",WEETABIX
Despensa,"Desayuno, dulces y café",Conos de Galleta 90 Gr,"18,33 € / 1 Kg","1,65 €",DICAR
Despensa,"Desayuno, dulces y café",Miel Naranjo Dosificador 500 Gr,"7,70 € / 1 Kg","3,85 €",CONSUM
Despensa,"Desayuno, dulces y café",Sticks de Galleta Cubiertas de Chocolate 112 Gr,"15,63 € / 1 Kg","1,75 €",MILKA
Despensa,"Desayuno, dulces y café",Galleta Napolitana 426 Gr,"6,55 € / 1 Kg","2,79 €",CUETARA
Despensa,"Desayuno, dulces y café",Café Descafeinado Doypack 75 Gr,"36,67 € / 1 Kg","2,75 €",NESCAFE
Despensa,"Desayuno, dulces y café",Café Natural Doypack 75 Gr,"36,67 € / 1 Kg","2,75 €",NESCAFE
Despensa,"Desayuno, dulces y café",Mini Galleta Dorada Marbu 230 Gr,"6,09 € / 1 Kg","1,40 €",ARTIACH
Despensa,"Desayuno, dulces y café",Miel Romero Dosificador 500 Gr,"9,50 € / 1 Kg","4,75 €",CONSUM
Despensa,"Desayuno, dulces y café",Pastelito Choc & Choc 175 Gr,"16,29 € / 1 Kg","2,85 €",MILKA
Despensa,"Desayuno, dulces y café",Base de Tarta 3 Capas 350 Gr,"8,14 € / 1 Kg","2,85 €",GENOISE
Despensa,"Desayuno, dulces y café",Chocolate con Galleta Dinosaurus 84 Gr,"14,17 € / 1 Kg","1,19 €",NESTLE
Despensa,"Desayuno, dulces y café",Choco Aritos Bañados de Chocolate Negro 128 Gr,"5,63 € / 1 Kg","0,72 €",CONSUM
Despensa,"Desayuno, dulces y café",Pastelito Tender Milk 5 x 37 Gr,"15,08 € / 1 Kg","2,79 €",MILKA
Despensa,"Desayuno, dulces y café",Chicles 60 Minutos Liquid Hierbabuena 22 Gr,"5,23 € / 100 Gr","1,15 €",TRIDENT
Despensa,"Desayuno, dulces y café",Choco Aritos Bañados de Chocolate Blanco 128 Gr,"5,86 € / 1 Kg","0,75 €",CONSUM
Despensa,"Desayuno, dulces y café",Bizcochitos Fresa 150 Gr,"7,67 € / 1 Kg","1,15 €",MELS
Despensa,"Desayuno, dulces y café",Lanza Sabor Nata y Fresa 290 Gr,"5,48 € / 1 Kg","1,59 €",DAMEL
Despensa,"Desayuno, dulces y café",Bizcochitos Naranja 150 Gr,"7,67 € / 1 Kg","1,15 €",MELS
Despensa,"Desayuno, dulces y café",Galleta Dorada Marbú 600 Gr,"5,82 € / 1 Kg","3,49 €",ARTIACH
Despensa,"Desayuno, dulces y café",Café Espresso Barista 20 Cápsulas 20 U,"0,39 € / 1 U","7,89 €",L'OR
Despensa,"Desayuno, dulces y café",Café Espresso Sontuoso 20 Cápsulas 20 U,"0,39 € / 1 U","7,89 €",L'OR
Despensa,"Desayuno, dulces y café",Miel Eucalipto Dosificador 500 Gr,"8,40 € / 1 Kg","4,20 €",CONSUM
Despensa,"Desayuno, dulces y café",Edulcorante 60 sobres 60 U,"0,02 € / 1 U","1,15 €",CONSUM
Despensa,"Desayuno, dulces y café",Bizcochos Soletilla Bolsa 300 Gr,"6,00 € / 1 Kg","1,80 €",EL GRECO
Despensa,"Desayuno, dulces y café",Bolas de Cereal Cubiertas de Chocolate 175 Gr,"20,51 € / 1 Kg","3,59 €",MALTESERS
Despensa,"Desayuno, dulces y café",Barrita Chocolate con Leche 3 x 34 Gr,"16,57 € / 1 Kg","1,69 €",JUNGLY
Despensa,"Desayuno, dulces y café",Café South Asia Espresso 10 Cápsulas 10 U,"0,37 € / 1 U","3,69 €",NESCAFE
Despensa,"Desayuno, dulces y café",Chocolate Extrafino Dulce de Leche 83 Gr,"14,34 € / 1 Kg","1,19 €",NESTLE
Despensa,"Desayuno, dulces y café",Infusion Melatonina y Pasiflora 15 U,"0,20 € / 1 U","2,99 €",POMPADOUR
Despensa,"Desayuno, dulces y café",Infusión Propoleo y Equinácia 15 U,"0,20 € / 1 U","2,99 €",POMPADOUR
Despensa,"Desayuno, dulces y café",Infusión Magnesio y Vitamina C 15 U,"0,20 € / 1 U","2,99 €",POMPADOUR
Despensa,"Desayuno, dulces y café",Chocolate Negro con Proteina 3 x 27 Gr,"36,91 € / 1 Kg","2,99 €",VALOR
Despensa,"Desayuno, dulces y café",Chocolate Negro con Proteínas y Almendra 90 Gr,"27,67 € / 1 Kg","2,49 €",VALOR
Despensa,"Desayuno, dulces y café",M&M´S Cacahuete Bolsa 45 Gr,"3,09 € / 100 Gr","1,39 €",MARS
Despensa,"Desayuno, dulces y café",Chocolate con Galleta Filipinos Blanco 84 Gr,"14,17 € / 1 Kg","1,19 €",NESTLE
Despensa,"Desayuno, dulces y café",Croissants Integrales 0% Azúcares 240 Gr,"6,88 € / 1 Kg","1,65 €",DULCESOL
Despensa,"Desayuno, dulces y café",Magdalenas 0% Azúcares 240 Gr,"6,88 € / 1 Kg","1,65 €",DULCESOL
Despensa,"Desayuno, dulces y café",Galleta Tosta Rica Chocoguay más 17% 144 Gr,"17,01 € / 1 Kg","2,45 €",CUETARA
Despensa,"Desayuno, dulces y café",Lunas al Cacao Pack 6 Unidades 132 Gr,"7,58 € / 1 Kg","1,00 €",DULCESOL
Despensa,"Desayuno, dulces y café",Chapelas Extracao Pack 3 Unidades 135 Gr,"7,41 € / 1 Kg","1,00 €",DULCESOL
Despensa,"Desayuno, dulces y café",Barrita Fitness Protein Cacao 0% Azúcares 80 Gr,"27,38 € / 1 Kg","2,19 €",NESTLE
Despensa,"Desayuno, dulces y café",Cereales Fitness Proteina Cacao 0% Azúcares 310 Gr,"11,58 € / 1 Kg","3,59 €",NESTLE
Despensa,"Desayuno, dulces y café",Caramelo Mentol Eucalipto 2 x 25 Gr,"65,00 € / 1 Kg","3,25 €",FISHERMAN´S
Despensa,"Desayuno, dulces y café",Espresso Colombia Descafeinado Cápsulas 10 U,"0,44 € / 1 U","4,39 €",L'OR
Despensa,"Desayuno, dulces y café",Aros Avena Crujientes 85% Harina Integral 400 Gr,"6,73 € / 1 Kg","2,69 €",CERIDÉS
Despensa,"Desayuno, dulces y café",Panela Bio Tierra Madre Azúcar de Caña Integral 400 Gr,"4,88 € / 1 Kg","1,95 €",OXFAM
Despensa,"Desayuno, dulces y café",Café Soluble Natural 100 Gr,"20,50 € / 1 Kg","2,05 €",BOULLIET
Despensa,"Desayuno, dulces y café",Café Soluble Descafeinado 100 Gr,"21,00 € / 1 Kg","2,10 €",BOULLIET
Despensa,"Desayuno, dulces y café",Café Soluble Natural 200 Gr,"14,25 € / 1 Kg","2,85 €",BOULLIET
Despensa,"Desayuno, dulces y café",Café Soluble Descafeinado 200 Gr,"16,75 € / 1 Kg","3,35 €",BOULLIET
Despensa,"Desayuno, dulces y café",Miel Mil Flores Cruda Tarro 500 Gr,"9,40 € / 1 Kg","4,70 €",R.APICOLA
Despensa,"Desayuno, dulces y café",Cacao Soluble 0% Azúcares Añadidos 450 Gr,"7,44 € / 1 Kg","3,35 €",CONSUM
Despensa,"Desayuno, dulces y café",Copos Integrales con Fruta 450 Gr,"5,31 € / 1 Kg","2,39 €",CERIDÉS
Despensa,"Desayuno, dulces y café",Galleta Dorada Marbu 0% Azúcar más 33% 400 Gr,"7,13 € / 1 Kg","2,85 €",ARTIACH
Despensa,"Desayuno, dulces y café",Crema Untar Avellana y Cacao Tarro 750 Gr,"8,39 € / 1 Kg","6,29 €",NUTELLA
Despensa,"Desayuno, dulces y café",Mega-Roulette Caramelo de Gominola 45 Gr,"1,76 € / 100 Gr","0,79 €",HARIBO
Despensa,"Desayuno, dulces y café",Galleta Choco Bom Bañada Chocolate Leche 100 Gr,"10,00 € / 1 Kg","1,00 €",GULLON
Despensa,"Desayuno, dulces y café",Galleta Choco Bom Bañada Choco Blanco 100 Gr,"10,00 € / 1 Kg","1,00 €",GULLON
Despensa,"Desayuno, dulces y café",Galletas con Chocolate Leche Funny Mushrooms 60 Gr,"19,17 € / 1 Kg","1,15 €",MILTONAS
Despensa,"Desayuno, dulces y café",Barrita de Chocolate con Leche 56 Gr,"23,04 € / 1 Kg","1,29 €",KINDER
Despensa,"Desayuno, dulces y café",Nutella&Go Crema Cacao y Palitos de Pan 80 Gr,"18,63 € / 1 Kg","1,49 €",NUTELLA
Despensa,"Desayuno, dulces y café",Galleta con Chocolate Cards 27 Gr,"2,19 € / 100 Gr","0,59 €",KINDER
Despensa,"Desayuno, dulces y café",Caramelo Crema sin Azúcar 32 Gr,"3,09 € / 100 Gr","0,99 €",ZERO
Despensa,"Desayuno, dulces y café",Caramelo Eucalipto sin Azúcar 32 Gr,"3,09 € / 100 Gr","0,99 €",ZERO
Despensa,"Desayuno, dulces y café",Caramelo Fresa con Nata Yogur Griego sin Azúcar 32 Gr,"3,09 € / 100 Gr","0,99 €",ZERO
Despensa,"Desayuno, dulces y café",Caramelo Miel Limón sin Azúcar 31 Gr,"2,42 € / 100 Gr","0,75 €",PECTOL
Despensa,"Desayuno, dulces y café",Caramelo Eucalipto sin Azúcar 31 Gr,"2,42 € / 100 Gr","0,75 €",PECTOL
Despensa,"Desayuno, dulces y café",Cappuccino Soluble 250 Gr,"11,16 € / 1 Kg","2,79 €",SHIP
Despensa,"Desayuno, dulces y café",Compota De Manzana Frasco 700 Gr,"2,79 € / 1 Kg","1,95 €",MOCITOS
Despensa,"Desayuno, dulces y café",Galletas Cola Cao Bañadas con Chocoolate 157 Gr,"19,04 € / 1 Kg","2,99 €",COLA CAO
Despensa,"Desayuno, dulces y café",Galletas Mini Cola Cao Bañadas con Chocolate 100 Gr,"19,90 € / 1 Kg","1,99 €",COLA CAO
Despensa,"Desayuno, dulces y café",Cereales Fitness Original 300 Gr,"8,97 € / 1 Kg","2,69 €",NESTLE
Despensa,Panes y tostadas,Tortillas de Trigo Paquete 8 Unidades 326 Gr,"6,42 € / 1 Kg","2,45 €
2,09 €",OLD EL PASO
Despensa,Panes y tostadas,Rosquilletas 90 Gr,"9,89 € / 1 Kg","1,09 €
0,89 €",VELARTE
Despensa,Panes y tostadas,Pan Maxi Burger 4 Unidades 300 Gr,"7,63 € / 1 Kg","2,29 €",BIMBO
Despensa,Panes y tostadas,Pan Molde Sin Corteza 450 Gr,"5,53 € / 1 Kg","2,49 €",BIMBO
Despensa,Panes y tostadas,Rosquilletas con Pipas Artesanas 80 Gr,"11,13 € / 1 Kg","1,09 €
0,89 €",VELARTE
Despensa,Panes y tostadas,Pan Hogaza Masa Madre 400 Gr,"5,88 € / 1 Kg","2,69 €
2,35 €",RUSTIK BAKER
Despensa,Panes y tostadas,Rosquilletas Artesanas con Queso 80 Gr,"11,13 € / 1 Kg","1,09 €
0,89 €",VELARTE
Despensa,Panes y tostadas,Saladitos Bolsa 4 Paquetes 4 x 30 Gr,"10,75 € / 1 Kg","1,59 €
1,29 €",VELARTE
Despensa,Panes y tostadas,Rosquilletas Cereales Plus 80 Gr,"11,13 € / 1 Kg","1,09 €
0,89 €",VELARTE
Despensa,Panes y tostadas,Pan de Molde Centeno 800 Gr,"2,99 € / 1 Kg","2,79 €
2,39 €",DULCESOL
Despensa,Panes y tostadas,Tortillas Wraps de Trigo Paquete 6 Unidades 350 Gr,"8,26 € / 1 Kg","3,39 €
2,89 €",OLD EL PASO
Despensa,Panes y tostadas,Hogaza de Pan Tostado 9 Cereales 240 Gr,"8,29 € / 1 Kg","2,45 €
1,99 €",RECONDO
Despensa,Panes y tostadas,Hogaza de Pan Rústico 240 Gr,"8,29 € / 1 Kg","2,45 €
1,99 €",RECONDO
Despensa,Panes y tostadas,Pan Payés Sin Gluten 240 Gr,"13,54 € / 1 Kg","3,79 €
3,25 €",SCHÄR
Despensa,Panes y tostadas,Rosquilletas con Chocolate 70 Gr,"15,57 € / 1 Kg","1,09 €",VELARTE
Despensa,Panes y tostadas,Hogaza Integral 240 Gr,"8,29 € / 1 Kg","2,45 €
1,99 €",RECONDO
Despensa,Panes y tostadas,Palitos de Cereales Con Olivas y Sésamo 60 Gr,"16,66 € / 1 Kg","1,19 €
1,00 €",SNATT'S
Despensa,Panes y tostadas,Palitos de Cereales Con Pipas 62 Gr,"16,13 € / 1 Kg","1,19 €
1,00 €",SNATT'S
Despensa,Panes y tostadas,Crackers Sin Gluten 210 Gr,"13,29 € / 1 Kg","3,25 €
2,79 €",SCHÄR
Despensa,Panes y tostadas,Pan Molde Natural sin Corteza 450 Gr,"6,64 € / 1 Kg","2,99 €",BIMBO
Despensa,Panes y tostadas,Tortilla Pocket Paquete 8 Unidades 223 Gr,"12,96 € / 1 Kg","3,39 €
2,89 €",OLD EL PASO
Despensa,Panes y tostadas,Bagels Clásico 4 Unidades 300 Gr,"8,30 € / 1 Kg","2,49 €",BIMBO
Despensa,Panes y tostadas,Bagels Semillas 4 Unidades 300 Gr,"8,97 € / 1 Kg","2,69 €",BIMBO
Despensa,Panes y tostadas,Chapata Rústica 180 Gr,"13,83 € / 1 Kg","2,49 €",RECONDO
Despensa,Panes y tostadas,Tortillas Integrales 8 Unidades 320 Gr,"4,53 € / 1 Kg","1,55 €
1,45 €",CONSUM
Despensa,Panes y tostadas,Pan Rustic Burger 4 Unidades 300 Gr,"3,34 € / 1 Kg","1,25 €
1,00 €",DULCESOL
Despensa,Panes y tostadas,Tacos de Maíz y Trigo 8 Unidades 200 Gr,"8,25 € / 1 Kg","2,05 €
1,65 €",MISSION
Despensa,Panes y tostadas,Pan Chapatón Tradicional 700 Gr,"3,64 € / 1 Kg","2,99 €
2,55 €",DULCESOL
Despensa,Panes y tostadas,Pan Molde Sandwich 700 Gr,"3,27 € / 1 Kg","2,29 €",BIMBO
Despensa,Panes y tostadas,Pan Rallado Natural Paquete 500 Gr,"1,40 € / 1 Kg","0,70 €",CONSUM
Despensa,Panes y tostadas,Pan de Molde Clasico 16 Rebanadas. 460 Gr,"1,85 € / 1 Kg","0,85 €",CONSUM
Despensa,Panes y tostadas,Pan Molde 100% Integral 0% Azúcares Añadidos 460 Gr,"2,07 € / 1 Kg","0,95 €",CONSUM
Despensa,Panes y tostadas,Pan Maxi Burger 4 Unidades 300 Gr,"3,00 € / 1 Kg","0,90 €",CONSUM
Despensa,Panes y tostadas,Pan Hot Dog 6 Unidades 330 Gr,"2,88 € / 1 Kg","0,95 €",CONSUM
Despensa,Panes y tostadas,Pan de Leche 8 Unidades 320 Gr,"4,03 € / 1 Kg","1,29 €",CONSUM
Despensa,Panes y tostadas,Saladitos Pack de 2 2 x 90 Gr,"8,06 € / 1 Kg","1,45 €",CONSUM
Despensa,Panes y tostadas,Pan Tostado Bolsa 200 Gr,"3,75 € / 1 Kg","0,75 €",CONSUM
Despensa,Panes y tostadas,Pan Tostado Integral bolsa 200 Gr,"3,75 € / 1 Kg","0,75 €",CONSUM
Despensa,Panes y tostadas,Minibiscotte Normal 120 Gr,"6,67 € / 1 Kg","0,80 €",CONSUM
Despensa,Panes y tostadas,Pan de Molde Clasico Sin Corteza 450 Gr,"2,78 € / 1 Kg","1,25 €",CONSUM
Despensa,Panes y tostadas,Pan Tostado Sabor Ajo y Perejil 160 Gr,"7,44 € / 1 Kg","1,19 €",CONSUM
Despensa,Panes y tostadas,Picatostes Fritos Naturales 75 Gr,"8,67 € / 1 Kg","0,65 €",CONSUM
Despensa,Panes y tostadas,Picatostes Fritos al Aroma de Ajo 75 Gr,"8,67 € / 1 Kg","0,65 €",CONSUM
Despensa,Panes y tostadas,Mini Tosta con Arandanos 90 Gr,"22,11 € / 1 Kg","1,99 €",ORTIZ
Despensa,Panes y tostadas,Tostada Canape Cuadrada 200 Gr,"19,45 € / 1 Kg","3,89 €",RECONDO
Despensa,Panes y tostadas,Regañas 250 Gr,"4,40 € / 1 Kg","1,10 €",CONSUM
Despensa,Panes y tostadas,Pan Molde Normal 820 Gr,"1,52 € / 1 Kg","1,25 €",CONSUM
Despensa,Panes y tostadas,Pan Molde Integral 820 Gr,"1,52 € / 1 Kg","1,25 €",CONSUM
Despensa,Panes y tostadas,Pan de Molde Clásico sin Gluten 300 Gr,"9,97 € / 1 Kg","2,99 €",SCHÄR
Despensa,Panes y tostadas,Pan Molde 100 %Integral sin Corteza 450 Gr,"3,00 € / 1 Kg","1,35 €",CONSUM
Despensa,Panes y tostadas,Pan Tostado Sabor Tomate y Orégano 160 Gr,"7,44 € / 1 Kg","1,19 €",CONSUM
Despensa,Panes y tostadas,Galletas Artesanas con Cañamon 125 Gr,"10,32 € / 1 Kg","1,29 €",BONDIA
Despensa,Panes y tostadas,Pan de Pita Pack de 6 Unidades 400 Gr,"4,13 € / 1 Kg","1,65 €",STAR
Despensa,Panes y tostadas,Pan Sandwich Multicereal Sottile 8 Unidades 310 Gr,"6,42 € / 1 Kg","1,99 €",DULCESOL
Despensa,Panes y tostadas,Snatts Bocaditos Tomate y Orégano 110 Gr,"13,55 € / 1 Kg","1,49 €",GREFUSA
Despensa,Panes y tostadas,Pan Sandwich Integral Sottile 8 Unidades 310 Gr,"6,42 € / 1 Kg","1,99 €",DULCESOL
Despensa,Panes y tostadas,Palitos Fibra S/Azúcares añadidos - Sal 240 Gr,"8,13 € / 1 Kg","1,95 €",VELARTE
Despensa,Panes y tostadas,Rosegones 250 Gr,"7,40 € / 1 Kg","1,85 €",CONSUM
Despensa,Panes y tostadas,Picos Camperos 250 Gr,"4,20 € / 1 Kg","1,05 €",CONSUM
Despensa,Panes y tostadas,Pan Molde 100% Natural Tierno y Fresco 460 Gr,"3,46 € / 1 Kg","1,59 €",CONSUM
Despensa,Panes y tostadas,Pan de Molde sin Corteza 820 Gr,"4,26 € / 1 Kg","3,49 €",DULCESOL
Despensa,Panes y tostadas,Salapipas Bolsa 4 Paquetes 4 x 40 Gr,"14,94 € / 1 Kg","2,39 €",VELARTE
Despensa,Panes y tostadas,Pan de Molde Oroweat Pipas 680 Gr,"5,51 € / 1 Kg","3,25 €",BIMBO
Despensa,Panes y tostadas,Pan Hogaza M. Madre Multicereales 400 Gr,"5,98 € / 1 Kg","2,39 €",RUSTIK BAKER
Despensa,Panes y tostadas,Tortillas de Trigo Integrales 6 Unidades 350 Gr,"9,69 € / 1 Kg","3,39 €",OLD EL PASO
Despensa,Panes y tostadas,Rebozado Crujiente Sin Gluten 200 Gr,"7,95 € / 1 Kg","1,59 €",ESGIR
Despensa,Panes y tostadas,Pan Rallado Crujiente Paquete 380 Gr,"4,08 € / 1 Kg","1,55 €",FRUMEN
Despensa,Panes y tostadas,Minibiscotte Integral 120 Gr,"6,67 € / 1 Kg","0,80 €",CONSUM
Despensa,Panes y tostadas,Picatostes Natural 80 Gr,"18,63 € / 1 Kg","1,49 €",RECONDO
Despensa,Panes y tostadas,Cracker 250 Gr,"11,20 € / 1 Kg","2,80 €",TUC
Despensa,Panes y tostadas,Medias Noches Panecillos Sin Gluten 200 Gr,"14,95 € / 1 Kg","2,99 €",SCHÄR
Despensa,Panes y tostadas,Salaqueso Bolsa 4 Paquetes 4 x 40 Gr,"14,94 € / 1 Kg","2,39 €",VELARTE
Despensa,Panes y tostadas,Rosquilletas Planas con Cacahuetes 2 x 80 Gr,"8,44 € / 1 Kg","1,35 €",CONSUM
Despensa,Panes y tostadas,Pan de Molde Rebanada Estilo Artesano 550 Gr,"5,36 € / 1 Kg","2,95 €",BIMBO
Despensa,Panes y tostadas,Rosquilletas Fibra 2 x 80 Gr,"8,44 € / 1 Kg","1,35 €",CONSUM
Despensa,Panes y tostadas,Pan de Molde de Avena 460 Gr,"4,33 € / 1 Kg","1,99 €",DULCESOL
Despensa,Panes y tostadas,Pan de Molde Cereales sin Gluten 300 Gr,"9,97 € / 1 Kg","2,99 €",SCHÄR
Despensa,Panes y tostadas,Pan Rallado Estilo Japonés Paquete 150 Gr,"11,67 € / 1 Kg","1,75 €",FRUMEN
Despensa,Panes y tostadas,Pan Vitalite 280 Gr,"9,25 € / 1 Kg","2,59 €",WASA
Despensa,Panes y tostadas,Pan Tostado Multicerales 30 Rebanadas 288 Gr,"9,34 € / 1 Kg","2,69 €",ORTIZ
Despensa,Panes y tostadas,Pan Tostado Integral 30 Rebanadas 324 Gr,"8,30 € / 1 Kg","2,69 €",ORTIZ
Despensa,Panes y tostadas,Pan Tostado Tradicional 30 Rebanadas 324 Gr,"8,30 € / 1 Kg","2,69 €",ORTIZ
Despensa,Panes y tostadas,Rosquilletas Planas con Pipas 2 x 80 Gr,"8,44 € / 1 Kg","1,35 €",CONSUM
Despensa,Panes y tostadas,Pan Fibra 230 Gr,"11,26 € / 1 Kg","2,59 €",WASA
Despensa,Panes y tostadas,Rosquilletas con Anises Horno Tradicional 85 Gr,"13,53 € / 1 Kg","1,15 €",VELARTE
Despensa,Panes y tostadas,Pan de Molde Integral sin Lactosa 450 Gr,"6,64 € / 1 Kg","2,99 €",BIMBO
Despensa,Panes y tostadas,Palitos Aceite Oliva 50 Gr,"15,80 € / 1 Kg","0,79 €",QUELY
Despensa,Panes y tostadas,Palitos Pipas 50 Gr,"15,80 € / 1 Kg","0,79 €",QUELY
Despensa,Panes y tostadas,Pan de Leche 8 Unidades 280 Gr,"9,25 € / 1 Kg","2,59 €",PASQUIER
Despensa,Panes y tostadas,Baguette Sin Gluten 175 Gr,"11,49 € / 1 Kg","2,01 €",SCHÄR
Despensa,Panes y tostadas,Crackers de Espelta Caja de 4 Paquetes 240 Gr,"7,08 € / 1 Kg","1,70 €",MASTRIGO
Despensa,Panes y tostadas,Pan Rallado Ajo-Perejil 500 Gr,"2,10 € / 1 Kg","1,05 €",CONSUM
Despensa,Panes y tostadas,Picos Sin Gluten 60 Gr,"23,17 € / 1 Kg","1,39 €",SCHÄR
Despensa,Panes y tostadas,Rosquilletas Con Choco Pack de 2 2 x 80 Gr,"8,44 € / 1 Kg","1,35 €",CONSUM
Despensa,Panes y tostadas,Galleta Artesana Cacahuete 135 Gr,"9,56 € / 1 Kg","1,29 €",BONDIA
Despensa,Panes y tostadas,Pan Tostado Tostas sin Gluten 260 Gr,"19,19 € / 1 Kg","4,99 €",SCHÄR
Despensa,Panes y tostadas,Cracker Naturales 250 Gr,"9,80 € / 1 Kg","2,45 €",RECONDO
Despensa,Panes y tostadas,Rosquilletas Saladas 60 Gr,"15,83 € / 1 Kg","0,95 €",PASTOR
Despensa,Panes y tostadas,Rosquilletas Natural 60 Gr,"15,83 € / 1 Kg","0,95 €",PASTOR
Despensa,Panes y tostadas,Wraps Semillas Paqueta 6 Unidades 240 Gr,"7,04 € / 1 Kg","1,69 €",ZANUY
Despensa,Panes y tostadas,Tostaditas Toque Pasas y Miel 120 Gr,"10,00 € / 1 Kg","1,20 €",CONSUM
Despensa,Panes y tostadas,Mini Chapata Rústica 100 Gr,"23,90 € / 1 Kg","2,39 €",RECONDO
Despensa,Panes y tostadas,Palitos Frutos Secos 2 x 65 gr. 130 Gr,"8,46 € / 1 Kg","1,10 €",HORNO TRAD.
Despensa,Panes y tostadas,Pan de Sésamo Wasa 200 Gr,"12,95 € / 1 Kg","2,59 €",WASA
Despensa,Panes y tostadas,Meditterranium Bites Pizza 80 Gr,"12,38 € / 1 Kg","0,99 €",VELARTE
Despensa,Panes y tostadas,Mini Tortilla Trigo Paquete 8 Unidades 220 Gr,"11,14 € / 1 Kg","2,45 €",OLD EL PASO
Despensa,Panes y tostadas,Galleta Marinera con Aceite de Oliva 200 Gr,"11,75 € / 1 Kg","2,35 €",DAVEIGA
Despensa,Panes y tostadas,Galleta Marinera con Semillas de Chia 200 Gr,"11,75 € / 1 Kg","2,35 €",DAVEIGA
Despensa,Panes y tostadas,Piadinas Pan Italiano 320 Gr,"7,16 € / 1 Kg","2,29 €",ZANUY
Despensa,Panes y tostadas,Crackers Fibra y Sésamo Harina Integral Centeno 240 Gr,"5,21 € / 1 Kg","1,25 €",MASTRIGO
Despensa,Panes y tostadas,Burger Brioche 340 Gr,"5,26 € / 1 Kg","1,79 €",DULCESOL
Despensa,Panes y tostadas,Bruschetta Tomate y Mozzarella 70 Gr,"14,14 € / 1 Kg","0,99 €",KRAMBALS
Despensa,Panes y tostadas,Bruschetta Queso Cremoso 70 Gr,"14,14 € / 1 Kg","0,99 €",KRAMBALS
Despensa,Panes y tostadas,Multipack Snatts Palitos Pipas 160 Gr,"17,19 € / 1 Kg","2,75 €",SNATT'S
Despensa,Panes y tostadas,Pan Tostado 100 % Integral 270 Gr,"9,22 € / 1 Kg","2,49 €",RECONDO
Despensa,Panes y tostadas,Pan de Molde sin Gluten 300 Gr,"11,30 € / 1 Kg","3,39 €",BIMBO
Despensa,Panes y tostadas,Pan Tostado con Lino 100% Integral Dextrin 300 Gr,"11,17 € / 1 Kg","3,35 €",SANTIVERI
Despensa,Panes y tostadas,Pan Tostado Tradicional 100% Integral Dextrin 300 Gr,"11,17 € / 1 Kg","3,35 €",SANTIVERI
Despensa,Panes y tostadas,Pan Sésamo & Sea Salt 190 Gr,"17,32 € / 1 Kg","3,29 €",WASA
Despensa,Panes y tostadas,Pan de Molde Integral con Pipas 675 Gr,"3,63 € / 1 Kg","2,45 €",DULCESOL
Despensa,Panes y tostadas,Pan de Molde Protein K 450 Gr,"8,20 € / 1 Kg","3,69 €",KETTERER
Despensa,Panes y tostadas,Pan Molde Cereales y Semillas 675 Gr,"2,52 € / 1 Kg","1,70 €",CONSUM
Despensa,Panes y tostadas,Cruapan Clásico 380 Gr,"9,71 € / 1 Kg","3,69 €",BIMBO
Despensa,Panes y tostadas,Mini Tartaletas 12 Unidades 84 Gr,"21,31 € / 1 Kg","1,79 €",MELS
Despensa,Panes y tostadas,Palitos Con Queso 55 Gr,"21,64 € / 1 Kg","1,19 €",SNATT'S
Despensa,Panes y tostadas,Rallado Crujiente 400 Gr,"4,63 € / 1 Kg","1,85 €",ESGIR
Despensa,Panes y tostadas,Picos Integrales 230 Gr,"3,87 € / 1 Kg","0,89 €",MENDEZ
Despensa,Panes y tostadas,Tortillas de Trigo 8 Unidades 320 Gr,"3,59 € / 1 Kg","1,15 €",CONSUM
Despensa,Panes y tostadas,Tortillas Wrap de Trigo 6 Unidades 370 Gr,"4,32 € / 1 Kg","1,60 €",CONSUM
Despensa,Panes y tostadas,Pan Hogaza Tradicional Bolsa 450 Gr,"4,42 € / 1 Kg","1,99 €",DULCESOL
Despensa,Panes y tostadas,Picos Finos Bolsa 230 Gr,"3,87 € / 1 Kg","0,89 €",MENDEZ
Despensa,Panes y tostadas,Pan Tostado Proteínas 200 Gr,"12,45 € / 1 Kg","2,49 €",MAS PROTEIN
Despensa,Panes y tostadas,Pan Original 205 Gr,"11,66 € / 1 Kg","2,39 €",WASA
Despensa,Panes y tostadas,Pan Mini Burger 8 Unidades 190 Gr,"6,58 € / 1 Kg","1,25 €",DULCESOL
Despensa,Panes y tostadas,Crackers 42% Integrales de Trigo 250 Gr,"9,80 € / 1 Kg","2,45 €",RECONDO
Despensa,Panes y tostadas,Tortillas Wraps Finas Paquete 6 Unidades 192 Gr,"17,66 € / 1 Kg","3,39 €",OLD EL PASO
Despensa,Panes y tostadas,"Pan Hamburguesa Sin Gluten, 2 Unidades 2 x 80 Gr","11,56 € / 1 Kg","1,85 €",SINBLAT
Despensa,Panes y tostadas,Snatts Bocaditos Jamón y Tomate 110 Gr,"13,55 € / 1 Kg","1,49 €",GREFUSA
Despensa,Panes y tostadas,Pan de Molde 0% Azúcares Añadidos 430 Gr,"3,70 € / 1 Kg","1,59 €",BIMBO
Despensa,Panes y tostadas,Snatts Bocaditos Ajo y Perejil 110 Gr,"13,55 € / 1 Kg","1,49 €",GREFUSA
Despensa,Panes y tostadas,Pan Rallado Sin Gluten 300 Gr,"7,30 € / 1 Kg","2,19 €",GALLO
Despensa,Panes y tostadas,Pan Burger 4 Unidades 200 Gr,"4,45 € / 1 Kg","0,89 €",DULCESOL
Despensa,Panes y tostadas,Hot Dog Rustic 6 Unidades 330 Gr,"4,52 € / 1 Kg","1,49 €",DULCESOL
Despensa,Panes y tostadas,Pan Brioche con Mantequilla 450 Gr,"5,98 € / 1 Kg","2,69 €",DULCESOL
Despensa,Panes y tostadas,Rosquillas Bolsa 230 Gr,"4,74 € / 1 Kg","1,09 €",MENDEZ
Despensa,Panes y tostadas,Pan Rallado Casero 500 Gr,"2,10 € / 1 Kg","1,05 €",CONSUM
Despensa,Panes y tostadas,Rosquilleta Baño de Chocolate 75 Gr,"17,20 € / 1 Kg","1,29 €",PASTOR
Despensa,Panes y tostadas,Pan Tostado 100%Integra 45 Rebanadas 405 Gr,"4,07 € / 1 Kg","1,65 €",CONSUM
Despensa,Panes y tostadas,Pan Tostado Clásico 45 Rebanadas 405 Gr,"3,83 € / 1 Kg","1,55 €",CONSUM
Despensa,Panes y tostadas,Pan Tostado 0% Sal y Azúcares Añadidos 45U 405 Gr,"4,42 € / 1 Kg","1,79 €",CONSUM
Despensa,Panes y tostadas,Saladitos Snatt's 240 Gr,"8,13 € / 1 Kg","1,95 €",GREFUSA
Despensa,Panes y tostadas,Saladitos 250 Gr,"5,20 € / 1 Kg","1,30 €",CONSUM
Despensa,Panes y tostadas,Piquitos Bajos en Sal 250 Gr,"5,60 € / 1 Kg","1,40 €",CONSUM
Despensa,Panes y tostadas,Palitos Tradicionales 56 Gr,"21,25 € / 1 Kg","1,19 €",SNATT'S
Despensa,Aperitivos y frutos secos,Aceitunas Negras sin Hueso Lata 150 Gr,"7,93 € / 1 Kg","1,29 €
1,19 €",CONSUM
Despensa,Aperitivos y frutos secos,Cacahuetes con Cáscara Natural Tostado Bolsa 250 Gr,"4,00 € / 1 Kg","1,05 €
1,00 €",CONSUM
Despensa,Aperitivos y frutos secos,Cacahuetes con Cáscara Tostados con Sal Bolsa 250 Gr,"4,00 € / 1 Kg","1,05 €
1,00 €",CONSUM
Despensa,Aperitivos y frutos secos,Ganchito Maíz Sabor Queso Bolsa 80 Gr,"8,75 € / 1 Kg","0,75 €
0,70 €",CONSUM
Despensa,Aperitivos y frutos secos,Aceitunas Rellenas Anchoa Suave Pack 3 3 x 50 Gr,"17,66 € / 1 Kg","2,99 €
2,65 €",JOLCA
Despensa,Aperitivos y frutos secos,Altramuces Tarro 380 Gr,"4,08 € / 1 Kg","1,69 €
1,55 €",SALADITOS
Despensa,Aperitivos y frutos secos,Patatas Original 165 Gr,"12,06 € / 1 Kg","2,55 €
1,99 €",PRINGLES
Despensa,Aperitivos y frutos secos,Patatas Sour Cream 165 Gr,"12,06 € / 1 Kg","2,55 €
1,99 €",PRINGLES
Despensa,Aperitivos y frutos secos,Cacahuete Collaret Bolsa 500 Gr,"5,98 € / 1 Kg","3,59 €
2,99 €",
Despensa,Aperitivos y frutos secos,Patatas Fritas Lisas Sabor Campesinas 150 Gr,"7,67 € / 1 Kg","1,20 €
1,15 €",CONSUM
Despensa,Aperitivos y frutos secos,Aceituna Manzanilla sin Hueso Pack de 3 150 Gr,"11,27 € / 1 Kg","1,89 €
1,69 €",JOLCA
Despensa,Aperitivos y frutos secos,Aceituna Cacereña Negra Sin Hueso 150 Gr,"11,67 € / 1 Kg","1,95 €
1,75 €",JOLCA
Despensa,Aperitivos y frutos secos,Guindilla Rubia Picante Toreras Frasco 120 Gr,"14,16 € / 1 Kg","1,99 €
1,70 €",KIMBO
Despensa,Aperitivos y frutos secos,Coctel Frutos Secos sin Cáscara 170 Gr,"8,76 € / 1 Kg","1,75 €
1,49 €",FRIT RAVICH
Despensa,Aperitivos y frutos secos,Pipas XXL Bolsa 170 Gr,"10,33 € / 1 Kg","1,85 €
1,55 €",EL MANISERO
Despensa,Aperitivos y frutos secos,Conos de Maíz 3D's Sabor Queso y Bacon 100 Gr,"16,00 € / 1 Kg","1,89 €
1,60 €",MATUTANO
Despensa,Aperitivos y frutos secos,Crackers Quinoa y Chía Bote 250 Gr,"7,40 € / 1 Kg","2,15 €
1,85 €",GULLON
Despensa,Aperitivos y frutos secos,Aceituna Rellena Anchoa Cantábrico Pack de 3 3 x 50 Gr,"19,00 € / 1 Kg","3,19 €
2,85 €",JOLCA
Despensa,Aperitivos y frutos secos,Piña Deshidratada Bolsa 50 Gr,"25,00 € / 1 Kg","1,30 €
1,25 €",FRUBIS
Despensa,Aperitivos y frutos secos,Gilda Aceituna y Guindilla con Aceite de Oliva 95 Gr,"30,00 € / 1 Kg","3,35 €
2,85 €",KIMBO
Despensa,Aperitivos y frutos secos,Patatas Fritas Lisas Churrería Bolsa 150 Gr,"11,67 € / 1 Kg","1,75 €",SANTA ANA
Despensa,Aperitivos y frutos secos,Galletas Saladas Krit Bote 350 Gr,"8,57 € / 1 Kg","3,89 €
3,00 €",CUETARA
Despensa,Aperitivos y frutos secos,Ciruela sin Hueso Doypack 300 Gr,"7,96 € / 1 Kg","2,65 €
2,39 €",CONSUM
Despensa,Aperitivos y frutos secos,Cócktail Frutos Secos Mix5 Bolsa 160 Gr,"10,31 € / 1 Kg","1,95 €
1,65 €",MISTERCORN
Despensa,Aperitivos y frutos secos,Maíz Frito Bolsa 160 Gr,"10,31 € / 1 Kg","1,95 €
1,65 €",MISTERCORN
Despensa,Aperitivos y frutos secos,Patatas Fritas Lisas Gourmet Bolsa 170 Gr,"14,06 € / 1 Kg","2,79 €
2,39 €",LAY'S
Despensa,Aperitivos y frutos secos,Patatas Paprika Bote 165 Gr,"15,45 € / 1 Kg","2,55 €",PRINGLES
Despensa,Aperitivos y frutos secos,Patatas Fritas Receta Original de 1931 150 Gr,"8,60 € / 1 Kg","1,59 €
1,29 €",VIDAL
Despensa,Aperitivos y frutos secos,Aceitunas Verdes Rellenas de Anchoa 150 Gr,"12,33 € / 1 Kg","2,45 €
1,85 €",LA ESPAÑOLA
Despensa,Aperitivos y frutos secos,Takis Fuego Sabor Chile y Lima 140 Gr,"17,07 € / 1 Kg","2,39 €",TAKIS EAGLE
Despensa,Aperitivos y frutos secos,Patatas Fritas Onduladas Jamón Pack Ahorro 275 Gr,"10,51 € / 1 Kg","3,39 €
2,89 €",RUFFLES
Despensa,Aperitivos y frutos secos,Pipas Piponazo Original Formato Ahorro 195 Gr,"11,54 € / 1 Kg","2,65 €
2,25 €",GREFUSA
Despensa,Aperitivos y frutos secos,Gusanitos de Maíz Bolsa 105 Gr,"13,23 € / 1 Kg","1,65 €
1,39 €",RISI
Despensa,Aperitivos y frutos secos,Patatas Cheesy Cheese 165 Gr,"15,45 € / 1 Kg","2,55 €",PRINGLES
Despensa,Aperitivos y frutos secos,Nachos Tortilla Chips Bolsa 200 Gr,"11,25 € / 1 Kg","2,25 €",MISSION
Despensa,Aperitivos y frutos secos,Aceitunas Verdial Receta Tradicional 400 Gr,"7,98 € / 1 Kg","3,59 €
3,19 €",JOLCA
Despensa,Aperitivos y frutos secos,Mixtus Country Paquete 170 Gr,"8,76 € / 1 Kg","1,75 €
1,49 €",MEDINA
Despensa,Aperitivos y frutos secos,Pipas G Tijuana Bolsa 165 Gr,"9,09 € / 1 Kg","1,75 €
1,50 €",GREFUSA
Despensa,Aperitivos y frutos secos,Aceituna Rellena Anchoa Lata 130 Gr,"13,00 € / 1 Kg","1,69 €",JOLCA
Despensa,Aperitivos y frutos secos,Pipas G Maxi Tijuana Bolsa 240 Gr,"9,58 € / 1 Kg","2,30 €",GREFUSA
Despensa,Aperitivos y frutos secos,Nuez Cáscara Granel,"5,99 € / 1 Kg","5,99 €",
Despensa,Aperitivos y frutos secos,Bocabits Bolsa 84 Gr,"22,50 € / 1 Kg","1,89 €",MATUTANO
Despensa,Aperitivos y frutos secos,Aperitivo de Maíz Pelotazos Sabor Queso 130 Gr,"14,54 € / 1 Kg","1,89 €",CHEETOS
Despensa,Aperitivos y frutos secos,Aperitivo Frito Pandilla Sabor Queso 75 Gr,"25,20 € / 1 Kg","1,89 €",CHEETOS
Despensa,Aperitivos y frutos secos,Aceitunas Manzanilla sin Hueso Bolsa 75 Gr,"12,00 € / 1 Kg","0,90 €",JOLCA
Despensa,Aperitivos y frutos secos,Apetinas Ketchup Bolsa 90 Gr,"15,44 € / 1 Kg","1,39 €",TOSFRIT
Despensa,Aperitivos y frutos secos,Patatas Fritas Lisas Artesanas Bolsa Papel 2 x 135 Gr,"11,81 € / 1 Kg","3,19 €",SANTA ANA
Despensa,Aperitivos y frutos secos,Aceitunas Negras Hueso Lata 185 Gr,"6,76 € / 1 Kg","1,25 €",CONSUM
Despensa,Aperitivos y frutos secos,Aceitunas Rellenas de Anchoas 150 Gr,"7,60 € / 1 Kg","1,14 €",CONSUM
Despensa,Aperitivos y frutos secos,Aceitunas Rellenas de Anchoas Pack de 3 3 x 50 Gr,"11,67 € / 1 Kg","1,75 €",CONSUM
Despensa,Aperitivos y frutos secos,Pipas Tostadas con Sal Bolsa 250 Gr,"5,80 € / 1 Kg","1,45 €",CONSUM
Despensa,Aperitivos y frutos secos,Aceitunas Manzanilla con Hueso en Frasco 250 Gr,"7,00 € / 1 Kg","1,75 €",CONSUM
Despensa,Aperitivos y frutos secos,Aceitunas Sabor Anchoa con Hueso en Frasco 250 Gr,"7,80 € / 1 Kg","1,95 €",CONSUM
Despensa,Aperitivos y frutos secos,Tortilla Chip Sal 200 Gr,"8,25 € / 1 Kg","1,65 €",ZANUY
Despensa,Aperitivos y frutos secos,Aceitunas Rellenas de Anchoas Pack de 3 3 x 50 Gr,"21,00 € / 1 Kg","3,15 €",JOLCA
Despensa,Aperitivos y frutos secos,Aceitunas Rellenas Anchoa Cantábrico Lata 150 Gr,"15,93 € / 1 Kg","2,39 €",JOLCA
Despensa,Aperitivos y frutos secos,Mega Mix Snacks Bolsa 140 Gr,"7,86 € / 1 Kg","1,10 €",CONSUM
Despensa,Aperitivos y frutos secos,Conos de Maíz Sabor Queso-Bacon 80 Gr,"8,13 € / 1 Kg","0,65 €",CONSUM
Despensa,Aperitivos y frutos secos,Patatas Fritas Lisas Bolsa Papel 300 Gr,"5,83 € / 1 Kg","1,75 €",CONSUM
Despensa,Aperitivos y frutos secos,Patatas Fritas Lisas Ligeras Bolsa 130 Gr,"9,15 € / 1 Kg","1,19 €",CONSUM
Despensa,Aperitivos y frutos secos,Patatas Fritas Onduladas Jamón Bolsa 170 Gr,"7,94 € / 1 Kg","1,35 €",CONSUM
Despensa,Aperitivos y frutos secos,Ruedas de Patata Bolsa 80 Gr,"14,38 € / 1 Kg","1,15 €",CONSUM
Despensa,Aperitivos y frutos secos,Tiras de Maíz Sabor Barbacoa 130 Gr,"5,00 € / 1 Kg","0,65 €",CONSUM
Despensa,Aperitivos y frutos secos,Maíz Crudo Palomitas Bolsa 250 Gr,"3,40 € / 1 Kg","0,85 €",CONSUM
Despensa,Aperitivos y frutos secos,Cacahuetes Fritos Piel Bolsa 250 Gr,"5,20 € / 1 Kg","1,30 €",CONSUM
Despensa,Aperitivos y frutos secos,Cortezas de Cerdo Bolsa 100 Gr,"12,70 € / 1 Kg","1,27 €",CONSUM
Despensa,Aperitivos y frutos secos,Piñones Caja 40 Gr,"7,38 € / 100 Gr","2,95 €",CONSUM
Despensa,Aperitivos y frutos secos,Pepinillos Finos Vinagre Frasco 230 Gr,"5,43 € / 1 Kg","1,25 €",CONSUM
Despensa,Aperitivos y frutos secos,Pepinillos Finos Sabor Anchoa Frasco 230 Gr,"6,04 € / 1 Kg","1,39 €",CONSUM
Despensa,Aperitivos y frutos secos,Cocktail Aceitunas y Pepinillos Frasco 500 Gr,"5,78 € / 1 Kg","2,89 €",CONSUM
Despensa,Aperitivos y frutos secos,Banderillas Dulces Frasco 215 Gr,"9,72 € / 1 Kg","2,09 €",CONSUM
Despensa,Aperitivos y frutos secos,Banderillas Picantes Frasco 215 Gr,"9,72 € / 1 Kg","2,09 €",CONSUM
Despensa,Aperitivos y frutos secos,Garbanzos Tostados Bolsa 125 Gr,"10,32 € / 1 Kg","1,29 €",CONSUM
Despensa,Aperitivos y frutos secos,Anacardos Fritos Doypack 200 Gr,"12,95 € / 1 Kg","2,59 €",CONSUM
Despensa,Aperitivos y frutos secos,Avellanas Tostadas Bolsa 200 Gr,"16,45 € / 1 Kg","3,29 €",CONSUM
Despensa,Aperitivos y frutos secos,Aperitivo de Maíz Gustosines Sal Bolsa 96 Gr,"19,69 € / 1 Kg","1,89 €",CHEETOS
Despensa,Aperitivos y frutos secos,Aceitunas Gazpachas Partidas Frasco 500 Gr,"5,30 € / 1 Kg","2,65 €",CONSUM
Despensa,Aperitivos y frutos secos,Dracos Snack de Maíz Sabor Queso-Bacón 80 Gr,"14,88 € / 1 Kg","1,19 €",CONSUM
Despensa,Aperitivos y frutos secos,Guindillas Vascas en Vinagre Frasco 130 Gr,"32,69 € / 1 Kg","4,25 €",GUIPUZCOANA
Despensa,Aperitivos y frutos secos,Pepinillos Estilo Alemán Frasco 880 Gr,"4,88 € / 1 Kg","4,29 €",ORZECH
Despensa,Aperitivos y frutos secos,Nuez Cascara Bolsa 600 Gr,"5,42 € / 1 Kg","3,25 €",CONSUM
Despensa,Aperitivos y frutos secos,Patatas Fritas Lisas Bolsa 210 Gr,"6,43 € / 1 Kg","1,35 €",CONSUM
Despensa,Aperitivos y frutos secos,Patatas Fritas Onduladas Bolsa 210 Gr,"6,43 € / 1 Kg","1,35 €",CONSUM
Despensa,Aperitivos y frutos secos,Almendras con Piel Tostadas Sal Bolsa 200 Gr,"14,95 € / 1 Kg","2,99 €",CONSUM
Despensa,Aperitivos y frutos secos,Pipas G con Sal Bolsa 165 Gr,"9,39 € / 1 Kg","1,55 €",GREFUSA
Despensa,Aperitivos y frutos secos,Almendras Repeladas Fritas Bolsa 200 Gr,"14,25 € / 1 Kg","2,85 €",CONSUM
Despensa,Aperitivos y frutos secos,Habas Fritas Bolsa 100 Gr,"12,90 € / 1 Kg","1,29 €",CONSUM
Despensa,Aperitivos y frutos secos,Aceituna Pelotín Sabor Anchoa 250 Gr,"10,36 € / 1 Kg","2,59 €",BERNAL
Despensa,Aperitivos y frutos secos,Cebolla Roja 500 Gr,"6,98 € / 1 Kg","3,49 €",CORBI
Despensa,Aperitivos y frutos secos,Patatas Fritas Lisas Bolsa 140 Gr,"10,36 € / 1 Kg","1,45 €",DUSO
Despensa,Aperitivos y frutos secos,Patatas Fritas Lisas Bolsa 300 Gr,"8,97 € / 1 Kg","2,69 €",DUSO
Despensa,Aperitivos y frutos secos,Alcaparras en Vinagre Tarro 80 Gr,"16,25 € / 1 Kg","1,30 €",CONSUM
Despensa,Aperitivos y frutos secos,Cacahuetes con Miel Paquete 150 Gr,"9,00 € / 1 Kg","1,35 €",CONSUM
Despensa,Aperitivos y frutos secos,Aceitunas Manzanilla con Hueso Bolsa 100 Gr,"9,00 € / 1 Kg","0,90 €",JOLCA
Despensa,Aperitivos y frutos secos,Patatas Fritas Lisas Caseras Bolsa Papel 250 Gr,"10,60 € / 1 Kg","2,65 €",VIDAL
Despensa,Aperitivos y frutos secos,Aceitunas Manzanilla con Hueso en Frasco 500 Gr,"5,18 € / 1 Kg","2,59 €",CONSUM
Despensa,Aperitivos y frutos secos,Galletas Saladas Bacón Paquete 100 Gr,"14,90 € / 1 Kg","1,49 €",LU
Despensa,Aperitivos y frutos secos,Pepinillos Agridulces Frasco 230 Gr,"7,35 € / 1 Kg","1,69 €",CONSUM
Despensa,Aperitivos y frutos secos,Guindillas en Vinagre Frasco 160 Gr,"8,06 € / 1 Kg","1,29 €",CONSUM
Despensa,Aperitivos y frutos secos,Cóctel Frutos Secos Clásico Bolsa 175 Gr,"12,51 € / 1 Kg","2,19 €",CONSUM
Despensa,Aperitivos y frutos secos,Aceitunas Manzanilla sin Hueso en Frasco 400 Gr,"6,48 € / 1 Kg","2,59 €",CONSUM
Despensa,Aperitivos y frutos secos,Palomitas Microondas Saladas Pack de 3 3 x 100 Gr,"8,17 € / 1 Kg","2,45 €",POPITAS
Despensa,Aperitivos y frutos secos,Picadillo de Encurtidos Frasco 200 Gr,"6,75 € / 1 Kg","1,35 €",CONSUM
Despensa,Aperitivos y frutos secos,Pipas Calabaza Tostadas Sal Bolsa 125 Gr,"12,40 € / 1 Kg","1,55 €",CONSUM
Despensa,Aperitivos y frutos secos,Aceitunas Manzanilla Sabor Anchoa con Hueso 500 Gr,"6,10 € / 1 Kg","3,05 €",CONSUM
Despensa,Aperitivos y frutos secos,Palomitas Mantequilla Bolsa 90 Gr,"9,44 € / 1 Kg","0,85 €",CONSUM KIDS
Despensa,Aperitivos y frutos secos,Patatas Fritas Sin Sal Añadida Bolsa 130 Gr,"9,92 € / 1 Kg","1,29 €",CONSUM
Despensa,Aperitivos y frutos secos,Aros de Maíz Kaskys Bolsa 120 Gr,"9,08 € / 1 Kg","1,09 €",TOSFRIT
Despensa,Aperitivos y frutos secos,Selección Frutos Secos y Snacks Mix5 XL 300 Gr,"9,50 € / 1 Kg","2,85 €",MISTERCORN
Despensa,Aperitivos y frutos secos,Galleta Salada Bote 350 Gr,"3,71 € / 1 Kg","1,30 €",CONSUM
Despensa,Aperitivos y frutos secos,Almendra Repelada Cruda 150 Gr,"12,60 € / 1 Kg","1,89 €",CONSUM
Despensa,Aperitivos y frutos secos,Patatas Fritas Lisas Campesinas Ahorro 250 Gr,"12,36 € / 1 Kg","3,09 €",LAY'S
Despensa,Aperitivos y frutos secos,Palitos de Patatas Bolsa 75 Gr,"11,33 € / 1 Kg","0,85 €",CONSUM
Despensa,Aperitivos y frutos secos,Maíz Gigante Frito Bolsa 250 Gr,"9,00 € / 1 Kg","2,25 €",CONSUM
Despensa,Aperitivos y frutos secos,Cortezas Morro-Torrezno Bolsa 150 Gr,"13,67 € / 1 Kg","2,05 €",CONSUM
Despensa,Aperitivos y frutos secos,Aceitunas Rellenas de Anchoas Lata 600 Gr,"7,25 € / 1 Kg","4,35 €",CONSUM
Despensa,Aperitivos y frutos secos,Cocktail Cuatro Variantes en Vinagre Frasco 225 Gr,"6,44 € / 1 Kg","1,45 €",CONSUM
Despensa,Aperitivos y frutos secos,Maíz Gigante Frito Barbacoa Bolsa 100 Gr,"11,50 € / 1 Kg","1,15 €",CONSUM
Despensa,Aperitivos y frutos secos,Cocktail Aceituna Verde Negra-Cebollita-Pepinillo 185 Gr,"10,76 € / 1 Kg","1,99 €",JOLCA
Despensa,Aperitivos y frutos secos,Galletas Saladas Cracker Caja 200 Gr,"13,75 € / 1 Kg","2,75 €",RITZ
Despensa,Aperitivos y frutos secos,Coctel Frutos Secos Cáscara Bolsa 250 Gr,"7,00 € / 1 Kg","1,75 €",CONSUM
Despensa,Aperitivos y frutos secos,Aceitunas Sabor Anchoa con Hueso en Lata 185 Gr,"11,30 € / 1 Kg","2,09 €",JOLCA
Despensa,Aperitivos y frutos secos,Aceituna Manzanilla Frasco 420 Gr,"11,17 € / 1 Kg","4,69 €",JOLCA
Despensa,Aperitivos y frutos secos,Cóctel Frutos Secos Especial Premiun 100 Gr,"19,90 € / 1 Kg","1,99 €",CONSUM
Despensa,Aperitivos y frutos secos,Aceituna con Guindilla Picante 150 Gr,"19,93 € / 1 Kg","2,99 €",KIMBO
Despensa,Aperitivos y frutos secos,Piñones Pelados Tarro 45 Gr,"11,09 € / 100 Gr","4,99 €",SABATER
Despensa,Aperitivos y frutos secos,Aceitunas Rellenas Jalapeños Lata 130 Gr,"15,77 € / 1 Kg","2,05 €",JOLCA
Despensa,Aperitivos y frutos secos,Avellana Cáscara Granel,"7,60 € / 1 Kg","7,60 €",
Despensa,Aperitivos y frutos secos,Aceitunas Gordal con Hueso en Frasco 475 Gr,"8,82 € / 1 Kg","4,19 €",CONSUM
Despensa,Aperitivos y frutos secos,Alcaparrones en Vinagre Frasco 150 Gr,"13,87 € / 1 Kg","2,08 €",CONSUM
Despensa,Aperitivos y frutos secos,Aceitunas Gordal Picante con Hueso en Frasco 475 Gr,"8,82 € / 1 Kg","4,19 €",CONSUM
Despensa,Aperitivos y frutos secos,Aceitunas Cocktail Imperial Tarro 360 Gr,"13,58 € / 1 Kg","4,89 €",JOLCA
Despensa,Aperitivos y frutos secos,Cebollitas Sabor Anchoa Tarro 200 Gr,"7,95 € / 1 Kg","1,59 €",CONSUM
Despensa,Aperitivos y frutos secos,Pimiento en Salmuera Pet 425 Gr,"6,55 € / 1 Kg","2,75 €",CORBI
Despensa,Aperitivos y frutos secos,Banderillas Picantes Aceite y Sabor Anchoa 120 Gr,"22,08 € / 1 Kg","2,65 €",KIMBO
Despensa,Aperitivos y frutos secos,Aceituna Gordal Picante sin Hueso Lata 150 Gr,"15,93 € / 1 Kg","2,39 €",BERNAL
Despensa,Aperitivos y frutos secos,Pipa Calabaza Pelada Tostada Paquete 150 Gr,"15,00 € / 1 Kg","2,25 €",CONSUM
Despensa,Aperitivos y frutos secos,Cacahuete Garrapiñado Doypack 130 Gr,"9,15 € / 1 Kg","1,19 €",PRUNITA
Despensa,Aperitivos y frutos secos,Almendra con Cáscara Tostada Bolsa 250 Gr,"13,00 € / 1 Kg","3,25 €",
Despensa,Aperitivos y frutos secos,Pepinillo Agridulce Bote 400 Gr,"5,23 € / 1 Kg","2,09 €",BERNAL
Despensa,Aperitivos y frutos secos,Tortilla Nachips Bolsa 185 Gr,"14,86 € / 1 Kg","2,75 €",OLD EL PASO
Despensa,Aperitivos y frutos secos,Patatas Fritas Flor de Sal con Hierbas Aromáticas 150 Gr,"13,27 € / 1 Kg","1,99 €",CONSUM
Despensa,Aperitivos y frutos secos,Chips de Maíz y Chía con Sal Marina Mios! 150 Gr,"12,67 € / 1 Kg","1,90 €",RISI
Despensa,Aperitivos y frutos secos,Snack de Maíz con Sabor a Mantequilla 100 Gr,"13,00 € / 1 Kg","1,30 €",JUMPERS
Despensa,Aperitivos y frutos secos,Aceitunas Rellenas de Anchoa Suaves 130 Gr,"14,54 € / 1 Kg","1,89 €",JOLCA
Despensa,Aperitivos y frutos secos,Mango Deshidratado Doypack 90 Gr,"21,22 € / 1 Kg","1,91 €",PRUNITA
Despensa,Aperitivos y frutos secos,Coquitos Grano Bolsa 150 Gr,"15,00 € / 1 Kg","2,25 €",CONSUM
Despensa,Aperitivos y frutos secos,Cocktail Frutos Secos Top 5 170 Gr,"14,71 € / 1 Kg","2,50 €",FRIT RAVICH
Despensa,Aperitivos y frutos secos,Snack Multicereales al Toque de Sal Marina 95 Gr,"23,05 € / 1 Kg","2,19 €",SUNBITES
Despensa,Aperitivos y frutos secos,Almendra Cáscara Blanda Cruda Granel,"9,60 € / 1 Kg","9,60 €",
Despensa,Aperitivos y frutos secos,Pipas Oro Bolsa 150 Gr,"12,00 € / 1 Kg","1,80 €",EL MANISERO
Despensa,Aperitivos y frutos secos,Patata Frita Viruta más Ketchup Tarrina 175 Gr,"12,57 € / 1 Kg","2,20 €",ARGENTE
Despensa,Aperitivos y frutos secos,Mix Sabores de América Bolsa 180 Gr,"13,28 € / 1 Kg","2,39 €",MISTERCORN
Despensa,Aperitivos y frutos secos,Aceitunas Negras Sin Hueso Cacereña 3 x 50 Gr,"21,00 € / 1 Kg","3,15 €",JOLCA
Despensa,Aperitivos y frutos secos,Manzana Deshidratada Roja Bolsa 20 Gr,"4,25 € / 100 Gr","0,85 €",FRUBIS
Despensa,Aperitivos y frutos secos,Frutos Secos y Frutas Arándanos y Cerezas 120 Gr,"22,08 € / 1 Kg","2,65 €",SNATT'S
Despensa,Aperitivos y frutos secos,Frutos Secos y Frutas Piña y Papaya 120 Gr,"22,08 € / 1 Kg","2,65 €",SNATT'S
Despensa,Aperitivos y frutos secos,Pistacho con Cáscara Crudo Bolsa 150 Gr,"16,60 € / 1 Kg","2,49 €",CONSUM
Despensa,Aperitivos y frutos secos,Aceitunas Negras en Rodajas Tarro 110 Gr,"17,73 € / 1 Kg","1,95 €",JOLCA
Despensa,Aperitivos y frutos secos,Nachos con Chia Paquete 130 Gr,"10,77 € / 1 Kg","1,40 €",ZANUY
Despensa,Aperitivos y frutos secos,Aceituna Partida de la Abuela Antequera 550 Gr,"6,82 € / 1 Kg","3,75 €",CHICÓN
Despensa,Aperitivos y frutos secos,Conos de Maíz 3D's Sabor Queso 100 Gr,"18,90 € / 1 Kg","1,89 €",MATUTANO
Despensa,Aperitivos y frutos secos,Mix Familiar 500 Gr,"5,10 € / 1 Kg","2,55 €",CONSUM
Despensa,Aperitivos y frutos secos,Pan de Gambas Bolsa 80 Gr,"18,13 € / 1 Kg","1,45 €",ESCRIVA
Despensa,Aperitivos y frutos secos,Nachos de Maíz Fritos Sabor Natural 300 Gr,"8,83 € / 1 Kg","2,65 €",MEXIFOODS
Despensa,Aperitivos y frutos secos,Picoteo Surtido de Snacks 90 Gr,"12,78 € / 1 Kg","1,15 €",TOSFRIT
Despensa,Aperitivos y frutos secos,Tuc Crackers Pack de 2 x 100 Gr,"11,25 € / 1 Kg","2,25 €",LU
Despensa,Aperitivos y frutos secos,Pistacho Tostado Bolsa 130 Gr,"26,08 € / 1 Kg","3,39 €",PIZARRO
Despensa,Aperitivos y frutos secos,Patatas Fritas Receta Original 250 Gr,"9,40 € / 1 Kg","2,35 €",VIDAL
Despensa,Aperitivos y frutos secos,Ajos Aliñados Frasco 220 Gr,"10,45 € / 1 Kg","2,30 €",CONSUM
Despensa,Aperitivos y frutos secos,Maíz Mistercorn Maxi Ahorro Bolsa 285 Gr,"10,00 € / 1 Kg","2,85 €",MISTERCORN
Despensa,Aperitivos y frutos secos,Aceituna Rellena Limón 130 Gr,"15,31 € / 1 Kg","1,99 €",JOLCA
Despensa,Aperitivos y frutos secos,Aceituna Gordal sin Hueso Aliñada 360 Gr,"13,86 € / 1 Kg","4,99 €",JOLCA
Despensa,Aperitivos y frutos secos,Patatas Fritas Sal al Horno 150 Gr,"15,93 € / 1 Kg","2,39 €",LAY'S
Despensa,Aperitivos y frutos secos,Cóctel Picante Bote 235 Gr,"9,35 € / 1 Kg","2,15 €",CORBI
Despensa,Aperitivos y frutos secos,Mix Barbacoa Bolsa 195 Gr,"10,00 € / 1 Kg","1,95 €",MISTERCORN
Despensa,Aperitivos y frutos secos,Mix Picante Bolsa 195 Gr,"10,00 € / 1 Kg","1,95 €",MISTERCORN
Despensa,Aperitivos y frutos secos,Mix de Encurtidos Pepinillos y Cebollas 380 Gr,"5,13 € / 1 Kg","1,95 €",RIOVERDE
Despensa,Aperitivos y frutos secos,Cóctel Salseo Bolsa 200 Gr,"10,95 € / 1 Kg","2,19 €",CONSUM
Despensa,Aperitivos y frutos secos,Pipas Tostadas sin Sal Bolsa 175 Gr,"7,37 € / 1 Kg","1,29 €",CONSUM
Despensa,Aperitivos y frutos secos,Snack Papadelta Sabor Jamón Bolsa 73 Gr,"23,15 € / 1 Kg","1,69 €",GREFUSA
Despensa,Aperitivos y frutos secos,Snack Gublins Sabor Barbacoa Bolsa 135 Gr,"12,52 € / 1 Kg","1,69 €",GREFUSA
Despensa,Aperitivos y frutos secos,Snack Boom Tijuana Bolsa 85 Gr,"19,88 € / 1 Kg","1,69 €",GREFUSA
Despensa,Aperitivos y frutos secos,Anacardos Crudos Bolsa 150 Gr,"11,67 € / 1 Kg","1,75 €",CONSUM
Despensa,Aperitivos y frutos secos,Patata Delicatessen Bolsa 120 Gr,"11,58 € / 1 Kg","1,39 €",ARGENTE
Despensa,Aperitivos y frutos secos,Pipas Piponazo Original Bolsa 119 Gr,"15,55 € / 1 Kg","1,85 €",GREFUSA
Despensa,Aperitivos y frutos secos,Cóctel Frutos Secos sin Sal 170 Gr,"12,88 € / 1 Kg","2,19 €",CONSUM
Despensa,Aperitivos y frutos secos,Patatas Fritas Onduladas Bolsa 160 Gr,"11,81 € / 1 Kg","1,89 €",RUFFLES
Despensa,Aperitivos y frutos secos,Aceituna Pimiento Asado Lata 150 Gr,"11,00 € / 1 Kg","1,65 €",CONSUM
Despensa,Aperitivos y frutos secos,Pipas Gigantes Tostadas Aguasal en Bolsa 200 Gr,"6,00 € / 1 Kg","1,20 €",CONSUM
Despensa,Aperitivos y frutos secos,Pipas Peladas Fritas Bolsa 150 Gr,"5,67 € / 1 Kg","0,85 €",CONSUM
Despensa,Aperitivos y frutos secos,Palomitas Microondas Pack de 3 3 x 100 Gr,"8,17 € / 1 Kg","2,45 €",POPITAS
Despensa,Aperitivos y frutos secos,Aceituna Rellena Anchoa Baja en Sal en Lata 150 Gr,"9,33 € / 1 Kg","1,40 €",CONSUM
Despensa,Aperitivos y frutos secos,Pipas Gigantes Tostadas con Sal Bolsa 200 Gr,"6,00 € / 1 Kg","1,20 €",CONSUM
Despensa,Aperitivos y frutos secos,Aceituna Verde Rodajas Bote 110 Gr,"12,64 € / 1 Kg","1,39 €",CONSUM
Despensa,Aperitivos y frutos secos,Berenjena Troceada Vidrio 300 Gr,"9,97 € / 1 Kg","2,99 €",ANTONIO
Despensa,Aperitivos y frutos secos,Triángulos de Maíz Sabor Chili Bolsa 140 Gr,"14,21 € / 1 Kg","1,99 €",DORITOS
Despensa,Aperitivos y frutos secos,Triángulos de Maíz Sabor Tex-Mex Bolsa 140 Gr,"14,21 € / 1 Kg","1,99 €",DORITOS
Despensa,Aperitivos y frutos secos,Triángulos de Maíz Sabor Tex-Mex Ahorro 260 Gr,"13,27 € / 1 Kg","3,45 €",DORITOS
Despensa,Aperitivos y frutos secos,Mix Cocktail Bolsa 100 Gr,"13,00 € / 1 Kg","1,30 €",JUMPERS
Despensa,Aperitivos y frutos secos,Avellana Natural Piel DoyPack 200 Gr,"13,50 € / 1 Kg","2,70 €",CONSUM
Despensa,Aperitivos y frutos secos,Cacahuete Repelado Frito Paquete 250 Gr,"4,20 € / 1 Kg","1,05 €",CONSUM
Despensa,Aperitivos y frutos secos,Patatas Fritas Burguer Bolsa 95 Gr,"16,84 € / 1 Kg","1,60 €",VIDAL
Despensa,Aperitivos y frutos secos,Almendra Natural piel Doy Pack 200 Gr,"10,25 € / 1 Kg","2,05 €",CONSUM
Despensa,Aperitivos y frutos secos,Nuez Grano Doypack 200 Gr,"10,75 € / 1 Kg","2,15 €",CONSUM
Despensa,Aperitivos y frutos secos,Aceituna Rellena Sabor Vermut 150 Gr,"15,93 € / 1 Kg","2,39 €",JOLCA
Despensa,Aperitivos y frutos secos,Palomitas Microondas Sal Bolsa 3 x 90 Gr,"4,07 € / 1 Kg","1,10 €",CONSUM
Despensa,Aperitivos y frutos secos,Palomitas Microondas Mantequilla Bolsa 3 x 90 Gr,"5,00 € / 1 Kg","1,35 €",CONSUM
Despensa,Aperitivos y frutos secos,Palomitas Microondas Dulces Bolsa 3 x 90 Gr,"6,30 € / 1 Kg","1,70 €",CONSUM
Despensa,Aperitivos y frutos secos,Pasas Moscatel Doypack 300 Gr,"7,33 € / 1 Kg","2,20 €",CONSUM
Despensa,Aperitivos y frutos secos,Pasas Sultanas Doypack 300 Gr,"5,97 € / 1 Kg","1,79 €",CONSUM
Despensa,Aperitivos y frutos secos,Orejón Albaricoque Desecado doypack 200 Gr,"14,25 € / 1 Kg","2,85 €",CONSUM
Despensa,Aperitivos y frutos secos,Arándano Desecado Doypack 200 Gr,"13,25 € / 1 Kg","2,65 €",CONSUM
Despensa,Aperitivos y frutos secos,Nuez Macadamia Natural Doypack 100 Gr,"29,00 € / 1 Kg","2,90 €",CONSUM
Despensa,Aperitivos y frutos secos,Nuez Pecana Doypack 150 Gr,"17,93 € / 1 Kg","2,69 €",CONSUM
Despensa,Aperitivos y frutos secos,Pipa Pelada Natural Bolsa 150 Gr,"6,00 € / 1 Kg","0,90 €",CONSUM
Despensa,Aperitivos y frutos secos,Cebollitas Rojas Agridulces 200 Gr,"6,25 € / 1 Kg","1,25 €",CONSUM
Despensa,Aperitivos y frutos secos,Aceituna Estilo Casero Bote 500 Gr,"5,70 € / 1 Kg","2,85 €",CONSUM
Despensa,Aperitivos y frutos secos,Dátil sin Hueso Doypack 300 Gr,"6,83 € / 1 Kg","2,05 €",CONSUM
Despensa,Aperitivos y frutos secos,Patatas Fritas Onduladas Yorqueso Bolsa 150 Gr,"13,27 € / 1 Kg","1,99 €",RUFFLES
Despensa,Aperitivos y frutos secos,Patatas Campesinas Bolsa 150 Gr,"13,27 € / 1 Kg","1,99 €",LAY'S
Despensa,Aperitivos y frutos secos,Patatas Vinagreta Bolsa 150 Gr,"13,27 € / 1 Kg","1,99 €",LAY'S
Despensa,Aperitivos y frutos secos,Aceituna Natural Frasco 400 Gr,"6,63 € / 1 Kg","2,65 €",CORBI
Despensa,Aperitivos y frutos secos,Aceitunas Sin Hueso Aliñadas 325 Gr,"10,12 € / 1 Kg","3,29 €",CORBI
Despensa,Aperitivos y frutos secos,Aceitunas Chupadedos Frasco 400 Gr,"5,98 € / 1 Kg","2,39 €",CORBI
Despensa,Aperitivos y frutos secos,Aceituna Con Hueso Mojo Picón 400 Gr,"6,63 € / 1 Kg","2,65 €",CORBI
Despensa,Aperitivos y frutos secos,Aceituna de Sosa Frasco 400 Gr,"6,63 € / 1 Kg","2,65 €",CORBI
Despensa,Aperitivos y frutos secos,Cóctel Mediterráneo Frasco 400 Gr,"6,63 € / 1 Kg","2,65 €",CORBI
Despensa,Aperitivos y frutos secos,Natuchips Tomate Queso y Orégano 85 Gr,"23,41 € / 1 Kg","1,99 €",SNATT'S
Despensa,Aperitivos y frutos secos,Nachos de Maíz Tex Mex Bolsa 150 Gr,"6,33 € / 1 Kg","0,95 €",CONSUM
Despensa,Aperitivos y frutos secos,Pistachos Tostados Paquete 300 Gr,"13,30 € / 1 Kg","3,99 €",CONSUM
Despensa,Aperitivos y frutos secos,Cóctel Ensalada Crudo Doypack 150 Gr,"11,67 € / 1 Kg","1,75 €",CONSUM
Despensa,Aperitivos y frutos secos,Cóctel Mix Crudo Natural Doypack 150 Gr,"13,27 € / 1 Kg","1,99 €",CONSUM
Despensa,Aperitivos y frutos secos,Torreznos Adobados Bolsa 150 Gr,"15,33 € / 1 Kg","2,30 €",CONSUM
Despensa,Aperitivos y frutos secos,Nuez Grano Nacional Bolsa 120 Gr,"18,25 € / 1 Kg","2,19 €",LA NOGUERA
Despensa,Aperitivos y frutos secos,Pepinillos Laminados Agridulces 290 Gr,"6,86 € / 1 Kg","1,99 €",RIOVERDE
Despensa,Aperitivos y frutos secos,Pistachos Tostados Sin Cáscara y Sin Sal 100 Gr,"28,90 € / 1 Kg","2,89 €",CONSUM
Despensa,Aperitivos y frutos secos,Cocktail Snacks de Maíz Bolsa 225 Gr,"8,00 € / 1 Kg","1,80 €",ASPIL
Despensa,Aperitivos y frutos secos,Patatas Fritas Lisas al Punto de Sal 195 Gr,"10,21 € / 1 Kg","1,99 €",LAY'S
Despensa,Aperitivos y frutos secos,Patatas Fritas Lisas Punto de Sal Pack Ahorro 265 Gr,"9,40 € / 1 Kg","2,49 €",LAY'S
Despensa,Aperitivos y frutos secos,Snack de Patata Pom-Bear 80 Gr,"21,13 € / 1 Kg","1,69 €",GREFUSA
Despensa,Aperitivos y frutos secos,Patatas Horno Sabor Campesina 130 Gr,"18,38 € / 1 Kg","2,39 €",LAY'S
Despensa,Aperitivos y frutos secos,Cheetos Sticks Palitos Bolsa 96 Gr,"19,69 € / 1 Kg","1,89 €",CHEETOS
Despensa,Aperitivos y frutos secos,Galletas Saladas Mini Mix 350 Gr,"6,14 € / 1 Kg","2,15 €",GULLON
Despensa,Aperitivos y frutos secos,Cheetos Rizos Bolsa 100 Gr,"18,90 € / 1 Kg","1,89 €",CHEETOS
Despensa,Aperitivos y frutos secos,Nachos Mexican Bolsa 150 Gr,"6,33 € / 1 Kg","0,95 €",CONSUM
Despensa,Aperitivos y frutos secos,Patatas Churrería Bolsa 150 Gr,"7,33 € / 1 Kg","1,10 €",CONSUM
Despensa,Aperitivos y frutos secos,Nachos Blancos Bolsa 150 Gr,"6,00 € / 1 Kg","0,90 €",CONSUM
Despensa,Aperitivos y frutos secos,Doritos Dippas Bolsa 150 Gr,"13,27 € / 1 Kg","1,99 €",DORITOS
Despensa,Aperitivos y frutos secos,Snack Gublins XL Sabor Queso Bolsa 124 Gr,"13,63 € / 1 Kg","1,69 €",GREFUSA
Despensa,Aperitivos y frutos secos,Patatas Fritas Onduladas Pack Económico 265 Gr,"10,91 € / 1 Kg","2,89 €",RUFFLES
Despensa,Aperitivos y frutos secos,Triskys Aros de Maíz 135 Gr,"11,48 € / 1 Kg","1,55 €",RISI
Despensa,Aperitivos y frutos secos,Risketos Sabor Queso 135 Gr,"11,85 € / 1 Kg","1,60 €",RISI
Despensa,Aperitivos y frutos secos,Grefutubo Grefusitos de Maíz 95 Gr,"14,74 € / 1 Kg","1,40 €",GREFUSA
Despensa,Aperitivos y frutos secos,Palomitas de Mantequilla Bolsa 105 Gr,"14,29 € / 1 Kg","1,50 €",RISI
Despensa,Aperitivos y frutos secos,Cacahuete a la Miel y Sal Bolsa 90 Gr,"20,56 € / 1 Kg","1,85 €",EAGLE
Despensa,Aperitivos y frutos secos,Palomitas Microondas Zero Pack de 3 3 x 70 Gr,"11,67 € / 1 Kg","2,45 €",POPITAS
Despensa,Aperitivos y frutos secos,Palomitas de Chocolate Bolsa 100 Gr,"13,00 € / 1 Kg","1,30 €",RISI
Despensa,Aperitivos y frutos secos,Almendra Tostada Sin Sal Bolsa 200 Gr,"14,95 € / 1 Kg","2,99 €",CONSUM
Despensa,Aperitivos y frutos secos,Patatas Fritas Gourmet Bolsa 150 Gr,"11,93 € / 1 Kg","1,79 €",LOLITA
Despensa,Aperitivos y frutos secos,Pistacho Tostado con Cáscara y sin Sal 250 Gr,"13,40 € / 1 Kg","3,35 €",CONSUM
Despensa,Aperitivos y frutos secos,Cacahuete Tostado Sin Sal Bolsa 200 Gr,"6,25 € / 1 Kg","1,25 €",CONSUM
Despensa,Aperitivos y frutos secos,Pipas Piponazo Gourmet Bolsa 105 Gr,"18,57 € / 1 Kg","1,95 €",GREFUSA
Despensa,Aperitivos y frutos secos,Bolitas Maíz MatchBall Sabor Queso 105 Gr,"12,95 € / 1 Kg","1,36 €",RISI
Despensa,Aperitivos y frutos secos,Patatas Fritas Churrería Pack Económico 290 Gr,"10,31 € / 1 Kg","2,99 €",SANTA ANA
Despensa,Aperitivos y frutos secos,Snatt's Guisante Queso y Eneldo 95 Gr,"20,95 € / 1 Kg","1,99 €",SNATTS
Despensa,Aperitivos y frutos secos,Snatt's Guisante Campesina 95 Gr,"20,95 € / 1 Kg","1,99 €",SNATTS
Despensa,Aperitivos y frutos secos,Aceitunas Rellenas de Boquerón Lata 130 Gr,"19,62 € / 1 Kg","2,55 €",LA ESPAÑOLA
Despensa,Aperitivos y frutos secos,Aceitunas Empeltre Bote 210 Gr,"11,86 € / 1 Kg","2,49 €",BLAI PERIS
Despensa,Aperitivos y frutos secos,Aceituna Verdial Gazpachada 400 Gr,"9,98 € / 1 Kg","3,99 €",JOLCA
Despensa,Aperitivos y frutos secos,Patatas Fritas Extra Crujientes Aceite Girasol 180 Gr,"8,33 € / 1 Kg","1,50 €",CONSUM
Despensa,Aperitivos y frutos secos,Patatas Extra Crujientes Aceite Oliva Bolsa 130 Gr,"15,31 € / 1 Kg","1,99 €",CONSUM
Despensa,Aperitivos y frutos secos,Lote Lay's Gourmet 2 x 170 Gr,"12,32 € / 1 Kg","4,19 €",LAY'S
Despensa,Aperitivos y frutos secos,Aceituna Aloreña Partida Aliño al Natural 400 Gr,"9,98 € / 1 Kg","3,99 €",JOLCA
Despensa,Aperitivos y frutos secos,Mix Edamame Soja Doypack 100 Gr,"13,00 € / 1 Kg","1,30 €",MEDINA
Despensa,Aperitivos y frutos secos,Nuez Cáscara Nacional Malla 500 Gr,"6,18 € / 1 Kg","3,09 €",CONSUM
Despensa,Aperitivos y frutos secos,Patatas Ketchup Bolsa 150 Gr,"13,27 € / 1 Kg","1,99 €",RUFFLES
Despensa,Aperitivos y frutos secos,Pipas G Maxi Bolsa 260 Gr,"8,46 € / 1 Kg","2,20 €",GREFUSA
Despensa,Aperitivos y frutos secos,Patatas Fritas Onduladas Sabor Jamón 150 Gr,"13,27 € / 1 Kg","1,99 €",RUFFLES
Despensa,Aperitivos y frutos secos,Nuez Grano Miel y Sal Doy Pack 120 Gr,"24,08 € / 1 Kg","2,89 €",BORGES
Despensa,Aperitivos y frutos secos,Nuez Grano Bolsa 300 Gr,"9,97 € / 1 Kg","2,99 €",BORGES
Despensa,"Arroz, pastas, legumbres",Penne Rigate Caja 500 Gr,"3,58 € / 1 Kg","1,79 €",BARILLA
Despensa,"Arroz, pastas, legumbres",Spaghetti Caja 500 Gr,"3,58 € / 1 Kg","1,79 €",BARILLA
Despensa,"Arroz, pastas, legumbres",Lenteja Cocida Pardina Frasco 400 Gr,"2,88 € / 1 Kg","1,35 €
1,15 €",LUENGO
Despensa,"Arroz, pastas, legumbres",Garbanzo Cocido Frasco 400 Gr,"2,88 € / 1 Kg","1,35 €
1,15 €",LUENGO
Despensa,"Arroz, pastas, legumbres",Alubia Blanca Cocida Frasco 400 Gr,"2,88 € / 1 Kg","1,35 €
1,15 €",LUENGO
Despensa,"Arroz, pastas, legumbres",Arroz Basmati 1 Kg,"2,44 € / 1 Kg","2,54 €
2,44 €",CONSUM
Despensa,"Arroz, pastas, legumbres",Masa de Empanada Rectangular 280 Gr,"8,75 € / 1 Kg","2,89 €
2,45 €",BUITONI
Despensa,"Arroz, pastas, legumbres",Arroz Bomba 1 Kg,"4,95 € / 1 Kg","5,79 €
4,95 €",LA FALLERA
Despensa,"Arroz, pastas, legumbres",Pasta Fresca Rellena de Ternera con Verduras 250 Gr,"10,76 € / 1 Kg","3,29 €
2,69 €",RANA
Despensa,"Arroz, pastas, legumbres",Macarrones Paquete 1 Kg,"1,30 € / 1 Kg","1,35 €
1,30 €",CONSUM
Despensa,"Arroz, pastas, legumbres",Spaghetti Paquete 1 Kg,"1,30 € / 1 Kg","1,35 €
1,30 €",CONSUM
Despensa,"Arroz, pastas, legumbres",Pasta Fresca Rellena 4 Quesos 250 Gr,"10,76 € / 1 Kg","3,29 €
2,69 €",RANA
Despensa,"Arroz, pastas, legumbres",Hélices con Vegetales Pasta Fina 400 Gr,"3,38 € / 1 Kg","1,70 €
1,35 €",GALLO
Despensa,"Arroz, pastas, legumbres",Arroz Especial Paella D.O. Valencia Paquete 1 Kg,"1,99 € / 1 Kg","2,39 €
1,99 €",LA FALLERA
Despensa,"Arroz, pastas, legumbres",Pasta Fresca Rellena de Pollo Asado 250 Gr,"10,76 € / 1 Kg","3,29 €
2,69 €",RANA
Despensa,"Arroz, pastas, legumbres",Masa de Pizza Finíssima Maxi 350 Gr,"7,69 € / 1 Kg","3,15 €
2,69 €",BUITONI
Despensa,"Arroz, pastas, legumbres",Pasta Fresca Rellena de Atún y Tomate 250 Gr,"10,76 € / 1 Kg","3,29 €
2,69 €",RANA
Despensa,"Arroz, pastas, legumbres",Pasta Fresca Rellena Jamón y Queso 250 Gr,"10,76 € / 1 Kg","3,29 €
2,69 €",RANA
Despensa,"Arroz, pastas, legumbres",Pizza Tartufina Jamón y Salsa de Trufa 430 Gr,"7,71 € / 1 Kg","3,99 €
3,39 €",GUAPIZZIMA
Despensa,"Arroz, pastas, legumbres",Arroz Integral Paquete 1 Kg,"2,01 € / 1 Kg","2,01 €",SOS
Despensa,"Arroz, pastas, legumbres",Plumas Nº 6 Paquete 450 Gr,"3,00 € / 1 Kg","1,35 €",GALLO
Despensa,"Arroz, pastas, legumbres",Pennotti Rigati 450 Gr,"3,76 € / 1 Kg","1,69 €",GALLO
Despensa,"Arroz, pastas, legumbres",Garbanzos Pedrosillano Calidad Extra Frasco 400 Gr,"4,73 € / 1 Kg","1,89 €",GUTARRA
Despensa,"Arroz, pastas, legumbres",Alubias Blancas Baby Calidad Extra Frasco 400 Gr,"4,73 € / 1 Kg","1,89 €",GUTARRA
Despensa,"Arroz, pastas, legumbres",Pizza 9 Formaggi 420 Gr,"8,31 € / 1 Kg","3,99 €
3,49 €",GUAPIZZIMA
Despensa,"Arroz, pastas, legumbres",Oblea 16 Unidades 160 Gr,"6,88 € / 1 Kg","1,10 €",BUITONI
Despensa,"Arroz, pastas, legumbres",Arroz Redondo 1 Kg,"1,63 € / 1 Kg","1,63 €",LA FALLERA
Despensa,"Arroz, pastas, legumbres",Tortellinis con Carne Paquete 250 Gr,"10,28 € / 1 Kg","2,57 €",KNORR
Despensa,"Arroz, pastas, legumbres",Spaghettini al Huevo Paquete 450 Gr,"3,76 € / 1 Kg","1,69 €",GALLO
Despensa,"Arroz, pastas, legumbres",Maccheroni Rayado al Huevo Paquete 450 Gr,"3,76 € / 1 Kg","1,69 €",GALLO
Despensa,"Arroz, pastas, legumbres",Pizza 4 Quesos 390 Gr,"8,18 € / 1 Kg","3,19 €",TARRADELLAS
Despensa,"Arroz, pastas, legumbres",Pizza Jamón y Queso. 405 Gr,"7,88 € / 1 Kg","3,19 €",TARRADELLAS
Despensa,"Arroz, pastas, legumbres",Arroz Redondo Extra D.O. Valencia Paquete 1 Kg,"1,79 € / 1 Kg","1,79 €",DACSA
Despensa,"Arroz, pastas, legumbres",Sémola de Arroz Paquete 500 Gr,"1,98 € / 1 Kg","0,99 €",REX
Despensa,"Arroz, pastas, legumbres",Pizza Mediterránea 410 Gr,"7,78 € / 1 Kg","3,19 €",TARRADELLAS
Despensa,"Arroz, pastas, legumbres",Pizza Carbonara 400 Gr,"7,98 € / 1 Kg","3,19 €",TARRADELLAS
Despensa,"Arroz, pastas, legumbres",Tortas de Gazpacho Paquete 180 Gr,"3,33 € / 1 Kg","0,60 €",PASTOR
Despensa,"Arroz, pastas, legumbres",Hélices Ensaladas Paquete 450 Gr,"3,78 € / 1 Kg","1,70 €",GALLO
Despensa,"Arroz, pastas, legumbres",Pizza Jamón y Queso Pack de 2 Unidades 2 x 220 Gr,"7,25 € / 1 Kg","3,19 €",TARRADELLAS
Despensa,"Arroz, pastas, legumbres",Cous Cous Mediano Caja 500 Gr,"3,80 € / 1 Kg","1,90 €",GALLO
Despensa,"Arroz, pastas, legumbres",Alubia Pinta Cocida Frasco 400 Gr,"3,98 € / 1 Kg","1,59 €",LUENGO
Despensa,"Arroz, pastas, legumbres",Arroz Basmati Vaso Pack de 2 2 x 125 Gr,"5,36 € / 1 Kg","1,34 €",BRILLANTE
Despensa,"Arroz, pastas, legumbres",Lenteja Pardina 500 Gr,"3,98 € / 1 Kg","1,99 €",LUENGO
Despensa,"Arroz, pastas, legumbres",Arroz Largo 1 Kg,"1,30 € / 1 Kg","1,30 €",CONSUM
Despensa,"Arroz, pastas, legumbres",Arroz Redondo Extra 1 Kg,"1,30 € / 1 Kg","1,30 €",CONSUM
Despensa,"Arroz, pastas, legumbres",Lasaña Fácil Precocida Caja 18 Placas 200 Gr,"7,15 € / 1 Kg","1,43 €",EL PAVO
Despensa,"Arroz, pastas, legumbres",Pizza Carne con Salsa Barbacoa 410 Gr,"7,05 € / 1 Kg","2,89 €",CAMPOFRÍO
Despensa,"Arroz, pastas, legumbres",Alubia Blanca Cocida Frasco 400 Gr,"1,88 € / 1 Kg","0,75 €",CONSUM
Despensa,"Arroz, pastas, legumbres",Lenteja Pardina Cocida Frasco 400 Gr,"1,88 € / 1 Kg","0,75 €",CONSUM
Despensa,"Arroz, pastas, legumbres",Garbanzo Cocido Frasco 400 Gr,"1,88 € / 1 Kg","0,75 €",CONSUM
Despensa,"Arroz, pastas, legumbres",Alubia Blanca Cocida Frasco 200 Gr,"3,45 € / 1 Kg","0,69 €",CONSUM
Despensa,"Arroz, pastas, legumbres",Lenteja Pardina Cocida Frasco 200 Gr,"3,45 € / 1 Kg","0,69 €",CONSUM
Despensa,"Arroz, pastas, legumbres",Garbanzos Cocidos Frasco 200 Gr,"3,45 € / 1 Kg","0,69 €",CONSUM
Despensa,"Arroz, pastas, legumbres",Garbanzos Espinacas Frasco 370 Gr,"4,03 € / 1 Kg","1,49 €",LUENGO
Despensa,"Arroz, pastas, legumbres",Espirales con Vegetales Paquete 500 Gr,"1,98 € / 1 Kg","0,99 €",CONSUM
Despensa,"Arroz, pastas, legumbres",Macarrones Paquete 500 Gr,"1,64 € / 1 Kg","0,82 €",CONSUM
Despensa,"Arroz, pastas, legumbres",Spaghetti Paquete 500 Gr,"1,64 € / 1 Kg","0,82 €",CONSUM
Despensa,"Arroz, pastas, legumbres",Fideua Paquete 500 Gr,"1,64 € / 1 Kg","0,82 €",CONSUM
Despensa,"Arroz, pastas, legumbres",Tallarines Paquete 500 Gr,"1,64 € / 1 Kg","0,82 €",CONSUM
Despensa,"Arroz, pastas, legumbres",Pasta Tiburones Paquete 500 Gr,"1,64 € / 1 Kg","0,82 €",CONSUM
Despensa,"Arroz, pastas, legumbres",Espirales Paquete 500 Gr,"1,64 € / 1 Kg","0,82 €",CONSUM
Despensa,"Arroz, pastas, legumbres",Pasta Maravilla Paquete 500 Gr,"1,64 € / 1 Kg","0,82 €",CONSUM
Despensa,"Arroz, pastas, legumbres",Macarrones Finos Paquete 500 Gr,"1,64 € / 1 Kg","0,82 €",CONSUM
Despensa,"Arroz, pastas, legumbres",Macarrones Rayados Paquete 500 Gr,"1,64 € / 1 Kg","0,82 €",CONSUM
Despensa,"Arroz, pastas, legumbres",Pasta Estrellas Paquete 500 Gr,"1,64 € / 1 Kg","0,82 €",CONSUM
Despensa,"Arroz, pastas, legumbres",Fideos Cabellin Paquete 500 Gr,"1,64 € / 1 Kg","0,82 €",CONSUM
Despensa,"Arroz, pastas, legumbres",Fideos Medianos Paquete 500 Gr,"1,64 € / 1 Kg","0,82 €",CONSUM
Despensa,"Arroz, pastas, legumbres",Pizza Jamón Serrano 390 Gr,"8,18 € / 1 Kg","3,19 €",TARRADELLAS
Despensa,"Arroz, pastas, legumbres",Masa de Pizza Finíssima 260 Gr,"7,65 € / 1 Kg","1,99 €",BUITONI
Despensa,"Arroz, pastas, legumbres",Gourmet Queso Cabra y Cebolla 250 Gr,"16,24 € / 1 Kg","4,06 €",RANA
Despensa,"Arroz, pastas, legumbres",Tortellinis Rellenos de Carne 250 Gr,"6,88 € / 1 Kg","1,72 €",CONSUM
Despensa,"Arroz, pastas, legumbres",Tortellinis Rellenos de Quesos 250 Gr,"6,88 € / 1 Kg","1,72 €",CONSUM
Despensa,"Arroz, pastas, legumbres",Tortellini Relleno Requesón y Espinacas 250 Gr,"6,88 € / 1 Kg","1,72 €",CONSUM
Despensa,"Arroz, pastas, legumbres",Tagliatelles al Huevo 250 Gr,"4,60 € / 1 Kg","1,15 €",CONSUM
Despensa,"Arroz, pastas, legumbres",Masa Brisa 230 Gr,"10,22 € / 1 Kg","2,35 €",BUITONI
Despensa,"Arroz, pastas, legumbres",Gnocchis de Patata 500 Gr,"2,98 € / 1 Kg","1,49 €",CONSUM
Despensa,"Arroz, pastas, legumbres",Arroz Redondo Vaso Pack de 2 2 x 125 Gr,"5,00 € / 1 Kg","1,25 €",BRILLANTE
Despensa,"Arroz, pastas, legumbres",Arroz Integral Vaso Pack de 2 2 x 125 Gr,"5,00 € / 1 Kg","1,25 €",BRILLANTE
Despensa,"Arroz, pastas, legumbres",Letras Paquete 500 Gr,"1,64 € / 1 Kg","0,82 €",CONSUM
Despensa,"Arroz, pastas, legumbres",Pizza Jamón y Queso al Horno de Piedra 400 Gr,"6,25 € / 1 Kg","2,50 €",CONSUM
Despensa,"Arroz, pastas, legumbres",Pizza 4 Quesos al Horno de Piedra 400 Gr,"7,25 € / 1 Kg","2,90 €",CONSUM
Despensa,"Arroz, pastas, legumbres",Pizza Atún y Bacón 400 Gr,"7,25 € / 1 Kg","2,90 €",CONSUM
Despensa,"Arroz, pastas, legumbres",Farfalle con Vegetales Paquete 500 Gr,"1,98 € / 1 Kg","0,99 €",CONSUM
Despensa,"Arroz, pastas, legumbres",Pizza Barbacoa al Horno de Piedra 400 Gr,"6,25 € / 1 Kg","2,50 €",CONSUM
Despensa,"Arroz, pastas, legumbres",Pizza Romana 400 Gr,"7,25 € / 1 Kg","2,90 €",CONSUM
Despensa,"Arroz, pastas, legumbres",Masa de Hojaldre Redonda 230 Gr,"5,22 € / 1 Kg","1,20 €",CONSUM
Despensa,"Arroz, pastas, legumbres",Masa de Pizza Redonda 260 Gr,"5,00 € / 1 Kg","1,30 €",CONSUM
Despensa,"Arroz, pastas, legumbres",Pizza Carbonara Masa Fina 400 Gr,"7,25 € / 1 Kg","2,90 €",CONSUM
Despensa,"Arroz, pastas, legumbres",Pizza Pollo Masa Rústica al Horno de Piedra 400 Gr,"7,25 € / 1 Kg","2,90 €",CONSUM
Despensa,"Arroz, pastas, legumbres",Pizza Jamón y Queso con Salsa Cheddar 360 Gr,"8,03 € / 1 Kg","2,89 €",CAMPOFRÍO
Despensa,"Arroz, pastas, legumbres",Spaghetti Pasta Fina Paquete 400 Gr,"3,38 € / 1 Kg","1,35 €",GALLO
Despensa,"Arroz, pastas, legumbres",Masa de Hojaldre Rectangular 230 Gr,"8,65 € / 1 Kg","1,99 €",BUITONI
Despensa,"Arroz, pastas, legumbres",Arroz Integral con Quinoa Pack de 2 2 x 125 Gr,"5,96 € / 1 Kg","1,49 €",BRILLANTE
Despensa,"Arroz, pastas, legumbres",Lenteja Cocida Selección Frasco 400 Gr,"3,48 € / 1 Kg","1,39 €",PICUEZO
Despensa,"Arroz, pastas, legumbres",Plumas Pasta Fina Paquete 400 Gr,"3,38 € / 1 Kg","1,35 €",GALLO
Despensa,"Arroz, pastas, legumbres",Quinoa 100% Paquete 250 Gr,"7,52 € / 1 Kg","1,88 €",SOS
Despensa,"Arroz, pastas, legumbres",Arroz Risotto Arborio Paquete 500 Gr,"3,56 € / 1 Kg","1,78 €",SCOTTI
Despensa,"Arroz, pastas, legumbres",Garbanza Blanca 500 Gr,"4,98 € / 1 Kg","2,49 €",LUENGO
Despensa,"Arroz, pastas, legumbres",Alubia Blanca Larga 500 Gr,"3,94 € / 1 Kg","1,97 €",LUENGO
Despensa,"Arroz, pastas, legumbres",Arroz Vaporizado 1 Kg,"1,54 € / 1 Kg","1,54 €",CONSUM
Despensa,"Arroz, pastas, legumbres",Arroz Integral D.O. Valencia Paquete 1 Kg,"1,95 € / 1 Kg","1,95 €",DACSA
Despensa,"Arroz, pastas, legumbres",Pajaritas Vegetales Paquete 450 Gr,"3,78 € / 1 Kg","1,70 €",GALLO
Despensa,"Arroz, pastas, legumbres",Sémola de Trigo Paquete 250 Gr,"3,24 € / 1 Kg","0,81 €",GALLO
Despensa,"Arroz, pastas, legumbres",Alubia Roja Cocida Frasco 400 Gr,"3,98 € / 1 Kg","1,59 €",LUENGO
Despensa,"Arroz, pastas, legumbres",Alubia con Verduras Frasco 400 Gr,"3,73 € / 1 Kg","1,49 €",LUENGO
Despensa,"Arroz, pastas, legumbres",Arroz Bomba Paquete 1 Kg,"4,90 € / 1 Kg","4,90 €",CONSUM
Despensa,"Arroz, pastas, legumbres",De la Huerta Ravioli Calabaza y Cebolla 250 Gr,"15,08 € / 1 Kg","3,77 €",RANA
Despensa,"Arroz, pastas, legumbres",Pizza Barbacoa 440 Gr,"7,25 € / 1 Kg","3,19 €",TARRADELLAS
Despensa,"Arroz, pastas, legumbres",Huerta Ravioli Boletus Edulis 250 Gr,"15,08 € / 1 Kg","3,77 €",RANA
Despensa,"Arroz, pastas, legumbres",Arroz Bomba D.O. Valencia Paquete 1 Kg,"5,89 € / 1 Kg","5,89 €",DACSA
Despensa,"Arroz, pastas, legumbres",Pizza Atún y Bacón 405 Gr,"7,88 € / 1 Kg","3,19 €",TARRADELLAS
Despensa,"Arroz, pastas, legumbres",Spaguettis al Huevo 250 Gr,"4,76 € / 1 Kg","1,19 €",CONSUM
Despensa,"Arroz, pastas, legumbres",Quinoa Roja y Blanca Vasitos 2 x 125 Gr,"6,24 € / 1 Kg","1,56 €",BRILLANTE
Despensa,"Arroz, pastas, legumbres",Arroz Bomba Paquete 500 Gr,"5,98 € / 1 Kg","2,99 €",LA FALLERA
Despensa,"Arroz, pastas, legumbres",Huerta Tortellini Ricotta y Espinacas 250 Gr,"15,08 € / 1 Kg","3,77 €",RANA
Despensa,"Arroz, pastas, legumbres",Oblea 16 unidades 280 Gr,"6,43 € / 1 Kg","1,80 €",BUITONI
Despensa,"Arroz, pastas, legumbres",Alubia Cocida Granja Frasco 400 Gr,"3,98 € / 1 Kg","1,59 €",LUENGO
Despensa,"Arroz, pastas, legumbres",Arroz Redondo Paquete 1 Kg,"2,68 € / 1 Kg","2,68 €",BRILLANTE
Despensa,"Arroz, pastas, legumbres",Arroz Vaporizado Caja 1 Kg,"1,90 € / 1 Kg","1,90 €",BRILLANTE
Despensa,"Arroz, pastas, legumbres",Garbanza Selección Paquete 1 Kg,"3,95 € / 1 Kg","3,95 €",DON PEDRO
Despensa,"Arroz, pastas, legumbres",Tapioca Caja 175 Gr,"10,80 € / 1 Kg","1,89 €",ROYAL
Despensa,"Arroz, pastas, legumbres",Arroz Albufera D.O. Valencia Saco 1 Kg,"4,49 € / 1 Kg","4,49 €",TARTANA
Despensa,"Arroz, pastas, legumbres",Pizza Pepperoni 400 Gr,"7,98 € / 1 Kg","3,19 €",TARRADELLAS
Despensa,"Arroz, pastas, legumbres",Pizza Romana 410 Gr,"7,78 € / 1 Kg","3,19 €",TARRADELLAS
Despensa,"Arroz, pastas, legumbres",Garbanzo Cocido Frasco 400 Gr,"2,98 € / 1 Kg","1,19 €",LOZANO
Despensa,"Arroz, pastas, legumbres",Alubia Cocida Frasco 400 Gr,"2,98 € / 1 Kg","1,19 €",LOZANO
Despensa,"Arroz, pastas, legumbres",Arroz Caldoso y Meloso Paquete 1 Kg,"2,59 € / 1 Kg","2,59 €",LA FALLERA
Despensa,"Arroz, pastas, legumbres",Arroz Largo 1 Kg,"1,89 € / 1 Kg","1,89 €",LA FALLERA
Despensa,"Arroz, pastas, legumbres",Garbanzos Blancos Calidad Extra Frasco 400 Gr,"4,23 € / 1 Kg","1,69 €",GUTARRA
Despensa,"Arroz, pastas, legumbres",Garbanzos con Zanahoria y Acelga 360 Gr,"6,64 € / 1 Kg","2,39 €",GUTARRA
Despensa,"Arroz, pastas, legumbres",Garbanza Cocida Selección 400 Gr,"4,13 € / 1 Kg","1,65 €",DON PEDRO
Despensa,"Arroz, pastas, legumbres",Hojas de Lasaña Frescas 250 Gr,"9,56 € / 1 Kg","2,39 €",RANA
Despensa,"Arroz, pastas, legumbres",Radiatori Paquete 500 Gr,"3,42 € / 1 Kg","1,71 €",GAROFALO
Despensa,"Arroz, pastas, legumbres",Elicoidali Paquete 500 Gr,"3,42 € / 1 Kg","1,71 €",GAROFALO
Despensa,"Arroz, pastas, legumbres",Mafalda Corta Paquete 500 Gr,"3,42 € / 1 Kg","1,71 €",GAROFALO
Despensa,"Arroz, pastas, legumbres",Tagliatelle Nido Paquete 500 Gr,"5,64 € / 1 Kg","2,82 €",GAROFALO
Despensa,"Arroz, pastas, legumbres",Spaghetti Paquete 500 Gr,"3,42 € / 1 Kg","1,71 €",GAROFALO
Despensa,"Arroz, pastas, legumbres",Garbanzo Pedrosillano Paquete 500 Gr,"3,50 € / 1 Kg","1,75 €",LUENGO
Despensa,"Arroz, pastas, legumbres",Lentejas Verdina Calidad Extra Frasco 400 Gr,"4,23 € / 1 Kg","1,69 €",GUTARRA
Despensa,"Arroz, pastas, legumbres",Cannelloni Canelón Caja 125 Gr,"9,52 € / 1 Kg","1,19 €",EL PAVO
Despensa,"Arroz, pastas, legumbres",Spaghetti Integral Caja 500 Gr,"3,98 € / 1 Kg","1,99 €",BARILLA
Despensa,"Arroz, pastas, legumbres",Canelón Precocinado Caja 18 Placas 125 Gr,"11,60 € / 1 Kg","1,45 €",EL PAVO
Despensa,"Arroz, pastas, legumbres",Arroz Integral con Chía y Quinoa 2 x 125 Gr,"5,96 € / 1 Kg","1,49 €",BRILLANTE
Despensa,"Arroz, pastas, legumbres",Espaguetis Integrales Ecológicos Paquete 500 Gr,"2,38 € / 1 Kg","1,19 €",CONSUM ECO
Despensa,"Arroz, pastas, legumbres",Macarrones Integrales Ecológicos Paquete 500 Gr,"2,38 € / 1 Kg","1,19 €",CONSUM ECO
Despensa,"Arroz, pastas, legumbres",Alubia Cocida Origen 100% Nacional 400 Gr,"3,73 € / 1 Kg","1,49 €",LUENGO
Despensa,"Arroz, pastas, legumbres",Lenteja Cocida Origen Frasco 400 Gr,"3,73 € / 1 Kg","1,49 €",LUENGO
Despensa,"Arroz, pastas, legumbres",Pizza Vegalia de Verdura y Queso Curado 360 Gr,"9,03 € / 1 Kg","3,25 €",CAMPOFRÍO
Despensa,"Arroz, pastas, legumbres",Arroz Redondo Extra Paquete 1 Kg,"1,89 € / 1 Kg","1,89 €",EMBAJADOR
Despensa,"Arroz, pastas, legumbres",Soja Texturizada Paquete 350 Gr,"7,40 € / 1 Kg","2,59 €",ESGIR
Despensa,"Arroz, pastas, legumbres",Pizza Jamón y Queso sin Gluten y sin Lactosa 420 Gr,"8,07 € / 1 Kg","3,39 €",TARRADELLAS
Despensa,"Arroz, pastas, legumbres",Masa de Hojaldre con Mantequilla 260 Gr,"6,12 € / 1 Kg","1,59 €",TARRADELLAS
Despensa,"Arroz, pastas, legumbres",Arroz Salvaje y Basmati vasitos 2 x 125 Gr,"6,60 € / 1 Kg","1,65 €",BRILLANTE
Despensa,"Arroz, pastas, legumbres",Pizza Pollo y Bacón con Masa 5 Semillas 410 Gr,"7,78 € / 1 Kg","3,19 €",TARRADELLAS
Despensa,"Arroz, pastas, legumbres",Alubia Pinta Paquete 1 Kg,"2,16 € / 1 Kg","2,16 €",CONSUM
Despensa,"Arroz, pastas, legumbres",Lenteja Pardina Paquete 1 Kg,"2,10 € / 1 Kg","2,10 €",CONSUM
Despensa,"Arroz, pastas, legumbres",Lentejas Paquete 1 Kg,"1,88 € / 1 Kg","1,88 €",CONSUM
Despensa,"Arroz, pastas, legumbres",Garbanzo Lechoso Paquete 1 Kg,"2,65 € / 1 Kg","2,65 €",CONSUM
Despensa,"Arroz, pastas, legumbres",Alubia Blanca Paquete 1 Kg,"1,85 € / 1 Kg","1,85 €",CONSUM
Despensa,"Arroz, pastas, legumbres",Garbanzo Selecto Paquete 1 Kg,"2,15 € / 1 Kg","2,15 €",CONSUM
Despensa,"Arroz, pastas, legumbres",Tortiglioni Caja 500 Gr,"3,58 € / 1 Kg","1,79 €",BARILLA
Despensa,"Arroz, pastas, legumbres",Arroz Redondo Denominación de Origen Valencia 1 Kg,"1,65 € / 1 Kg","1,65 €",CONSUM
Despensa,"Arroz, pastas, legumbres",Hélices Ensaladas Integral 400 Gr,"4,25 € / 1 Kg","1,70 €",GALLO
Despensa,"Arroz, pastas, legumbres",Penne Integral Paquete 500 Gr,"3,98 € / 1 Kg","1,99 €",BARILLA
Despensa,"Arroz, pastas, legumbres",Masa de Hojaldre sin Gluten 280 Gr,"10,00 € / 1 Kg","2,80 €",CERELIA
Despensa,"Arroz, pastas, legumbres",Arroz Largo Pack de 2 200 Gr,"5,38 € / 1 Kg","2,15 €",BRILLANTE
Despensa,"Arroz, pastas, legumbres",Alubias con Seta Shiitake 375 Gr,"5,31 € / 1 Kg","1,99 €",CONSUM
Despensa,"Arroz, pastas, legumbres",Garbanzos con Trufa Negra 400 Gr,"5,88 € / 1 Kg","2,35 €",CONSUM
Despensa,"Arroz, pastas, legumbres",Masa de Pizza 5 Semillas y Cereales 260 Gr,"5,58 € / 1 Kg","1,45 €",TARRADELLAS
Despensa,"Arroz, pastas, legumbres",Lentejas IGP de Tierra de Campos 500 Gr,"4,70 € / 1 Kg","2,35 €",CONSUM
Despensa,"Arroz, pastas, legumbres",Garbanzos IGP de Fuentesaúco 500 Gr,"5,18 € / 1 Kg","2,59 €",CONSUM
Despensa,"Arroz, pastas, legumbres",Alubias Blancas Largas Calidad Extra Frasco 400 Gr,"4,23 € / 1 Kg","1,69 €",GUTARRA
Despensa,"Arroz, pastas, legumbres",Casarecce Paquete 500 Gr,"3,42 € / 1 Kg","1,71 €",GAROFALO
Despensa,"Arroz, pastas, legumbres",Linguine N.13 Caja 500 Gr,"3,58 € / 1 Kg","1,79 €",BARILLA
Despensa,"Arroz, pastas, legumbres",Alubia Cocida Frasco 210 Gr,"4,05 € / 1 Kg","0,85 €",LOZANO
Despensa,"Arroz, pastas, legumbres",Lenteja Cocida Frasco 210 Gr,"4,05 € / 1 Kg","0,85 €",LOZANO
Despensa,"Arroz, pastas, legumbres",Garbanzo Cocido Frasco 210 Gr,"4,05 € / 1 Kg","0,85 €",LOZANO
Despensa,"Arroz, pastas, legumbres",Placas para Lasaña y Canelones sin Gluten 250 Gr,"10,00 € / 1 Kg","2,50 €",GALLO
Despensa,"Arroz, pastas, legumbres",Fideo Nº 0 Paquete 450 Gr,"3,00 € / 1 Kg","1,35 €",GALLO
Despensa,"Arroz, pastas, legumbres",Fideo Nº 1 Paquete 450 Gr,"3,00 € / 1 Kg","1,35 €",GALLO
Despensa,"Arroz, pastas, legumbres",Fideo Nº 2 Paquete 450 Gr,"3,00 € / 1 Kg","1,35 €",GALLO
Despensa,"Arroz, pastas, legumbres",Fideo Nº 4 Paquete 450 Gr,"3,00 € / 1 Kg","1,35 €",GALLO
Despensa,"Arroz, pastas, legumbres",Fideua Paquete 450 Gr,"3,00 € / 1 Kg","1,35 €",GALLO
Despensa,"Arroz, pastas, legumbres",Pasta Mariscos Paquete 450 Gr,"3,00 € / 1 Kg","1,35 €",GALLO
Despensa,"Arroz, pastas, legumbres",Tiburón Nº 1 Paquete 450 Gr,"3,00 € / 1 Kg","1,35 €",GALLO
Despensa,"Arroz, pastas, legumbres",Pasta Piñones Paquete 450 Gr,"3,00 € / 1 Kg","1,35 €",GALLO
Despensa,"Arroz, pastas, legumbres",Arroz Ensaladas Paquete 500 Gr,"2,78 € / 1 Kg","1,39 €",SOS
Despensa,"Arroz, pastas, legumbres",Plumas Integrales Paquete 450 Gr,"3,98 € / 1 Kg","1,79 €",GALLO
Despensa,"Arroz, pastas, legumbres",Fideos sin Gluten Paquete 450 Gr,"4,42 € / 1 Kg","1,99 €",GALLO
Despensa,"Arroz, pastas, legumbres",Spaghetti sin Gluten Paquete 450 Gr,"4,42 € / 1 Kg","1,99 €",GALLO
Despensa,"Arroz, pastas, legumbres",Plumas sin Gluten Paquete 450 Gr,"4,42 € / 1 Kg","1,99 €",GALLO
Despensa,"Arroz, pastas, legumbres",Spaghetti Integral Paquete 450 Gr,"3,98 € / 1 Kg","1,79 €",GALLO
Despensa,"Arroz, pastas, legumbres",Pizza Queso de Cabra y Cebolla Asada 360 Gr,"9,03 € / 1 Kg","3,25 €",CAMPOFRÍO
Despensa,"Arroz, pastas, legumbres",Mini Pizzas Finissimas 8 Unidades 265 Gr,"7,13 € / 1 Kg","1,89 €",BUITONI
Despensa,"Arroz, pastas, legumbres",Arroz Basmati Paquete 1 Kg,"3,35 € / 1 Kg","3,35 €",TILDASUNDARI
Despensa,"Arroz, pastas, legumbres",Cous Cous Vaso Pack de 2 2 x 125 Gr,"5,96 € / 1 Kg","1,49 €",BRILLANTE
Despensa,"Arroz, pastas, legumbres",Plumas Nº 3 Paquete 450 Gr,"3,00 € / 1 Kg","1,35 €",GALLO
Despensa,"Arroz, pastas, legumbres",Spaghetti Nº 3 Paquete 450 Gr,"3,00 € / 1 Kg","1,35 €",GALLO
Despensa,"Arroz, pastas, legumbres",Tallarín Paquete 450 Gr,"3,00 € / 1 Kg","1,35 €",GALLO
Despensa,"Arroz, pastas, legumbres",Lentejas Peladas Bolsa Doypack 400 Gr,"5,38 € / 1 Kg","2,15 €",LUENGO
Despensa,"Arroz, pastas, legumbres",Garbanzo Cocido Origen 100% Nacional 400 Gr,"3,73 € / 1 Kg","1,49 €",LUENGO
Despensa,"Arroz, pastas, legumbres",Lasaña Paquete 250 Gr,"9,00 € / 1 Kg","2,25 €",BARILLA
Despensa,"Arroz, pastas, legumbres",Grano de Avena Cocida 2 x 125 Gr,"5,40 € / 1 Kg","1,35 €",BRILLANTE
Despensa,"Arroz, pastas, legumbres",Pizza Bianca Lenta Fermentación 400 Gr,"11,23 € / 1 Kg","4,49 €",TARRADELLAS
Despensa,"Arroz, pastas, legumbres",Pizza Jamón Lenta Fermentación 400 Gr,"10,73 € / 1 Kg","4,29 €",TARRADELLAS
Despensa,"Arroz, pastas, legumbres",Girasoles Setas & Mascarpone 250 Gr,"9,80 € / 1 Kg","2,45 €",CONSUM
Despensa,"Arroz, pastas, legumbres",Girasoles Queso Cabra & Miel 250 Gr,"9,80 € / 1 Kg","2,45 €",CONSUM
Despensa,"Arroz, pastas, legumbres",Tagliatelle con Huevo 250 Gr,"9,40 € / 1 Kg","2,35 €",RANA
Despensa,"Arroz, pastas, legumbres",Tortellini Pesto 250 Gr,"6,88 € / 1 Kg","1,72 €",CONSUM
Despensa,"Arroz, pastas, legumbres",Tortellini Pollo Bacon 250 Gr,"6,88 € / 1 Kg","1,72 €",CONSUM
Despensa,"Arroz, pastas, legumbres",Pizza 4 Quesos Pack de 2 Unidades 2 x 210 Gr,"7,60 € / 1 Kg","3,19 €",TARRADELLAS
Despensa,"Arroz, pastas, legumbres",Alubias Rojas Paquete 500 Gr,"3,90 € / 1 Kg","1,95 €",DON PEDRO
Despensa,"Arroz, pastas, legumbres",Lenteja Pardina Paquete 500 Gr,"3,58 € / 1 Kg","1,79 €",DON PEDRO
Despensa,"Arroz, pastas, legumbres",Gnocchi 400 Gr,"6,23 € / 1 Kg","2,49 €",RANA
Despensa,"Arroz, pastas, legumbres",Pizza Familiar Barbacoa 580 Gr,"6,88 € / 1 Kg","3,99 €",PALACIOS
Despensa,"Arroz, pastas, legumbres",Pizza Familiar Jamón y Queso 580 Gr,"6,88 € / 1 Kg","3,99 €",PALACIOS
Despensa,"Arroz, pastas, legumbres",Lenteja Parda Roja 1 Kg,"1,63 € / 1 Kg","1,63 €",CONSUM
Despensa,"Arroz, pastas, legumbres",Pasta de Lenteja Roja 250 Gr,"6,60 € / 1 Kg","1,65 €",ROMERO
Despensa,"Arroz, pastas, legumbres",Alubia Negrita Paquete 500 Gr,"3,00 € / 1 Kg","1,50 €",LUENGO
Despensa,"Arroz, pastas, legumbres",Lenteja Rápida Paquete 500 Gr,"3,90 € / 1 Kg","1,95 €",LUENGO
Despensa,"Arroz, pastas, legumbres",Pasta de Trigo Sarraceno Alforfón 250 Gr,"6,60 € / 1 Kg","1,65 €",ROMERO
Despensa,"Arroz, pastas, legumbres",Rigatoni Paquete 500 Gr,"3,42 € / 1 Kg","1,71 €",GAROFALO
Despensa,"Arroz, pastas, legumbres",Lentejas Rápidas Paquete 1 Kg,"2,20 € / 1 Kg","2,20 €",CONSUM
Despensa,"Arroz, pastas, legumbres",Pasta Filo 250 Gr,"10,76 € / 1 Kg","2,69 €",JR
Despensa,"Arroz, pastas, legumbres",Pasta Infantil Mickey 300 Gr,"7,00 € / 1 Kg","2,10 €",GALLO
Despensa,"Arroz, pastas, legumbres",Pasta Infantil Frozen 300 Gr,"7,00 € / 1 Kg","2,10 €",GALLO
Despensa,"Arroz, pastas, legumbres",Pasta Infantil Nemo 350 Gr,"6,00 € / 1 Kg","2,10 €",GALLO
Despensa,"Arroz, pastas, legumbres",Lenteja Verdina 500 Gr,"3,18 € / 1 Kg","1,59 €",DON PEDRO
Despensa,"Arroz, pastas, legumbres",Arroz Integral 1 Kg,"1,70 € / 1 Kg","1,70 €",CONSUM
Despensa,"Arroz, pastas, legumbres",Pizza Pollo 410 Gr,"7,78 € / 1 Kg","3,19 €",TARRADELLAS
Despensa,"Caldos, sopas y purés",Caldo Líquido de Pollo Brik 1 L,"3,95 € / 1 L","3,95 €",ANETO
Despensa,"Caldos, sopas y purés",Caldo Líquido Casero de Pollo Brik 1 L,"0,75 € / 1 L","0,80 €
0,75 €",CONSUM
Despensa,"Caldos, sopas y purés",Caldo Casero de Pollo Brik 1 L,"2,20 € / 1 L","2,20 €",G.BLANCA
Despensa,"Caldos, sopas y purés",Caldo Casero Cocido Brik 1 L,"2,20 € / 1 L","2,20 €",G.BLANCA
Despensa,"Caldos, sopas y purés","Crema de Calabaza Brik 0,5 L","2,00 € / 1 L","1,10 €
1,00 €",CONSUM
Despensa,"Caldos, sopas y purés",Caldo Natural de Puchero 1 L,"3,69 € / 1 L","4,50 €
3,69 €",ANETO
Despensa,"Caldos, sopas y purés",Caldo Natural Verduras Brik 1 L,"3,95 € / 1 L","3,95 €",ANETO
Despensa,"Caldos, sopas y purés",Caldo Paella Fácil Brik 1 L,"3,49 € / 1 L","3,49 €",G.BLANCA
Despensa,"Caldos, sopas y purés",Caldo Pollo Gourmet Brick 1 L,"2,99 € / 1 L","2,99 €",G.BLANCA
Despensa,"Caldos, sopas y purés",Crema Verduras Brik 500 ml,"3,98 € / 1 L","1,99 €",G.BLANCA
Despensa,"Caldos, sopas y purés",Caldo Fideuá Fácil Brik 1 L,"3,49 € / 1 L","3,49 €",G.BLANCA
Despensa,"Caldos, sopas y purés",Crema Casera Pollo con Verduras 500 ml,"3,98 € / 1 L","1,99 €",G.BLANCA
Despensa,"Caldos, sopas y purés",Crema de Espárragos con Jamón 500 ml,"3,98 € / 1 L","1,99 €",G.BLANCA
Despensa,"Caldos, sopas y purés",Fumet de Pescado de Roca y Marisco 1 L,"3,49 € / 1 L","3,49 €",G.BLANCA
Despensa,"Caldos, sopas y purés",Caldo Pollo con Jamón Enrique Tomás 1 L,"2,99 € / 1 L","2,99 €",G.BLANCA
Despensa,"Caldos, sopas y purés",Caldo Vegetal Deshidratado12 Pastillas 120 Gr,"13,75 € / 1 Kg","1,65 €",KNORR
Despensa,"Caldos, sopas y purés",Puré de Patatas Paquete 230 Gr,"9,96 € / 1 Kg","2,29 €",MAGGI
Despensa,"Caldos, sopas y purés",Caldo de Carne Deshidratado 16 Pastillas 160 Gr,"10,31 € / 1 Kg","1,65 €",KNORR
Despensa,"Caldos, sopas y purés",Caldo de Pescado Deshidratado12 Pastillas 120 Gr,"13,75 € / 1 Kg","1,65 €",KNORR
Despensa,"Caldos, sopas y purés",Caldo de Pollo Deshidratado 12 Pastillas 120 Gr,"15,42 € / 1 Kg","1,85 €",AVECREM
Despensa,"Caldos, sopas y purés",Gazpacho Original 1 L,"3,99 € / 1 L","3,99 €",ALVALLE
Despensa,"Caldos, sopas y purés",Caldo de Pollo Deshidratado24Pastillas 240 Gr,"12,29 € / 1 Kg","2,95 €",AVECREM
Despensa,"Caldos, sopas y purés","Crema de Verduras Mediterráneas 0,5 L","4,58 € / 1 L","2,29 €",KNORR
Despensa,"Caldos, sopas y purés",Caldo Líquido Pescado Brik 1 L,"1,10 € / 1 L","1,10 €",CONSUM
Despensa,"Caldos, sopas y purés","Crema de Verduras de la Huerta 0,5 L","4,58 € / 1 L","2,29 €",LIGERESA
Despensa,"Caldos, sopas y purés","Crema de Calabaza con un Toque de Nata 0,5 L","4,58 € / 1 L","2,29 €",KNORR
Despensa,"Caldos, sopas y purés",Caldo Casero Cocido Brik 1 L,"0,90 € / 1 L","0,90 €",CONSUM
Despensa,"Caldos, sopas y purés","Crema de Setas con Champiñones 0,5 L","4,58 € / 1 L","2,29 €",KNORR
Despensa,"Caldos, sopas y purés","Crema Calabacín con Quesito 0,5 L","4,58 € / 1 L","2,29 €",KNORR
Despensa,"Caldos, sopas y purés",Gazpacho Suave 1 L,"1,85 € / 1 L","1,85 €",CONSUM
Despensa,"Caldos, sopas y purés",Caldo Verduras Brick 1 L,"1,00 € / 1 L","1,00 €",CONSUM
Despensa,"Caldos, sopas y purés",Caldo de Pollo 12 Pastillas 120 Gr,"6,25 € / 1 Kg","0,75 €",CONSUM
Despensa,"Caldos, sopas y purés",Caldo Casero Pescado Brik 1 L,"2,20 € / 1 L","2,20 €",G.BLANCA
Despensa,"Caldos, sopas y purés",Caldo Casero Carne Brik 1 L,"2,20 € / 1 L","2,20 €",G.BLANCA
Despensa,"Caldos, sopas y purés",Caldo de Pollo Bajo en Sal Brik 1 L,"1,20 € / 1 L","1,20 €",CONSUM
Despensa,"Caldos, sopas y purés","Crema de Verduras Brik 0,5 L","2,20 € / 1 L","1,10 €",CONSUM
Despensa,"Caldos, sopas y purés",Avecrem Pollo 30% menos de Sal 95 Gr,"16,32 € / 1 Kg","1,55 €",AVECREM
Despensa,"Caldos, sopas y purés",Gazpacho Tradicional 1 L,"1,80 € / 1 L","1,80 €",CONSUM
Despensa,"Caldos, sopas y purés",Caldo Casero Pollo Bajo en Sal Brik 1 L,"2,20 € / 1 L","2,20 €",G.BLANCA
Despensa,"Caldos, sopas y purés",Caldo Pescado 12 Pastillas 120 Gr,"7,08 € / 1 Kg","0,85 €",CONSUM
Despensa,"Caldos, sopas y purés",Sopa Jardinera Sobre 66 Gr,"5,91 € / 1 Kg","0,39 €",CONSUM
Despensa,"Caldos, sopas y purés",Gazpacho Pack de 3 Unidades 3 x 330 ml,"2,22 € / 1 L","2,20 €",CONSUM
Despensa,"Caldos, sopas y purés",Caldo de Carne 12 Pastillas 120 Gr,"7,08 € / 1 Kg","0,85 €",CONSUM
Despensa,"Caldos, sopas y purés",Gazpacho Original 500 ml,"4,98 € / 1 L","2,49 €",ALVALLE
Despensa,"Caldos, sopas y purés","Crema de Calabacín Brik 0,5 L","2,20 € / 1 L","1,10 €",CONSUM
Despensa,"Caldos, sopas y purés",Caldo Líquido Pescado Brik 1 L,"4,50 € / 1 L","4,50 €",ANETO
Despensa,"Caldos, sopas y purés",Caldo Casero Verduras Brik 1 L,"2,20 € / 1 L","2,20 €",G.BLANCA
Despensa,"Caldos, sopas y purés",Caldo de Carne Concentrado 125 Gr,"23,92 € / 1 Kg","2,99 €",BOVRIL
Despensa,"Caldos, sopas y purés",Sopa Maravilla Sobre 66 Gr,"7,42 € / 1 Kg","0,49 €",CONSUM
Despensa,"Caldos, sopas y purés",Caldo de Pollo Bajo en Sal 1 L,"3,95 € / 1 L","3,95 €",ANETO
Despensa,"Caldos, sopas y purés",Puré de Patatas con Leche 230 Gr,"10,83 € / 1 Kg","2,49 €",MAGGI
Despensa,"Caldos, sopas y purés",Puré Patatas Bol 50 Gr,"25,80 € / 1 Kg","1,29 €",MAGGI
Despensa,"Caldos, sopas y purés",Salmorejo 1 L,"2,30 € / 1 L","2,30 €",CONSUM
Despensa,"Caldos, sopas y purés",Crema De Alicia Brick 500 ml,"4,58 € / 1 L","2,29 €",KNORR
Despensa,"Caldos, sopas y purés",Crema Bogavante Brik 500 Gr,"4,20 € / 1 Kg","2,10 €",CONSUM
Despensa,"Caldos, sopas y purés",Pack Dúo Caldo Pescado Brik 2 x 1 L,"1,85 € / 1 L","3,69 €",G.BLANCA
Despensa,"Caldos, sopas y purés",Caldo Casero de Pollo Brik 500 ml,"2,78 € / 1 L","1,39 €",G.BLANCA
Despensa,"Caldos, sopas y purés",Avecrem Pollo 100% Natural Estuche 90 Gr,"18,11 € / 1 Kg","1,63 €",AVECREM
Despensa,"Caldos, sopas y purés",Caldo de Pollo Bajo Sal Brik Pack de 2 2 x 1 L,"1,85 € / 1 L","3,69 €",G.BLANCA
Despensa,"Caldos, sopas y purés",Gazpacho Natural Tradicional 1 L,"3,00 € / 1 L","3,00 €",CONSUM
Despensa,"Caldos, sopas y purés",Gazpacho Natural Tradicional 330 ml,"3,64 € / 1 L","1,20 €",CONSUM
Despensa,"Caldos, sopas y purés",Salmorejo Natural 330 ml,"3,94 € / 1 L","1,30 €",CONSUM
Despensa,"Caldos, sopas y purés",Caldo Natural de Pollo Botella 1 L,"3,49 € / 1 L","3,49 €",EL PAVO
Despensa,"Caldos, sopas y purés",Fumet de Marisco Botella 951 ml,"4,20 € / 1 L","3,99 €",EL PAELLER
Despensa,"Caldos, sopas y purés",Caldo Natural de Pollo Brick 1 L,"1,99 € / 1 L","1,99 €",GALLO
Despensa,"Caldos, sopas y purés",Caldo Natural Cocido Brick 1 L,"1,99 € / 1 L","1,99 €",GALLO
Despensa,"Caldos, sopas y purés",Caldo de Pollo con 8 Verduras 1 L,"2,20 € / 1 L","2,20 €",G.BLANCA
Despensa,"Caldos, sopas y purés",Caldo de Pollo Pack de 4 4 x 1 L,"2,49 € / 1 L","9,95 €",ANETO
Despensa,"Caldos, sopas y purés",Fumet de Pescado Botella 950 ml,"3,16 € / 1 L","3,00 €",CONSUM
Despensa,"Conservas, aceites y condimentos",Mejillones en Escabeche Pack de 3 3 x 40 Gr,"28,25 € / 1 Kg","3,75 €
3,39 €",CALVO
Despensa,"Conservas, aceites y condimentos",Mayonesa Tarro cristal 450 ml,"6,55 € / 1 L","3,25 €
2,95 €",HELLMANN'S
Despensa,"Conservas, aceites y condimentos",Tomate Troceado Lata 390 Gr,"2,98 € / 1 Kg","1,45 €
1,16 €",BELTORO
Despensa,"Conservas, aceites y condimentos",Tomate Frito Lata Pack de 3 3 x 155 Gr,"6,22 € / 1 Kg","3,25 €
2,89 €",HIDA
Despensa,"Conservas, aceites y condimentos",Tomate Troceado Lata 390 Gr,"2,18 € / 1 Kg","0,90 €
0,85 €",CONSUM
Despensa,"Conservas, aceites y condimentos",Tomate Frito Frasco 550 Gr,"1,55 € / 1 Kg","0,95 €
0,85 €",CONSUM
Despensa,"Conservas, aceites y condimentos",Sazonador para Fajita 30 Gr,"3,96 € / 100 Gr","1,39 €
1,19 €",OLD EL PASO
Despensa,"Conservas, aceites y condimentos",Sofrito de Tomate Cebolla Frasco 350 Gr,"6,43 € / 1 Kg","2,25 €",G.BLANCA
Despensa,"Conservas, aceites y condimentos",Atún Claro Aceite Girasol Pack de 6 6 x 52 Gr,"13,46 € / 1 Kg","4,40 €
4,20 €",CONSUM
Despensa,"Conservas, aceites y condimentos",Tomate de untar Frasco Pack de 2 2 x 185 Gr,"5,16 € / 1 Kg","1,99 €
1,91 €",CONSUM
Despensa,"Conservas, aceites y condimentos",Salsa Fresca de Setas Boletus 180 Gr,"11,94 € / 1 Kg","2,40 €
2,15 €",RANA
Despensa,"Conservas, aceites y condimentos",Salsa Fresca de Queso Parmigiano Regiano 180 Gr,"11,94 € / 1 Kg","2,40 €
2,15 €",RANA
Despensa,"Conservas, aceites y condimentos",Mayonesa Tarro Cristal 225 ml,"8,67 € / 1 L","1,95 €",HELLMANN'S
Despensa,"Conservas, aceites y condimentos",Tomate Frito Brik 350 Gr,"2,43 € / 1 Kg","0,99 €
0,85 €",ORLANDO
Despensa,"Conservas, aceites y condimentos",Tomate Frito Brik Pack de 3 3 x 200 Gr,"1,67 € / 1 Kg","1,05 €
1,00 €",CONSUM
Despensa,"Conservas, aceites y condimentos",Salsa Pesto Genovese 190 Gr,"15,74 € / 1 Kg","2,99 €",BARILLA
Despensa,"Conservas, aceites y condimentos",Tomate Frito 0 % Azúcar Añadido Frasco 560 Gr,"1,96 € / 1 Kg","1,20 €
1,10 €",CONSUM
Despensa,"Conservas, aceites y condimentos",Habas Cocidas Picantes Lata 200 Gr,"7,45 € / 1 Kg","1,75 €
1,49 €",VEGA BAJA
Despensa,"Conservas, aceites y condimentos",Aceite Oliva Virgen Extra Botella 1 L,"11,95 € / 1 L","14,50 €
11,95 €",HOJIBLANCA
Despensa,"Conservas, aceites y condimentos",Laurel en Hojas Bolsa 8 Gr,"18,63 € / 100 Gr","1,49 €",DUCROS
Despensa,"Conservas, aceites y condimentos",Calamar Salsa Americana Pack de 3 3 x 48 Gr,"20,76 € / 1 Kg","2,99 €",CALVO
Despensa,"Conservas, aceites y condimentos",Atún Claro Aceite Girasol 104 Gr,"18,18 € / 1 Kg","2,19 €
1,89 €",CAMPOS
Despensa,"Conservas, aceites y condimentos",Atún Claro Natural 112 Gr,"16,87 € / 1 Kg","2,19 €
1,89 €",CAMPOS
Despensa,"Conservas, aceites y condimentos",Salsa Basilico Tarro 400 Gr,"8,23 € / 1 Kg","3,29 €",BARILLA
Despensa,"Conservas, aceites y condimentos",Curry Tarro 42 Gr,"6,17 € / 100 Gr","2,59 €",DUCROS
Despensa,"Conservas, aceites y condimentos",Salsa Fresca al Pesto Verde 140 Gr,"15,35 € / 1 Kg","2,40 €
2,15 €",RANA
Despensa,"Conservas, aceites y condimentos",Calamar en su Tinta Lata Pack de 3 3 x 48 Gr,"20,76 € / 1 Kg","2,99 €",CALVO
Despensa,"Conservas, aceites y condimentos",Perejil Tarro 5 Gr,"45,00 € / 100 Gr","2,25 €",DUCROS
Despensa,"Conservas, aceites y condimentos",Comino Entero Tarro 35 Gr,"6,83 € / 100 Gr","2,39 €",DUCROS
Despensa,"Conservas, aceites y condimentos",Sazonador para Paella Valencia Caja 9 Gr,"28,78 € / 100 Gr","2,59 €",DUCROS
Despensa,"Conservas, aceites y condimentos","Azafrán en Hebras Sobres 0,3 Gr","1.196,67 € / 100 Gr","3,59 €",DUCROS
Despensa,"Conservas, aceites y condimentos",Curcuma Frasco 37 Gr,"6,35 € / 100 Gr","2,35 €",DUCROS
Despensa,"Conservas, aceites y condimentos",Atún Claro Aceite Oliva Pack de 3 3x72 Gr,"30,05 € / 1 Kg","6,49 €",CALVO
Despensa,"Conservas, aceites y condimentos",Sazonador Pollo Tarro 75 Gr,"38,00 € / 1 Kg","2,85 €",DUCROS
Despensa,"Conservas, aceites y condimentos",Ventresca Atún Aceite de Oliva 75 Gr,"60,67 € / 1 Kg","4,55 €",CALVO
Despensa,"Conservas, aceites y condimentos",Canela Molida Frasco 39 Gr,"6,79 € / 100 Gr","2,65 €",DUCROS
Despensa,"Conservas, aceites y condimentos",Canela en Rama Frasco 10 Gr,"26,50 € / 100 Gr","2,65 €",DUCROS
Despensa,"Conservas, aceites y condimentos",Sofrito de Tomate y Verduras Frasco 350 Gr,"6,43 € / 1 Kg","2,25 €",G.BLANCA
Despensa,"Conservas, aceites y condimentos",Mayonesa Tarro 450 ml,"5,31 € / 1 L","2,39 €",YBARRA
Despensa,"Conservas, aceites y condimentos",Salsa Gourmet Gorgonzola y Nueces 180 Gr,"11,94 € / 1 Kg","2,40 €
2,15 €",RANA
Despensa,"Conservas, aceites y condimentos",Ketchup 50% Menos Azúcar y Sal 550 Gr,"6,16 € / 1 Kg","3,99 €
3,39 €",HEINZ
Despensa,"Conservas, aceites y condimentos",Bonito del Norte en Aceite de Oliva 80 Gr,"31,13 € / 1 Kg","3,19 €
2,49 €",CONSORCIO
Despensa,"Conservas, aceites y condimentos",Aceite de Girasol Botella 5 L,"1,35 € / 1 L","6,95 €
6,75 €",CONSUM
Despensa,"Conservas, aceites y condimentos",Aceite de Oliva Virgen 1 L,"10,99 € / 1 L","12,95 €
10,99 €",CARBONELL
Despensa,"Conservas, aceites y condimentos",Salsa Napolitana Frasco 400 Gr,"8,23 € / 1 Kg","3,29 €",BARILLA
Despensa,"Conservas, aceites y condimentos",Berberechos al Natural Bote 90 Gr,"49,88 € / 1 Kg","4,99 €
4,49 €",CABO PEÑAS
Despensa,"Conservas, aceites y condimentos",Salsa Alioli Frasco 225 ml,"7,33 € / 1 L","1,65 €",YBARRA
Despensa,"Conservas, aceites y condimentos",Especia Líquida Trufa Blanca Spray 40 ml,"6,23 € / 100 ml","2,75 €
2,49 €",TURCI
Despensa,"Conservas, aceites y condimentos",Aceto Balsámico Di Módena 250 ml,"7,80 € / 1 L","2,15 €
1,95 €",FERRARINI
Despensa,"Conservas, aceites y condimentos",Maíz Dulce Lata Pack de 3 3 x 140 Gr,"3,81 € / 1 Kg","1,70 €
1,60 €",CONSUM
Despensa,"Conservas, aceites y condimentos",Tomate y Pimiento Frito Lata 420 Gr,"3,73 € / 1 Kg","1,85 €
1,57 €",VEGA BAJA
Despensa,"Conservas, aceites y condimentos",Mayonesa Deliciosa Pet 400 ml,"6,38 € / 1 L","2,99 €
2,55 €",HEINZ
Despensa,"Conservas, aceites y condimentos",Tomate Frito Casero Lata Pack de 3 3 x 100 Gr,"5,67 € / 1 Kg","2,00 €
1,70 €",SOLIS
Despensa,"Conservas, aceites y condimentos",Crema Balsámica de Modena 0% Azúcares 400 Gr,"4,48 € / 1 Kg","1,99 €
1,79 €",VULPI
Despensa,"Conservas, aceites y condimentos",Salsa Carbonara Frasco 330 Gr,"9,00 € / 1 Kg","2,97 €",GALLO
Despensa,"Conservas, aceites y condimentos",Salsa Allioli Tarro 200 ml,"7,95 € / 1 L","1,99 €
1,59 €",CHOVI
Despensa,"Conservas, aceites y condimentos",Filete de Caballa del Sur en Aceite Oliva Bajo Sal 82 Gr,"29,88 € / 1 Kg","2,45 €",CALVO
Despensa,"Conservas, aceites y condimentos",Atún Claro Aceite Oliva Pack 3 3 x 48 Gr,"31,87 € / 1 Kg","5,39 €
4,59 €",ALBO
Despensa,"Conservas, aceites y condimentos",Salsa Arrabbiata Frasco 400 Gr,"8,23 € / 1 Kg","3,29 €",BARILLA
Despensa,"Conservas, aceites y condimentos",Aceite de Girasol Botella 1 L,"1,95 € / 1 L","2,59 €
1,95 €",KOIPESOL
Despensa,"Conservas, aceites y condimentos",Atún Aceite Girasol Lata 650 Gr,"9,92 € / 1 Kg","6,65 €
6,45 €",CONSUM
Despensa,"Conservas, aceites y condimentos",Salsa Súper Boloñesa Tarro 350 Gr,"9,11 € / 1 Kg","3,19 €",GALLO
Despensa,"Conservas, aceites y condimentos",Maíz Dulce Pack de 3 Lata 3 x 140 Gr,"8,31 € / 1 Kg","3,49 €",BONDUELLE
Despensa,"Conservas, aceites y condimentos",Salsa Bolognesa Frasco 300 Gr,"5,33 € / 1 Kg","1,69 €
1,60 €",CONSUM
Despensa,"Conservas, aceites y condimentos",Mariñas del Norte al Ajillo 42 Gr,"3,22 € / 100 Gr","1,59 €
1,35 €",CABO PEÑAS
Despensa,"Conservas, aceites y condimentos",Atún Claro Aceite Girasol Pack de 6 6 x 52 Gr,"18,27 € / 1 Kg","6,79 €
5,70 €",CALVO
Despensa,"Conservas, aceites y condimentos",Crema de Vinagre Manzana 250 ml,"9,40 € / 1 L","2,75 €
2,35 €",CONSUM
Despensa,"Conservas, aceites y condimentos",Sardinillas en Aceite de Oliva Virgen extra 82 Gr,"25,00 € / 1 Kg","2,45 €
2,05 €",ALBO
Despensa,"Conservas, aceites y condimentos",Pisto Casero de Verduras Frasco 350 Gr,"6,43 € / 1 Kg","2,25 €",G.BLANCA
Despensa,"Conservas, aceites y condimentos",Salero 0% Sodio 250 Gr,"12,20 € / 1 Kg","3,59 €
3,05 €",ARANCA
Despensa,"Conservas, aceites y condimentos",Ketchup original Bote 540 Gr,"4,72 € / 1 Kg","2,99 €
2,55 €",PRIMA
Despensa,"Conservas, aceites y condimentos",Mayonesa Original Bote 400 ml,"5,48 € / 1 L","2,55 €
2,19 €",PRIMA
Despensa,"Conservas, aceites y condimentos",Aceite de Oliva Virgen Extra 3 L,"9,80 € / 1 L","32,65 €
29,40 €",ACESUR
Despensa,"Conservas, aceites y condimentos",Atún en Aceite de Oliva 3 x 52 Gr,"21,73 € / 1 Kg","3,99 €
3,39 €",CALVO
Despensa,"Conservas, aceites y condimentos",Salsa Carbonara 180 Gr,"11,94 € / 1 Kg","2,40 €
2,15 €",RANA
Despensa,"Conservas, aceites y condimentos",Allioli extra suave 150 ml,"6,66 € / 1 L","1,25 €
1,00 €",CHOVI
Despensa,"Conservas, aceites y condimentos",Allioli Extra Suave Tarro 190 ml,"8,37 € / 1 L","1,99 €
1,59 €",CHOVI
Despensa,"Conservas, aceites y condimentos",Salsa Tomate con Queso Grana Padano 350 Gr,"7,40 € / 1 Kg","2,59 €",GALLO
Despensa,"Conservas, aceites y condimentos",Sardinillas en Tomate 105 Gr,"18,00 € / 1 Kg","2,25 €
1,89 €",ALBO
Despensa,"Conservas, aceites y condimentos",Laurel en Hojas Caja 15 Gr,"6,60 € / 100 Gr","0,99 €",SABATER
Despensa,"Conservas, aceites y condimentos",Salsa Pimienta Verde Sobre 50 Gr,"39,80 € / 1 Kg","1,99 €",G.BLANCA
Despensa,"Conservas, aceites y condimentos",Sardinas Picantonas Lata 85 Gr,"27,65 € / 1 Kg","2,35 €",ALBO
Despensa,"Conservas, aceites y condimentos","Aceite de Oliva 0,4º Botella 1 L","13,99 € / 1 L","13,99 €",CARBONELL
Despensa,"Conservas, aceites y condimentos",Mostaza Dijón Originale Frasco 215 Gr,"16,70 € / 1 Kg","3,59 €",MAILLE
Despensa,"Conservas, aceites y condimentos",Mejillones en Escabeche 8/12 Piezas 69 Gr,"57,83 € / 1 Kg","3,99 €",CALVO
Despensa,"Conservas, aceites y condimentos",Mejillones en Escabeche 13/18 Piezas 69 Gr,"34,06 € / 1 Kg","2,35 €",CALVO
Despensa,"Conservas, aceites y condimentos",Judías Finas Frasco 360 Gr,"8,86 € / 1 Kg","3,19 €",BONDUELLE
Despensa,"Conservas, aceites y condimentos",Tomate Frito Frasco 360 Gr,"4,14 € / 1 Kg","1,49 €",SOLIS
Despensa,"Conservas, aceites y condimentos",Tomate Frito Lata 400 Gr,"4,38 € / 1 Kg","1,75 €",HIDA
Despensa,"Conservas, aceites y condimentos",Pisto con Verduras Lata 400 Gr,"4,98 € / 1 Kg","1,99 €",HIDA
Despensa,"Conservas, aceites y condimentos",Allioli Mortero 180 ml,"7,50 € / 1 L","1,35 €",CHOVI
Despensa,"Conservas, aceites y condimentos",Piña en su Jugo 490 Gr,"3,67 € / 1 Kg","1,80 €",PELLI
Despensa,"Conservas, aceites y condimentos",Tomate Troceado Lata 780 Gr,"1,73 € / 1 Kg","1,35 €",CONSUM
Despensa,"Conservas, aceites y condimentos",Tomate Triturado Lata 400 Gr,"1,80 € / 1 Kg","0,72 €",CONSUM
Despensa,"Conservas, aceites y condimentos",Tomate Triturado Lata 800 Gr,"1,23 € / 1 Kg","0,98 €",CONSUM
Despensa,"Conservas, aceites y condimentos",Tomate Frito Estilo Casero 300 Gr,"5,63 € / 1 Kg","1,69 €",CONSUM
Despensa,"Conservas, aceites y condimentos",Espárragos Extra 8/12 Piezas Frasco 205 Gr,"9,76 € / 1 Kg","2,00 €",CONSUM
Despensa,"Conservas, aceites y condimentos",Champiñones Laminados Lata 185 Gr,"5,41 € / 1 Kg","1,00 €",CONSUM
Despensa,"Conservas, aceites y condimentos",Salsa Bechamel Pack de 2 2 x 250 ml,"7,98 € / 1 L","3,99 €",PRESIDENT
Despensa,"Conservas, aceites y condimentos",Carne de Alcachofas Lata 240 Gr,"9,79 € / 1 Kg","2,35 €",PELLI
Despensa,"Conservas, aceites y condimentos",Sardinas en Tomate Lata 78 Gr,"14,74 € / 1 Kg","1,15 €",CONSUM
Despensa,"Conservas, aceites y condimentos",Sardina en Aceite Girasol Lata 84 Gr,"13,69 € / 1 Kg","1,15 €",CONSUM
Despensa,"Conservas, aceites y condimentos",Sardinas en Aceite Oliva Lata 84 Gr,"17,26 € / 1 Kg","1,45 €",CONSUM
Despensa,"Conservas, aceites y condimentos","Atún Claro Aceite Oliva Lata 72,5 Gr","21,38 € / 1 Kg","1,55 €",CONSUM
Despensa,"Conservas, aceites y condimentos",Mejillones en Escabeche 8/12 Piezas 69 Gr,"34,78 € / 1 Kg","2,40 €",CONSUM
Despensa,"Conservas, aceites y condimentos",Mejillones en Escabeche 13/18 Piezas 69 Gr,"26,09 € / 1 Kg","1,80 €",CONSUM
Despensa,"Conservas, aceites y condimentos",Espinacas Frasco 425 Gr,"3,27 € / 1 Kg","1,39 €",CONSUM
Despensa,"Conservas, aceites y condimentos",Patatas Pequeñas Entera Frasco 400 Gr,"4,88 € / 1 Kg","1,95 €",CONSUM
Despensa,"Conservas, aceites y condimentos",Pimientos Piquillo Entero 8/12 Piezas Frasco 225 Gr,"5,73 € / 1 Kg","1,29 €",CONSUM
Despensa,"Conservas, aceites y condimentos",Salsa Picante Louisiana 110 Gr,"11,73 € / 1 Kg","1,29 €",CHOVI
Despensa,"Conservas, aceites y condimentos",Sardinilla al Limón 6/8 Piezas Lata 60 Gr,"14,83 € / 1 Kg","0,89 €",CONSUM
Despensa,"Conservas, aceites y condimentos",Sardinillas Picantes Lata 60 Gr,"14,17 € / 1 Kg","0,85 €",CONSUM
Despensa,"Conservas, aceites y condimentos",Trozos de Calamar en Salsa Americana Pack 3 x 59 Gr,"10,45 € / 1 Kg","1,85 €",CONSUM
Despensa,"Conservas, aceites y condimentos",Atún en Tomate Pack de 3 3 x 52 Gr,"12,82 € / 1 Kg","2,00 €",CONSUM
Despensa,"Conservas, aceites y condimentos",Atún Claro Natural Pack de 3 3 x 56 Gr,"14,23 € / 1 Kg","2,39 €",CONSUM
Despensa,"Conservas, aceites y condimentos",Atún Claro Aceite Girasol Pack de 3 3 x 52 Gr,"16,99 € / 1 Kg","2,65 €",CONSUM
Despensa,"Conservas, aceites y condimentos",Atún Claro Bajo en Sal en Aceite de Oliva Pack 3 3 x 52 Gr,"18,27 € / 1 Kg","2,85 €",CONSUM
Despensa,"Conservas, aceites y condimentos",Atún Claro Aceite Oliva Pack de 3 3 x 52 Gr,"18,91 € / 1 Kg","2,95 €",CONSUM
Despensa,"Conservas, aceites y condimentos",Judías Verdes Anchas Frasco 360 Gr,"3,61 € / 1 Kg","1,30 €",CONSUM
Despensa,"Conservas, aceites y condimentos",Bonito en Aceite de Oliva Lata 72 Gr,"24,86 € / 1 Kg","1,79 €",CONSUM
Despensa,"Conservas, aceites y condimentos",Vinagre de Vino Blanco 1 L,"0,75 € / 1 L","0,75 €",CONSUM
Despensa,"Conservas, aceites y condimentos",Vinagre de Manzana 1 L,"0,90 € / 1 L","0,90 €",CONSUM
Despensa,"Conservas, aceites y condimentos","Vinagre de Jerez Botella Cristal 0,25 L","8,00 € / 1 L","2,00 €",CONSUM
Despensa,"Conservas, aceites y condimentos","Vinagre Balsámico de Módena 0,25 L","5,40 € / 1 L","1,35 €",CONSUM
Despensa,"Conservas, aceites y condimentos",Macedonia de Verduras Frasco 325 Gr,"2,77 € / 1 Kg","0,90 €",CONSUM
Despensa,"Conservas, aceites y condimentos",Piña en su Jugo Pack de 3 3 x 136 Gr,"5,36 € / 1 Kg","2,25 €",PELLI
Despensa,"Conservas, aceites y condimentos",Piña en su Jugo 340 Gr,"4,85 € / 1 Kg","1,65 €",PELLI
Despensa,"Conservas, aceites y condimentos",Ajo Molido Tarro 58 Gr,"12,93 € / 1 Kg","0,75 €",CONSUM
Despensa,"Conservas, aceites y condimentos",Canela Molida Tarro 39 Gr,"2,05 € / 100 Gr","0,80 €",CONSUM
Despensa,"Conservas, aceites y condimentos",Colorante Alimenticio Tarro 60 Gr,"11,67 € / 1 Kg","0,70 €",CONSUM
Despensa,"Conservas, aceites y condimentos",Orégano Tarro 12 Gr,"6,67 € / 100 Gr","0,80 €",CONSUM
Despensa,"Conservas, aceites y condimentos",Perejil Tarro 8 Gr,"8,75 € / 100 Gr","0,70 €",CONSUM
Despensa,"Conservas, aceites y condimentos",Piñones Caja 40 Gr,"7,38 € / 100 Gr","2,95 €",CONSUM
Despensa,"Conservas, aceites y condimentos",Salsa Bechamel Brik 500 ml,"5,38 € / 1 L","2,69 €",RENY PICOT
Despensa,"Conservas, aceites y condimentos",Espárragos Extra 6/9 Piezas Frasco 325 Gr,"9,38 € / 1 Kg","3,05 €",CONSUM
Despensa,"Conservas, aceites y condimentos",Ajoaceite Artesano 115 Gr,"14,70 € / 1 Kg","1,69 €",CAMPILLO
Despensa,"Conservas, aceites y condimentos",Melocotón en Almíbar Lata 480 Gr,"4,27 € / 1 Kg","2,05 €",CONSUM
Despensa,"Conservas, aceites y condimentos",Melocotón en Almíbar Lata 240 Gr,"5,79 € / 1 Kg","1,39 €",CONSUM
Despensa,"Conservas, aceites y condimentos",Navajas al Natural Lata 60 Gr,"53,17 € / 1 Kg","3,19 €",CONSUM
Despensa,"Conservas, aceites y condimentos",Sal Yodada Bolsa 1 Kg,"0,35 € / 1 Kg","0,35 €",CONSUM
Despensa,"Conservas, aceites y condimentos",Sal Fina Bolsa 1 Kg,"0,35 € / 1 Kg","0,35 €",CONSUM
Despensa,"Conservas, aceites y condimentos",Sal Gruesa Bolsa 1 Kg,"0,35 € / 1 Kg","0,35 €",CONSUM
Despensa,"Conservas, aceites y condimentos",Sal para Horneados Bolsa 2 Kg,"0,48 € / 1 Kg","0,95 €",CONSUM
Despensa,"Conservas, aceites y condimentos",Atún Claro Aceite Oliva Pack de 6 6 x 52 Gr,"16,83 € / 1 Kg","5,25 €",CONSUM
Despensa,"Conservas, aceites y condimentos",Alcachofas 16/20 Piezas Frasco 165 Gr,"17,27 € / 1 Kg","2,85 €",PELLI
Despensa,"Conservas, aceites y condimentos",Atún Claro Natural 0% M.G Pack de 3 3 x 56 Gr,"24,70 € / 1 Kg","4,15 €",CALVO
Despensa,"Conservas, aceites y condimentos",Melocotón en Almíbar Pack de 3 3 x 115 Gr,"6,81 € / 1 Kg","2,35 €",CONSUM
Despensa,"Conservas, aceites y condimentos",Zamburiñas Salsa Vieira Lata 65 Gr,"30,00 € / 1 Kg","1,95 €",CONSUM
Despensa,"Conservas, aceites y condimentos",Filetes de Caballa en Aceite Girasol Lata 80 Gr,"13,63 € / 1 Kg","1,09 €",CONSUM
Despensa,"Conservas, aceites y condimentos",Filetes de Caballa Sur en Escabeche Lata 78 Gr,"12,69 € / 1 Kg","0,99 €",CONSUM
Despensa,"Conservas, aceites y condimentos",Zumo de Limón Exprimido 280 ml,"4,11 € / 1 L","1,15 €",SOLIMON
Despensa,"Conservas, aceites y condimentos",Tomate Tamizado Lata 400 Gr,"2,25 € / 1 Kg","0,90 €",CONSUM
Despensa,"Conservas, aceites y condimentos",Filete Atún Claro Aceite de Oliva Frasco 163 Gr,"33,68 € / 1 Kg","5,49 €",CALVO
Despensa,"Conservas, aceites y condimentos",Jugoso al Horno Hierbas Provenzales 34 Gr,"3,50 € / 100 Gr","1,19 €",MAGGI
Despensa,"Conservas, aceites y condimentos",Tomate Frito Brik Pack de 3 3 x 210 Gr,"3,10 € / 1 Kg","1,95 €",ORLANDO
Despensa,"Conservas, aceites y condimentos",Tomate Frito Aceite Oliva Brik Pack de 3 3 x 200 Gr,"2,33 € / 1 Kg","1,40 €",CONSUM
Despensa,"Conservas, aceites y condimentos",Pimentón de la Vera Dulce Lata 70 Gr,"48,43 € / 1 Kg","3,39 €",MC CORMICK
Despensa,"Conservas, aceites y condimentos",Tomate Triturado Natural Lata 400 Gr,"3,98 € / 1 Kg","1,59 €",ORLANDO
Despensa,"Conservas, aceites y condimentos",Salsa con Soja 150 ml,"19,93 € / 1 L","2,99 €",HEINZ
Despensa,"Conservas, aceites y condimentos",Escamas de Sal Marina Caja 125 Gr,"24,72 € / 1 Kg","3,09 €",MALDON
Despensa,"Conservas, aceites y condimentos",Cebolla Crujiente Bote 100 Gr,"15,90 € / 1 Kg","1,59 €",ARGENTE
Despensa,"Conservas, aceites y condimentos",Filete de Caballa Sur Aceite de Oliva 80 Gr,"32,38 € / 1 Kg","2,59 €",PESASUR
Despensa,"Conservas, aceites y condimentos",Tomate con Pimiento Verde Lata 400 Gr,"3,38 € / 1 Kg","1,35 €",HIDA
Despensa,"Conservas, aceites y condimentos",Filetes de Melva Aceite de Oliva 80 Gr,"49,88 € / 1 Kg","3,99 €",PESASUR
Despensa,"Conservas, aceites y condimentos",Tomate Frito Brik 350 Gr,"2,54 € / 1 Kg","0,89 €",SOLIS
Despensa,"Conservas, aceites y condimentos",Aceite de Oliva Intenso 1 L,"13,99 € / 1 L","13,99 €",CARBONELL
Despensa,"Conservas, aceites y condimentos",Mayonesa Ajonesa Bote 400 ml,"7,98 € / 1 L","3,19 €",CHOVI
Despensa,"Conservas, aceites y condimentos",Tomate Frito Artesanal Frasco 300 Gr,"6,17 € / 1 Kg","1,85 €",LAS CORONAS
Despensa,"Conservas, aceites y condimentos",Tomate Frito Receta Tradicional Frasco 300 Gr,"5,50 € / 1 Kg","1,65 €",CONSUM
Despensa,"Conservas, aceites y condimentos",Atún en Aceite Girasol Pack de 2 2 x 52 Gr,"18,17 € / 1 Kg","1,89 €",CABO PEÑAS
Despensa,"Conservas, aceites y condimentos",Salsa Romesco Tarro 290 Gr,"9,14 € / 1 Kg","2,65 €",D'ATENEA
Despensa,"Conservas, aceites y condimentos",Champiñones Enteros Lata 185 Gr,"7,84 € / 1 Kg","1,45 €",CONSUM
Despensa,"Conservas, aceites y condimentos",Aceite de Semillas Botella 1 L,"3,15 € / 1 L","3,15 €",LA PISTA
Despensa,"Conservas, aceites y condimentos",Yemas de Espárragos Extra Frasco 110 Gr,"16,27 € / 1 Kg","1,79 €",CONSUM
Despensa,"Conservas, aceites y condimentos",Acelgas Frasco 425 Gr,"4,12 € / 1 Kg","1,75 €",CONSUM
Despensa,"Conservas, aceites y condimentos",Cebolla Frita Pack de 2 latas 2 x 155 Gr,"8,03 € / 1 Kg","2,49 €",HIDA
Despensa,"Conservas, aceites y condimentos",Tomate para Untar con Aceite y Ajo Tarrina 4 x 22 Gr,"14,66 € / 1 Kg","1,29 €",IBERITOS
Despensa,"Conservas, aceites y condimentos",Sardinas en Escabeche Lata 84 Gr,"13,33 € / 1 Kg","1,12 €",CONSUM
Despensa,"Conservas, aceites y condimentos",Filetes de Caballa con Tomate Lata 78 Gr,"12,69 € / 1 Kg","0,99 €",CONSUM
Despensa,"Conservas, aceites y condimentos",Ajonesa Bote 250 ml,"9,16 € / 1 L","2,29 €",CHOVI
Despensa,"Conservas, aceites y condimentos",Pimentón Dulce Lata 75 Gr,"28,67 € / 1 Kg","2,15 €",SABATER
Despensa,"Conservas, aceites y condimentos",Pimentón Dulce Lata 75 Gr,"37,20 € / 1 Kg","2,79 €",DUCROS
Despensa,"Conservas, aceites y condimentos",Sazonador Ajo Perejil Tarro 43 Gr,"5,23 € / 100 Gr","2,25 €",DUCROS
Despensa,"Conservas, aceites y condimentos",Bacalao a la Vizcaína Lata 70 Gr,"39,29 € / 1 Kg","2,75 €",CABO PEÑAS
Despensa,"Conservas, aceites y condimentos",Salsa Ligera Bocabajo 430 ml,"6,16 € / 1 L","2,65 €",LIGERESA
Despensa,"Conservas, aceites y condimentos",Menestra Verduras Frasco 400 Gr,"6,50 € / 1 Kg","2,60 €",CONSUM
Despensa,"Conservas, aceites y condimentos",Sardinillas en Escabeche Lata 60 Gr,"13,33 € / 1 Kg","0,80 €",CONSUM
Despensa,"Conservas, aceites y condimentos",Mejillones en Escabeche Pack de 3 3 x 43 Gr,"22,40 € / 1 Kg","2,89 €",CONSUM
Despensa,"Conservas, aceites y condimentos","Aderezo de Limón 0,5 L","1,58 € / 1 L","0,79 €",CONSUM
Despensa,"Conservas, aceites y condimentos",Hierbas Provenzales Tarro 20 Gr,"4,00 € / 100 Gr","0,80 €",CONSUM
Despensa,"Conservas, aceites y condimentos",Pimienta Negra Molida Tarro 44 Gr,"2,84 € / 100 Gr","1,25 €",CONSUM
Despensa,"Conservas, aceites y condimentos",Tomillo Tarro 18 Gr,"3,89 € / 100 Gr","0,70 €",CONSUM
Despensa,"Conservas, aceites y condimentos",Chipirones Rellenos en Aceite Girasol Lata 70 Gr,"32,71 € / 1 Kg","2,29 €",CONSUM
Despensa,"Conservas, aceites y condimentos",Tomate Doble Concentrado Lata 170 Gr,"8,53 € / 1 Kg","1,45 €",HIDA
Despensa,"Conservas, aceites y condimentos",Sardinas en Aceite Oliva Lata 84 Gr,"19,64 € / 1 Kg","1,65 €",CALVO
Despensa,"Conservas, aceites y condimentos",Salsa Burger Bote 260 Gr,"8,81 € / 1 Kg","2,29 €",HELLMANN'S
Despensa,"Conservas, aceites y condimentos",Salsa Bolognese 400 Gr,"10,73 € / 1 Kg","4,29 €",BARILLA
Despensa,"Conservas, aceites y condimentos",Bonito del Norte en Aceite Oliva 82 Gr,"43,78 € / 1 Kg","3,59 €",ALBO
Despensa,"Conservas, aceites y condimentos",Tomate Frito con Aceite Oliva Virgen Extra Frasco 560 Gr,"4,73 € / 1 Kg","2,65 €",HELIOS
Despensa,"Conservas, aceites y condimentos","Vinagre de Vino Tinto 0,5 L","1,10 € / 1 L","0,55 €",CONSUM
Despensa,"Conservas, aceites y condimentos",Judías Verdes Extra Finas Frasco 280 Gr,"16,75 € / 1 Kg","4,69 €",BONDUELLE
Despensa,"Conservas, aceites y condimentos",Colorante Alimentario Tarro 60 Gr,"35,83 € / 1 Kg","2,15 €",DUCROS
Despensa,"Conservas, aceites y condimentos",Orégano Tarro 10 Gr,"22,50 € / 100 Gr","2,25 €",DUCROS
Despensa,"Conservas, aceites y condimentos",Pimentón Dulce Tarro 45 Gr,"1,89 € / 100 Gr","0,85 €",CONSUM
Despensa,"Conservas, aceites y condimentos",Ensalada California de Atún 150 Gr,"9,67 € / 1 Kg","1,45 €",CALVO
Despensa,"Conservas, aceites y condimentos",Melocotón Almibar Ligero Lata 480 Gr,"4,90 € / 1 Kg","2,35 €",SOL ARCHENA
Despensa,"Conservas, aceites y condimentos",Salsa Casera Tarro 430 ml,"6,16 € / 1 L","2,65 €",CALVÉ
Despensa,"Conservas, aceites y condimentos",Aceite de Oliva Virgen Extra 1 L,"15,95 € / 1 L","15,95 €",CARBONELL
Despensa,"Conservas, aceites y condimentos",Comino Molido Tarro 45 Gr,"1,78 € / 100 Gr","0,80 €",CONSUM
Despensa,"Conservas, aceites y condimentos",Salsa Allioli Pet 250 ml,"9,16 € / 1 L","2,29 €",CHOVI
Despensa,"Conservas, aceites y condimentos",Bonito en Aceite de Oliva Tarro 160 Gr,"30,94 € / 1 Kg","4,95 €",CONSUM
Despensa,"Conservas, aceites y condimentos",Salsa Miel y Mostaza 400 ml,"9,38 € / 1 L","3,75 €",HEINZ
Despensa,"Conservas, aceites y condimentos",Mayonesa Bocabajo 500 ml,"4,50 € / 1 L","2,25 €",YBARRA
Despensa,"Conservas, aceites y condimentos",Mejillones en Escabeche 4/6 Piezas 72 Gr,"48,47 € / 1 Kg","3,49 €",NAVAL
Despensa,"Conservas, aceites y condimentos",Mayonesa Bocabajo 430 ml,"7,56 € / 1 L","3,25 €",HELLMANN'S
Despensa,"Conservas, aceites y condimentos",Bonito del Norte en Aceite de Oliva 260 Gr,"36,12 € / 1 Kg","9,39 €",CONSORCIO
Despensa,"Conservas, aceites y condimentos",Piñones Pelados Tarro 45 Gr,"11,09 € / 100 Gr","4,99 €",SABATER
Despensa,"Conservas, aceites y condimentos",Salsa Cocktail Tarro Cristal 225 ml,"7,51 € / 1 L","1,69 €",YBARRA
Despensa,"Conservas, aceites y condimentos",Canela en Rama Tarro 10 Gr,"7,50 € / 100 Gr","0,75 €",CONSUM
Despensa,"Conservas, aceites y condimentos",Romero Tarro 24 Gr,"3,54 € / 100 Gr","0,85 €",CONSUM
Despensa,"Conservas, aceites y condimentos",Jugoso al Horno Ajillo al Toque de Perejil 34 Gr,"3,31 € / 100 Gr","1,19 €",MAGGI
Despensa,"Conservas, aceites y condimentos",Jugoso al Horno a la Barbacoa 30 Gr,"3,97 € / 100 Gr","1,19 €",MAGGI
Despensa,"Conservas, aceites y condimentos",Salsa Soja con Menos Sal 250 ml,"19,56 € / 1 L","4,89 €",KIKKOMAN
Despensa,"Conservas, aceites y condimentos","Aceite de Oliva Virgen Extra Gran Selección 0,75 L","13,27 € / 1 L","9,95 €",CARBONELL
Despensa,"Conservas, aceites y condimentos",Molinillo Sal Rosa del Himalaya 105 Gr,"21,43 € / 1 Kg","2,25 €",TOQUE
Despensa,"Conservas, aceites y condimentos",Atún Claro en Escabeche Pack de 3 3 x 52 Gr,"15,96 € / 1 Kg","2,49 €",CONSUM
Despensa,"Conservas, aceites y condimentos",Sazonador Guacamole 20 Gr,"6,95 € / 100 Gr","1,39 €",OLD EL PASO
Despensa,"Conservas, aceites y condimentos",Aceite de Oliva Intenso Summun 1 L,"10,49 € / 1 L","10,49 €",LA MASIA
Despensa,"Conservas, aceites y condimentos",Sardinas Bajas en Sal en Aceite de Oliva 84 Gr,"23,69 € / 1 Kg","1,99 €",CABO PEÑAS
Despensa,"Conservas, aceites y condimentos",Sazonador Burritos Sobre 40 Gr,"3,48 € / 100 Gr","1,39 €",OLD EL PASO
Despensa,"Conservas, aceites y condimentos",Colorante Alimentario en Sobres 45 Gr,"3,67 € / 100 Gr","1,65 €",SABATER
Despensa,"Conservas, aceites y condimentos",Ajo Tarro 58 Gr,"43,97 € / 1 Kg","2,55 €",DUCROS
Despensa,"Conservas, aceites y condimentos",Pimienta Cayena Molida Tarro 38 Gr,"6,18 € / 100 Gr","2,35 €",DUCROS
Despensa,"Conservas, aceites y condimentos",Nuez Moscada Entera Tarro 25 Gr,"13,80 € / 100 Gr","3,45 €",DUCROS
Despensa,"Conservas, aceites y condimentos",Nuez Moscada Molida Tarro 32 Gr,"9,03 € / 100 Gr","2,89 €",DUCROS
Despensa,"Conservas, aceites y condimentos",Pimienta Negra Molida Tarro 40 Gr,"6,98 € / 100 Gr","2,79 €",DUCROS
Despensa,"Conservas, aceites y condimentos",Salsa Worcestershire Botella 150 ml,"21,67 € / 1 L","3,25 €",LEA&PERRINS
Despensa,"Conservas, aceites y condimentos",Salsa Picante 60 ml,"64,17 € / 1 L","3,85 €",TABASCO
Despensa,"Conservas, aceites y condimentos",Mostaza a L'Ancienne Frasco 210 Gr,"17,10 € / 1 Kg","3,59 €",MAILLE
Despensa,"Conservas, aceites y condimentos",Clavos Enteros Tarro 23 Gr,"14,13 € / 100 Gr","3,25 €",DUCROS
Despensa,"Conservas, aceites y condimentos",Hierbabuena Tarro 13 Gr,"18,08 € / 100 Gr","2,35 €",DUCROS
Despensa,"Conservas, aceites y condimentos",Pebrella Tarro 15 Gr,"17,93 € / 100 Gr","2,69 €",SABATER
Despensa,"Conservas, aceites y condimentos",Preparado Gazpacho Caja 6 Gr,"24,83 € / 100 Gr","1,49 €",SABATER
Despensa,"Conservas, aceites y condimentos",Cardo Frasco 400 Gr,"4,38 € / 1 Kg","1,75 €",CONSUM
Despensa,"Conservas, aceites y condimentos",Trozos de Calamar en Tinta Pack de 3 3 x 59 Gr,"11,30 € / 1 Kg","2,00 €",CONSUM
Despensa,"Conservas, aceites y condimentos",Trufa Natural Tarro 10 Gr,"34,50 € / 100 Gr","3,45 €",LEYENDA
Despensa,"Conservas, aceites y condimentos",Mejillones Salsa Vieira 13/18 Piezas 69 Gr,"27,54 € / 1 Kg","1,90 €",CONSUM
Despensa,"Conservas, aceites y condimentos","Azafrán Molido Sobres 0,3 Gr","1.183,33 € / 100 Gr","3,55 €",DUCROS
Despensa,"Conservas, aceites y condimentos",Ñoras Caja 20 Gr,"14,95 € / 100 Gr","2,99 €",DUCROS
Despensa,"Conservas, aceites y condimentos",Albahaca Tarro 15 Gr,"5,00 € / 100 Gr","0,75 €",CONSUM
Despensa,"Conservas, aceites y condimentos",Guindilla Entera Tarro 11 Gr,"8,18 € / 100 Gr","0,90 €",CONSUM
Despensa,"Conservas, aceites y condimentos",Eneldo Tarro 15 Gr,"6,60 € / 100 Gr","0,99 €",CONSUM
Despensa,"Conservas, aceites y condimentos",Pimentón Picante Tarro 38 Gr,"2,37 € / 100 Gr","0,90 €",CONSUM
Despensa,"Conservas, aceites y condimentos",Pimienta Blanca Molida Tarro 43 Gr,"2,91 € / 100 Gr","1,25 €",CONSUM
Despensa,"Conservas, aceites y condimentos",Pimienta Negra en Grano Tarro 48 Gr,"2,29 € / 100 Gr","1,10 €",CONSUM
Despensa,"Conservas, aceites y condimentos",Ensalada Pasta con Atún Bol 240 Gr,"9,96 € / 1 Kg","2,39 €",CARRETILLA
Despensa,"Conservas, aceites y condimentos",Jengibre Tarro 26 Gr,"9,58 € / 100 Gr","2,49 €",DUCROS
Despensa,"Conservas, aceites y condimentos",Salsa Curry con Mango 225 Gr,"10,89 € / 1 Kg","2,45 €",HEINZ
Despensa,"Conservas, aceites y condimentos","Azafrán en Hebras Caja 0,36 Gr","791,67 € / 100 Gr","2,85 €",SABATER
Despensa,"Conservas, aceites y condimentos","Azafrán Molido Caja 0,5 Gr","570,00 € / 100 Gr","2,85 €",SABATER
Despensa,"Conservas, aceites y condimentos",Habitas Fritas Baby. Frasco 140 Gr,"23,21 € / 1 Kg","3,25 €",CONSUM
Despensa,"Conservas, aceites y condimentos",Allioli Artesano con Aceite de Oliva 150 Gr,"12,33 € / 1 Kg","1,85 €",CHOVI
Despensa,"Conservas, aceites y condimentos",Ajonjolí Semillas de Sésamo 50 Gr,"5,76 € / 100 Gr","2,59 €",DUCROS
Despensa,"Conservas, aceites y condimentos",Salsa Cesar para Ensaladas 250 ml,"10,76 € / 1 L","2,69 €",CHOVI
Despensa,"Conservas, aceites y condimentos",Salsa Yogurt para Ensaladas 250 ml,"10,76 € / 1 L","2,69 €",CHOVI
Despensa,"Conservas, aceites y condimentos",Ensaladilla Rusa Bol 240 Gr,"9,96 € / 1 Kg","2,39 €",CARRETILLA
Despensa,"Conservas, aceites y condimentos",Sazonador Oriental Tarro 32 Gr,"8,91 € / 100 Gr","2,85 €",DUCROS
Despensa,"Conservas, aceites y condimentos",Ensalada Rusa con Atún 150 Gr,"9,67 € / 1 Kg","1,45 €",CALVO
Despensa,"Conservas, aceites y condimentos",Sazonador Carnes Tarro 17 Gr,"16,76 € / 100 Gr","2,85 €",DUCROS
Despensa,"Conservas, aceites y condimentos",Sazonador Espaguetis Tarro 32 Gr,"8,91 € / 100 Gr","2,85 €",DUCROS
Despensa,"Conservas, aceites y condimentos",Cilantro Hojas Tarro 7 Gr,"34,14 € / 100 Gr","2,39 €",DUCROS
Despensa,"Conservas, aceites y condimentos",Sazonador Italia Tarro 30 Gr,"9,50 € / 100 Gr","2,85 €",DUCROS
Despensa,"Conservas, aceites y condimentos",Sazonador México Tarro 40 Gr,"7,13 € / 100 Gr","2,85 €",DUCROS
Despensa,"Conservas, aceites y condimentos",Sazonador Marruecos Tarro 32 Gr,"8,91 € / 100 Gr","2,85 €",DUCROS
Despensa,"Conservas, aceites y condimentos",Salsa de Miel y Mostaza 255 Gr,"10,55 € / 1 Kg","2,69 €",CHOVI
Despensa,"Conservas, aceites y condimentos",Filete de Caballa del Sur Aceite de Girasol 342 Gr,"20,44 € / 1 Kg","6,99 €",PESASUR
Despensa,"Conservas, aceites y condimentos",Espárrago 6/8 D.O. Navarra. Frasco 205 Gr,"27,76 € / 1 Kg","5,69 €",DANTZA
Despensa,"Conservas, aceites y condimentos",Molinillo Pimienta Negra Tarro 35 Gr,"3,71 € / 100 Gr","1,30 €",CONSUM
Despensa,"Conservas, aceites y condimentos",Molinillo Pimienta 4 Bayas Tarro 34 Gr,"3,38 € / 100 Gr","1,15 €",CONSUM
Despensa,"Conservas, aceites y condimentos",Salsa Kebab White Bote 250 ml,"9,16 € / 1 L","2,29 €",CHOVI
Despensa,"Conservas, aceites y condimentos",Eneldo Frasco 10 Gr,"23,50 € / 100 Gr","2,35 €",DUCROS
Despensa,"Conservas, aceites y condimentos",Hierbas Provenzales Frasco 18 Gr,"13,06 € / 100 Gr","2,35 €",DUCROS
Despensa,"Conservas, aceites y condimentos",Comino Molido Frasco 28 Gr,"8,39 € / 100 Gr","2,35 €",DUCROS
Despensa,"Conservas, aceites y condimentos","Cebollino Frasco 2,5 Gr","94,00 € / 100 Gr","2,35 €",DUCROS
Despensa,"Conservas, aceites y condimentos",Cebolla Frasco 30 Gr,"7,83 € / 100 Gr","2,35 €",DUCROS
Despensa,"Conservas, aceites y condimentos",Canela 5 Ramas Paquete 22 Gr,"25,23 € / 100 Gr","5,55 €",DUCROS
Despensa,"Conservas, aceites y condimentos",Albahaca Frasco 12 Gr,"19,58 € / 100 Gr","2,35 €",DUCROS
Despensa,"Conservas, aceites y condimentos",Romero Frasco 23 Gr,"10,22 € / 100 Gr","2,35 €",DUCROS
Despensa,"Conservas, aceites y condimentos",Pimienta Negra Entera Frasco 48 Gr,"6,44 € / 100 Gr","3,09 €",DUCROS
Despensa,"Conservas, aceites y condimentos",Pimienta Cayena Entera Frasco 11 Gr,"21,36 € / 100 Gr","2,35 €",DUCROS
Despensa,"Conservas, aceites y condimentos",Pimienta Blanca Molida Frasco 40 Gr,"7,73 € / 100 Gr","3,09 €",DUCROS
Despensa,"Conservas, aceites y condimentos",Pimentón Picante Frasco 37 Gr,"6,35 € / 100 Gr","2,35 €",DUCROS
Despensa,"Conservas, aceites y condimentos",Paella Marinera Sobre 9 Gr,"27,67 € / 100 Gr","2,49 €",DUCROS
Despensa,"Conservas, aceites y condimentos",Pimentón Dulce Frasco 40 Gr,"5,88 € / 100 Gr","2,35 €",DUCROS
Despensa,"Conservas, aceites y condimentos",Calamares en Salsa Americana 72 Gr,"36,81 € / 1 Kg","2,65 €",ALBO
Despensa,"Conservas, aceites y condimentos",Gran Salsa Mostaza Bote 257 Gr,"8,91 € / 1 Kg","2,29 €",HELLMANN'S
Despensa,"Conservas, aceites y condimentos",Guisantes Extra Finos Frasco 465 Gr,"8,37 € / 1 Kg","3,89 €",BONDUELLE
Despensa,"Conservas, aceites y condimentos",Ensalada Mediterránea Frasco 300 Gr,"12,30 € / 1 Kg","3,69 €",BONDUELLE
Despensa,"Conservas, aceites y condimentos",Salsa Barbacoa Classic Pet 400 ml,"7,27 € / 1 Kg","3,49 €",HEINZ
Despensa,"Conservas, aceites y condimentos",Mostaza a la Miel Frasco 230 Gr,"15,61 € / 1 Kg","3,59 €",MAILLE
Despensa,"Conservas, aceites y condimentos",Canela Molida Saigón Frasco 40 Gr,"9,48 € / 100 Gr","3,79 €",DUCROS
Despensa,"Conservas, aceites y condimentos",Curry Tradición Frasco 53 Gr,"71,51 € / 1 Kg","3,79 €",DUCROS
Despensa,"Conservas, aceites y condimentos",Preparado para Paella Frasco 53 Gr,"52,64 € / 1 Kg","2,79 €",SABATER
Despensa,"Conservas, aceites y condimentos",Ensalada Mediterránea 150 Gr,"9,67 € / 1 Kg","1,45 €",CALVO
Despensa,"Conservas, aceites y condimentos",Salsa Mayonesa Deliciosa 480 ml,"6,02 € / 1 L","2,89 €",HEINZ
Despensa,"Conservas, aceites y condimentos",Aceite de Oliva Virgen Botella 3 L,"9,50 € / 1 L","28,50 €",CONSUM
Despensa,"Conservas, aceites y condimentos","Aceite de Oliva Virgen Botella 0,5 L","10,50 € / 1 L","5,25 €",CONSUM
Despensa,"Conservas, aceites y condimentos","Aceite de Oliva Virgen Extra Cristal 0,75 L","10,80 € / 1 L","8,10 €",CONSUM
Despensa,"Conservas, aceites y condimentos",Salsa Barbacoa Pet 250 ml,"8,04 € / 1 Kg","2,29 €",HELLMANN'S
Despensa,"Conservas, aceites y condimentos",Salsa Pesto Tarro 190 Gr,"13,32 € / 1 Kg","2,53 €",GALLO
Despensa,"Conservas, aceites y condimentos",Sopa Juliana 100 Gr,"26,90 € / 1 Kg","2,69 €",TREVIJANO
Despensa,"Conservas, aceites y condimentos",Champiñón Mini Frasco 170 Gr,"14,65 € / 1 Kg","2,49 €",BONDUELLE
Despensa,"Conservas, aceites y condimentos",Zanahoria Rallada Frasco 280 Gr,"9,82 € / 1 Kg","2,75 €",BONDUELLE
Despensa,"Conservas, aceites y condimentos",Rovellón Entero Extra Frasco 180 Gr,"21,06 € / 1 Kg","3,79 €",EMPERATRIZ
Despensa,"Conservas, aceites y condimentos",Rovellón Trozos Frasco 180 Gr,"16,61 € / 1 Kg","2,99 €",EMPERATRIZ
Despensa,"Conservas, aceites y condimentos",Sopa de Quinoa Deshidratada Bandeja 200 Gr,"15,95 € / 1 Kg","3,19 €",TREVIJANO
Despensa,"Conservas, aceites y condimentos",Aceite Oliva Virgen Extra Botella 1 L,"9,90 € / 1 L","9,90 €",CONSUM
Despensa,"Conservas, aceites y condimentos",Cerezas Rojas Almíbar Frasco 90 Gr,"21,67 € / 1 Kg","1,95 €",HELIOS
Despensa,"Conservas, aceites y condimentos",Cabello de Angel Lata 520 Gr,"4,23 € / 1 Kg","2,20 €",HIDA
Despensa,"Conservas, aceites y condimentos",Cocktail de Frutas Lata 480 Gr,"5,52 € / 1 Kg","2,65 €",SOL ARCHENA
Despensa,"Conservas, aceites y condimentos",Dulce Boniato Lata 850 Gr,"4,47 € / 1 Kg","3,80 €",PELLI
Despensa,"Conservas, aceites y condimentos",Pera Almíbar 480 Gr,"5,85 € / 1 Kg","2,69 €",SOL ARCHENA
Despensa,"Conservas, aceites y condimentos",Ensalada de Quinoa Bol 230 Gr,"10,39 € / 1 Kg","2,39 €",CARRETILLA
Despensa,"Conservas, aceites y condimentos",Anís Verde Matalauva Tarro 37 Gr,"7,00 € / 100 Gr","2,59 €",DUCROS
Despensa,"Conservas, aceites y condimentos",Aceite de Oliva Virgen Botella 1 L,"9,55 € / 1 L","9,55 €",CONSUM
Despensa,"Conservas, aceites y condimentos",Cebolla Crujiente Paquete 70 Gr,"21,29 € / 1 Kg","1,49 €",FLORETTE
Despensa,"Conservas, aceites y condimentos",Frutos Rojos y Mango Paquete 55 Gr,"34,36 € / 1 Kg","1,89 €",FLORETTE
Despensa,"Conservas, aceites y condimentos",Frutos Secos Especial Ensaladas 70 Gr,"27,00 € / 1 Kg","1,89 €",FLORETTE
Despensa,"Conservas, aceites y condimentos",Picatostes Ajo Finas Hierbas Paquet 70 Gr,"21,29 € / 1 Kg","1,49 €",FLORETTE
Despensa,"Conservas, aceites y condimentos",Picatostes César Paquete 70 Gr,"21,29 € / 1 Kg","1,49 €",FLORETTE
Despensa,"Conservas, aceites y condimentos",Picatostes Natural Paquete 65 Gr,"22,92 € / 1 Kg","1,49 €",FLORETTE
Despensa,"Conservas, aceites y condimentos",Ketchup Ecológico Bote 580 Gr,"7,22 € / 1 Kg","4,19 €",HEINZ
Despensa,"Conservas, aceites y condimentos",Aceite Oliva Virgen Extra Primera Cosecha 500 ml,"13,90 € / 1 L","6,95 €",CONSUM
Despensa,"Conservas, aceites y condimentos",Aderezo para cocktail Drink & Spices 36 Gr,"10,42 € / 100 Gr","3,75 €",COCKTELEA
Despensa,"Conservas, aceites y condimentos",Aderezo para cocktail Drink & Fruit 12 Gr,"31,25 € / 100 Gr","3,75 €",COCKTELEA
Despensa,"Conservas, aceites y condimentos",Aceite de Oliva Virgen Extra 3 L,"9,85 € / 1 L","29,55 €",CONSUM
Despensa,"Conservas, aceites y condimentos",Guisantes Lata Pack de 3 3 x 65 Gr,"13,28 € / 1 Kg","2,59 €",BONDUELLE
Despensa,"Conservas, aceites y condimentos",Maíz Dulce Lata Pack de 3 3 x 70 Gr,"12,33 € / 1 Kg","2,59 €",BONDUELLE
Despensa,"Conservas, aceites y condimentos",Salsa Vinagreta Gourmet 250 Gr,"8,76 € / 1 Kg","2,19 €",FLORETTE
Despensa,"Conservas, aceites y condimentos",Salsa Módena y Miel 250 Gr,"8,76 € / 1 Kg","2,19 €",FLORETTE
Despensa,"Conservas, aceites y condimentos",Molinillo Sal con Hierbas Tarro 78 Gr,"28,85 € / 1 Kg","2,25 €",TOQUE
Despensa,"Conservas, aceites y condimentos",Aceite de Oliva Virgen Extra 500 ml,"17,00 € / 1 L","8,50 €",FINC.BADENES
Despensa,"Conservas, aceites y condimentos",Filete de Caballa del Sur Frasco 180 Gr,"27,72 € / 1 Kg","4,99 €",PESASUR
Despensa,"Conservas, aceites y condimentos",Aceite de Girasol Botella 1 L,"1,45 € / 1 L","1,45 €",CONSUM
Despensa,"Conservas, aceites y condimentos",Allioli Bolsa Monodosis 8 x 18 Gr,"13,13 € / 1 Kg","1,89 €",CHOVI
Despensa,"Conservas, aceites y condimentos",Tomate Frito Brik Pack de 3 3 x 390 Gr,"1,20 € / 1 Kg","1,40 €",CONSUM
Despensa,"Conservas, aceites y condimentos",Aceite de Oliva Suave 1 L,"9,25 € / 1 L","9,25 €",CONSUM
Despensa,"Conservas, aceites y condimentos",Aceite de Oliva Intenso 1 L,"9,25 € / 1 L","9,25 €",CONSUM
Despensa,"Conservas, aceites y condimentos",Melocotón sin Azúcar Lata 480 Gr,"5,52 € / 1 Kg","2,65 €",CONSUM
Despensa,"Conservas, aceites y condimentos",Aceite de Semillas Botella 5 L,"1,59 € / 1 L","7,95 €",CONSUM
Despensa,"Conservas, aceites y condimentos",Mostaza Amarilla Bote 240 Gr,"10,21 € / 1 Kg","2,45 €",HEINZ
Despensa,"Conservas, aceites y condimentos",Curry Madrás Intenso Frasco 45 Gr,"6,42 € / 100 Gr","2,89 €",DUCROS
Despensa,"Conservas, aceites y condimentos",Pimienta Brasil Suave Frasco 32 Gr,"9,66 € / 100 Gr","3,09 €",DUCROS
Despensa,"Conservas, aceites y condimentos",Salsa Pesto 185 Gr,"10,76 € / 1 Kg","1,99 €",CONSUM
Despensa,"Conservas, aceites y condimentos",Aceite de Semillas Botella 1 L,"1,69 € / 1 L","1,69 €",CONSUM
Despensa,"Conservas, aceites y condimentos",Salsa César Bote 400 ml,"9,38 € / 1 L","3,75 €",HEINZ
Despensa,"Conservas, aceites y condimentos",Salsa Boloñesa Chorizo Frasco 350 Gr,"7,40 € / 1 Kg","2,59 €",HIDA
Despensa,"Conservas, aceites y condimentos",Molinillo Pimienta Creación 34 Gr,"11,74 € / 100 Gr","3,99 €",DUCROS
Despensa,"Conservas, aceites y condimentos",Salsa Soja Clásica 250 ml,"18,36 € / 1 L","4,59 €",KIKKOMAN
Despensa,"Conservas, aceites y condimentos",Tomate Frito Oliva Brik Pack de 3 3 x 212 Gr,"4,48 € / 1 Kg","2,85 €",ORLANDO
Despensa,"Conservas, aceites y condimentos",Passata de Tomate Pasta de Tomate. Frasco 400 Gr,"7,23 € / 1 Kg","2,89 €",MUTTI
Despensa,"Conservas, aceites y condimentos",Polpa di Pomodoro Tomate TrIturado. Lata 400 Gr,"6,63 € / 1 Kg","2,65 €",MUTTI
Despensa,"Conservas, aceites y condimentos",Sardinas en Aceite Oliva Lata 85 Gr,"30,47 € / 1 Kg","2,59 €",CUCA
Despensa,"Conservas, aceites y condimentos",Salsa Brava Tarro 300 Gr,"6,30 € / 1 Kg","1,89 €",D'ATENEA
Despensa,"Conservas, aceites y condimentos",Aceite de Orujo Botella 1 L,"5,99 € / 1 L","5,99 €",GENIOLIVA
Despensa,"Conservas, aceites y condimentos",Aceite de Girasol Alto Oleico 1 L,"1,89 € / 1 L","1,89 €",CONSUM
Despensa,"Conservas, aceites y condimentos",Sazonador Barbacoa Frasco 44 Gr,"6,57 € / 100 Gr","2,89 €",DUCROS
Despensa,"Conservas, aceites y condimentos",Aceite de Maiz Botella 1 L,"2,99 € / 1 L","2,99 €",ASUA
Despensa,"Conservas, aceites y condimentos",Berberechos al Natural Pack 2 2 x 63 Gr,"45,16 € / 1 Kg","5,69 €",CABO PEÑAS
Despensa,"Conservas, aceites y condimentos",Tomate Entero Lata 480 Gr,"2,92 € / 1 Kg","1,40 €",CONSUM
Despensa,"Conservas, aceites y condimentos",Tomate Entero Lata 240 Gr,"3,33 € / 1 Kg","0,80 €",CONSUM
Despensa,"Conservas, aceites y condimentos",Mayo Vegana Bio Sin Huevo y Sin Lactosa 180 Gr,"13,83 € / 1 Kg","2,49 €",D'ATENEA
Despensa,"Conservas, aceites y condimentos",Superalimentos 5 semillas 100 Gr,"18,90 € / 1 Kg","1,89 €",FLORETTE
Despensa,"Conservas, aceites y condimentos",Ñora Molida Tarro 30 Gr,"7,50 € / 100 Gr","2,25 €",SABATER
Despensa,"Conservas, aceites y condimentos",Ñoras Secas Caja 20 Gr,"7,45 € / 100 Gr","1,49 €",SABATER
Despensa,"Conservas, aceites y condimentos",Tomate Frito Casero Frasco 550 Gr,"5,07 € / 1 Kg","2,79 €",SOLIS
Despensa,"Conservas, aceites y condimentos",Atún Claro en Aceite de Oliva 650 Gr,"16,91 € / 1 Kg","10,99 €",CAMPOS
Despensa,"Conservas, aceites y condimentos",Crema Aceto Balsámico Di Modena 250 ml,"13,00 € / 1 L","3,25 €",FERRARINI
Despensa,"Conservas, aceites y condimentos",Carne Pimiento Choricero Frasco 180 Gr,"11,06 € / 1 Kg","1,99 €",LEYENDA
Despensa,"Conservas, aceites y condimentos",Guisantes Medianos Lata Pack de 3 3 x 130 Gr,"5,00 € / 1 Kg","1,95 €",CONSUM
Despensa,"Conservas, aceites y condimentos",Edamame Lata Pack de 2 2 x 65 Gr,"19,92 € / 1 Kg","2,59 €",BONDUELLE
Despensa,"Conservas, aceites y condimentos",Pimiento Piquillo Tiras con Ajos Frasco 225 Gr,"5,11 € / 1 Kg","1,15 €",CONSUM
Despensa,"Conservas, aceites y condimentos",Salsa Boloñesa Frasco 355 Gr,"7,30 € / 1 Kg","2,59 €",HIDA
Despensa,"Conservas, aceites y condimentos",Pimiento Piquillo de Lodosa Frasco 180 Gr,"27,72 € / 1 Kg","4,99 €",DANTZA
Despensa,"Conservas, aceites y condimentos",Aceite de Oliva Virgen Extra Ecológico 500 ml,"14,80 € / 1 L","7,40 €",CONSUM ECO
Despensa,"Conservas, aceites y condimentos",Salsa Ligera Tarro 450 ml,"2,67 € / 1 L","1,20 €",CONSUM
Despensa,"Conservas, aceites y condimentos",Ketchup 560 Gr,"2,32 € / 1 Kg","1,30 €",CONSUM
Despensa,"Conservas, aceites y condimentos",Salsa Cèsar 300 ml,"4,33 € / 1 L","1,30 €",CONSUM
Despensa,"Conservas, aceites y condimentos",Mayonesa Pet 500 ml,"2,98 € / 1 L","1,49 €",CONSUM
Despensa,"Conservas, aceites y condimentos",Mostaza 300 Gr,"4,33 € / 1 Kg","1,30 €",CONSUM
Despensa,"Conservas, aceites y condimentos",Mayonesa Tarro 450 ml,"2,78 € / 1 L","1,25 €",CONSUM
Despensa,"Conservas, aceites y condimentos",Salsa Barbacoa 325 Gr,"3,54 € / 1 Kg","1,15 €",CONSUM
Despensa,"Conservas, aceites y condimentos",Salsa Cocktail 300 ml,"3,30 € / 1 L","0,99 €",CONSUM
Despensa,"Conservas, aceites y condimentos",Bicarbonato 1 Kg 1 Kg,"1,50 € / 1 Kg","1,50 €",EL VESUBIO
Despensa,"Conservas, aceites y condimentos",Relleno Empanadas Frasco 290 Gr,"8,28 € / 1 Kg","2,40 €",HIDA
Despensa,"Conservas, aceites y condimentos",Pesto Rosso Frasco 190 Gr,"13,32 € / 1 Kg","2,53 €",GALLO
Despensa,"Conservas, aceites y condimentos",Fritada Consum Frasco 350 Gr,"4,00 € / 1 Kg","1,40 €",CONSUM
Despensa,"Conservas, aceites y condimentos",Tomate Frito Tradicional Frasco 550 Gr,"4,36 € / 1 Kg","2,40 €",CONSUM
Despensa,"Conservas, aceites y condimentos",Salsa Cheddar Bacon Bote 245 Gr,"8,12 € / 1 Kg","1,99 €",ORLANDO
Despensa,"Conservas, aceites y condimentos",Kétchup Botella 460 Gr,"7,28 € / 1 Kg","3,35 €",HEINZ
Despensa,"Conservas, aceites y condimentos",Kétchup Botella 700 Gr,"5,56 € / 1 Kg","3,89 €",HEINZ
Despensa,"Conservas, aceites y condimentos",Judía Redonda Frasco 360 Gr,"3,61 € / 1 Kg","1,30 €",CONSUM
Despensa,"Conservas, aceites y condimentos",Yemas muy Gruesas Frasco 110 Gr,"41,73 € / 1 Kg","4,59 €",CARRETILLA
Despensa,"Conservas, aceites y condimentos",Espárragos Muy Gruesos Frasco 205 Gr,"18,00 € / 1 Kg","3,69 €",CARRETILLA
Despensa,"Conservas, aceites y condimentos",Espárragos Medianos Calidad Extra. Frasco 100 Gr,"14,09 € / 1 Kg","1,55 €",CONSUM
Despensa,"Conservas, aceites y condimentos",Tallos Espárragos Lata 250 Gr,"6,36 € / 1 Kg","1,59 €",CONSUM
Despensa,"Conservas, aceites y condimentos",Espárragos Trigueros Frasco 100 Gr,"15,50 € / 1 Kg","1,55 €",CONSUM
Despensa,"Conservas, aceites y condimentos",Apio Rallado Frasco 190 Gr,"5,79 € / 1 Kg","1,10 €",CONSUM
Despensa,"Conservas, aceites y condimentos",Brotes Germinados Frasco 190 Gr,"7,63 € / 1 Kg","1,45 €",CONSUM
Despensa,"Conservas, aceites y condimentos",Ensalada China Frasco 190 Gr,"6,26 € / 1 Kg","1,19 €",CONSUM
Despensa,"Conservas, aceites y condimentos",Remolacha Rallada Frasco 190 Gr,"4,16 € / 1 Kg","0,79 €",CONSUM
Despensa,"Conservas, aceites y condimentos",Remolacha Rodajas Frasco 190 Gr,"5,21 € / 1 Kg","0,99 €",CONSUM
Despensa,"Conservas, aceites y condimentos",Zanahoria Rallada Frasco 190 Gr,"3,95 € / 1 Kg","0,75 €",CONSUM
Despensa,"Conservas, aceites y condimentos",Espárragos muy Gruesos Frasco 110 Gr,"27,18 € / 1 Kg","2,99 €",CARRETILLA
Despensa,"Conservas, aceites y condimentos",Pimiento Morrón Entero Lata Pack de 3 3 x 60 Gr,"10,50 € / 1 Kg","1,89 €",CONSUM
Despensa,"Conservas, aceites y condimentos",Pimiento Tiras con Ajo Frasco 190 Gr,"7,84 € / 1 Kg","1,49 €",CONSUM
Despensa,"Conservas, aceites y condimentos",Pimiento Asado Tiras Lata Pack de 3 3 x 60 Gr,"7,50 € / 1 Kg","1,35 €",CONSUM
Despensa,"Conservas, aceites y condimentos",Salsa Tradicional Tarro Cristal 500 ml,"5,08 € / 1 L","2,49 €",KRAFT
Despensa,"Conservas, aceites y condimentos",Tomillo Entero Frasco 11 Gr,"21,73 € / 100 Gr","2,39 €",DUCROS
Despensa,"Conservas, aceites y condimentos",Berberechos al Natural 45/55 Piezas 63 Gr,"78,57 € / 1 Kg","4,95 €",CONSUM
Despensa,"Conservas, aceites y condimentos",Mayonesa Tarro Cristal 825 ml,"7,26 € / 1 L","5,99 €",HELLMANN'S
Despensa,"Conservas, aceites y condimentos",Tomate Frito Estilo Casero 350 Gr,"5,29 € / 1 Kg","1,85 €",HIDA
Despensa,"Conservas, aceites y condimentos",Salsa Gaucha 300 ml,"7,50 € / 1 L","2,25 €",YBARRA
Despensa,"Conservas, aceites y condimentos",Brócoli Natural Frasco 370 Gr,"4,30 € / 1 Kg","1,59 €",CONSUM
Despensa,"Conservas, aceites y condimentos",Champiñones Laminados Pack de 3 3 x 105 Gr,"6,95 € / 1 Kg","2,19 €",CONSUM
Despensa,"Conservas, aceites y condimentos",Sardinilla en Aceite de Girasol Pack de 2 2 x 65 Gr,"11,54 € / 1 Kg","1,50 €",CONSUM
Despensa,"Conservas, aceites y condimentos",Sardinilla en Tomate Pack 2 2 x 59 Gr,"11,86 € / 1 Kg","1,40 €",CONSUM
Despensa,"Conservas, aceites y condimentos",Sardinillas en Aceite de Oliva Pack 2 2 x 65 Gr,"14,23 € / 1 Kg","1,85 €",CONSUM
Despensa,"Conservas, aceites y condimentos",Sardinillas Bajo en Sal en Aceite Oliva Pack 2 2 x 65 Gr,"14,23 € / 1 Kg","1,85 €",CONSUM
Despensa,"Conservas, aceites y condimentos",Sal de Frutas 250 Gr,"8,00 € / 1 Kg","2,00 €",EL VESUBIO
Despensa,"Conservas, aceites y condimentos",Tomate Seco en Aceite 110 Gr,"24,09 € / 1 Kg","2,65 €",CONSUM
Despensa,"Conservas, aceites y condimentos",Orégano Bío Frasco 8 Gr,"33,63 € / 100 Gr","2,69 €",DUCROS
Despensa,"Conservas, aceites y condimentos",Ajo Bío Frasco 52 Gr,"54,81 € / 1 Kg","2,85 €",DUCROS
Despensa,"Conservas, aceites y condimentos",Canela Molida Bío Frasco 27 Gr,"10,93 € / 100 Gr","2,95 €",DUCROS
Despensa,"Conservas, aceites y condimentos",Cúrcuma Bío Frasco 42 Gr,"7,36 € / 100 Gr","3,09 €",DUCROS
Despensa,"Conservas, aceites y condimentos",Ajo Perejil Bío Frasco 22 Gr,"12,95 € / 100 Gr","2,85 €",DUCROS
Despensa,"Conservas, aceites y condimentos",Comino Molido Bío Frasco 30 Gr,"9,83 € / 100 Gr","2,95 €",DUCROS
Despensa,"Conservas, aceites y condimentos",Pimienta Negra Bío Frasco 43 Gr,"7,79 € / 100 Gr","3,35 €",DUCROS
Despensa,"Conservas, aceites y condimentos",Atún Claro Virgen Extra en Aceite de Oliva 3 x 52 Gr,"23,65 € / 1 Kg","3,69 €",CONSUM
Despensa,"Conservas, aceites y condimentos",Jengibre Molido Bío Frasco 32 Gr,"10,59 € / 100 Gr","3,39 €",DUCROS
Despensa,"Conservas, aceites y condimentos",Berberechos al Natural 80/100 63 Gr,"69,68 € / 1 Kg","4,39 €",CABO PEÑAS
Despensa,"Conservas, aceites y condimentos",Vinagre de Manzana Ecológico 500 ml,"4,10 € / 1 L","2,05 €",CONSUM ECO
Despensa,"Conservas, aceites y condimentos",Mazorquitas 190 Gr,"12,63 € / 1 Kg","2,40 €",CONSUM
Despensa,"Conservas, aceites y condimentos",Salsa Tradicional Frasco 275 ml,"6,51 € / 1 L","1,79 €",KRAFT
Despensa,"Conservas, aceites y condimentos",Tomate Triturado con Cebolla 390 Gr,"2,28 € / 1 Kg","0,89 €",CONSUM
Despensa,"Conservas, aceites y condimentos",Molinillo Sal Negra Frasco 100 Gr,"22,50 € / 1 Kg","2,25 €",TOQUE
Despensa,"Conservas, aceites y condimentos",Salsa Ligera Nature Tarro Cristal 430 ml,"6,49 € / 1 L","2,79 €",LIGERESA
Despensa,"Conservas, aceites y condimentos",Salsa Hot Mexican Bocabajo 266 Gr,"8,61 € / 1 Kg","2,29 €",HELLMANN'S
Despensa,"Conservas, aceites y condimentos",Atún Claro Natural Pack de 6 6 x 56 Gr,"12,95 € / 1 Kg","4,35 €",CONSUM
Despensa,"Conservas, aceites y condimentos",Kétchup Light 540 Gr,"2,20 € / 1 Kg","1,19 €",CONSUM
Despensa,"Conservas, aceites y condimentos",Tacos de Potón al Ajillo Lata 75 Gr,"20,00 € / 1 Kg","1,50 €",CONSUM
Despensa,"Conservas, aceites y condimentos",Tacos de Potón a la Marinera 72 Gr,"20,83 € / 1 Kg","1,50 €",CONSUM
Despensa,"Conservas, aceites y condimentos",Salmón Salvaje Alaska al natural 3 x 55 Gr,"25,39 € / 1 Kg","4,19 €",PESASUR
Despensa,"Conservas, aceites y condimentos",Filete de Sardina en Aceite de Oliva 75 Gr,"32,67 € / 1 Kg","2,45 €",CALVO
Despensa,"Conservas, aceites y condimentos",Tacos Potón en Aceite de Girasol 72 Gr,"20,83 € / 1 Kg","1,50 €",CONSUM
Despensa,"Conservas, aceites y condimentos",Mayonesa al Toque de Mostaza Dijon Tarro 320 Gr,"13,59 € / 1 Kg","4,35 €",MAILLE
Despensa,"Conservas, aceites y condimentos",Pesto Rústico con Tomate Seco 200 Gr,"14,95 € / 1 Kg","2,99 €",BARILLA
Despensa,"Conservas, aceites y condimentos",Salsa Ranchera 250 ml,"9,00 € / 1 L","2,25 €",YBARRA
Despensa,"Conservas, aceites y condimentos",Remolacha en Rodajas Frasco 305 Gr,"9,02 € / 1 Kg","2,75 €",BONDUELLE
Despensa,"Conservas, aceites y condimentos",Salsa Tártara Tarro 225 ml,"10,00 € / 1 L","2,25 €",CALVÉ
Despensa,"Conservas, aceites y condimentos",Salsa Vegana Tarro 280 ml,"15,18 € / 1 L","4,25 €",HELLMANN'S
Despensa,"Conservas, aceites y condimentos",Atún Claro Aceite Oliva Virgen Extra 3 x 52 Gr,"27,88 € / 1 Kg","4,35 €",CALVO
Despensa,"Conservas, aceites y condimentos",Atún Claro Aceite Oliva Pack de 3 3 x 52 Gr,"27,88 € / 1 Kg","4,35 €",CALVO
Despensa,"Conservas, aceites y condimentos",Atún Claro Aceite Oliva Pack de 6 6 x 52 Gr,"24,65 € / 1 Kg","7,69 €",CALVO
Despensa,"Conservas, aceites y condimentos",Atún Claro Aceite Oliva Bajo en Sal 3 x 52 Gr,"27,88 € / 1 Kg","4,35 €",CALVO
Despensa,"Conservas, aceites y condimentos",Mitades de Melocotón sin Azúcar Añadido 3 x 250 Gr,"7,68 € / 1 Kg","2,65 €",SOL ARCHENA
Despensa,"Conservas, aceites y condimentos",Salsa Tikka Masala Frasco 450 Gr,"6,64 € / 1 Kg","2,99 €",PATAK´S
Despensa,"Conservas, aceites y condimentos",Maíz Bío Pack de 2 2 x 140 Gr,"11,61 € / 1 Kg","3,25 €",BONDUELLE
Despensa,"Conservas, aceites y condimentos",Brotes de Judía Mungo Pack de 3 Lata 3 x 90 Gr,"12,56 € / 1 Kg","3,39 €",BONDUELLE
Despensa,"Conservas, aceites y condimentos",Crema de Vinagre Pedro Ximénez 250 ml,"9,00 € / 1 L","2,25 €",CONSUM
Despensa,"Conservas, aceites y condimentos",Crema de Vinagre Módena 250 ml,"7,00 € / 1 L","1,75 €",CONSUM
Despensa,"Conservas, aceites y condimentos",Guisantes Tiernos y Finos sin Azúcares Añadidos 3 x 140 Gr,"8,55 € / 1 Kg","3,59 €",BONDUELLE
Despensa,"Conservas, aceites y condimentos",Colorante Natural sin Tartracina 20 Gr,"7,25 € / 100 Gr","1,45 €",POTE
Despensa,"Conservas, aceites y condimentos",Atún Claro en Aceite de Oliva Virgen Extra P3 3 x 67 Gr,"39,55 € / 1 Kg","7,95 €",ALBO
Despensa,"Conservas, aceites y condimentos",Pimentón Picante D.O.P. de la Vera Lata 70 Gr,"48,43 € / 1 Kg","3,39 €",MC CORMICK
Despensa,"Conservas, aceites y condimentos",Pimiento Chipotle Picante Medio Tarro 46 Gr,"7,59 € / 100 Gr","3,49 €",DUCROS
Despensa,"Conservas, aceites y condimentos",Garam Masala Tarro 30 Gr,"7,83 € / 100 Gr","2,35 €",DUCROS
Despensa,"Conservas, aceites y condimentos",Piña en su Jugo Quality 825 Gr,"8,33 € / 1 Kg","4,25 €",DEL MONTE
Despensa,"Conservas, aceites y condimentos",Pimienta Verde Tarro 35 Gr,"9,40 € / 100 Gr","3,29 €",DUCROS
Despensa,"Conservas, aceites y condimentos",Salsa Napolitana Frasco 300 Gr,"5,17 € / 1 Kg","1,55 €",CONSUM
Despensa,"Conservas, aceites y condimentos",Molinillo Pimienta Negra Frasco 35 Gr,"11,40 € / 100 Gr","3,99 €",DUCROS
Despensa,"Conservas, aceites y condimentos",Molinillo 5 Bayas Tarro 24 Gr,"16,63 € / 100 Gr","3,99 €",DUCROS
Despensa,"Conservas, aceites y condimentos",Piña en su Jugo Quality Pack de 3 3 x 230 Gr,"11,07 € / 1 Kg","4,65 €",DEL MONTE
Despensa,"Conservas, aceites y condimentos",Salsa Tomate Albahaca y Orégano 300 Gr,"4,83 € / 1 Kg","1,45 €",CONSUM
Despensa,"Conservas, aceites y condimentos",Molinillo Pimienta Negra Bio Frasco 30 Gr,"14,63 € / 100 Gr","4,39 €",DUCROS
Despensa,"Conservas, aceites y condimentos",Salsa Carbonara Frasco 300 Gr,"5,63 € / 1 Kg","1,69 €",CONSUM
Despensa,"Conservas, aceites y condimentos",Guisantes Bío 2 x 130 Gr,"13,04 € / 1 Kg","3,39 €",BONDUELLE
Despensa,"Conservas, aceites y condimentos",Molinillo Ajustable Mezcla Picante Frasco 29 Gr,"13,76 € / 100 Gr","3,99 €",DUCROS
Despensa,"Conservas, aceites y condimentos",Atún Claro Aceite Girasol Pack de 3 3 x 52 Gr,"22,37 € / 1 Kg","3,49 €",CALVO
Despensa,"Conservas, aceites y condimentos",Guisante y Zanahoria Pack de 3 3 x 130 Gr,"10,23 € / 1 Kg","3,99 €",BONDUELLE
Despensa,"Conservas, aceites y condimentos",Filetes de Caballa en Aceite de Oliva 84 Gr,"16,55 € / 1 Kg","1,39 €",CONSUM
Despensa,"Conservas, aceites y condimentos",Salsa Guacamole Frasco 320 Gr,"10,59 € / 1 Kg","3,39 €",OLD EL PASO
Despensa,"Conservas, aceites y condimentos",Salsa de Queso Frasco 320 Gr,"11,22 € / 1 Kg","3,59 €",OLD EL PASO
Despensa,"Conservas, aceites y condimentos",Salsa Mejicana Frasco 312 Gr,"10,87 € / 1 Kg","3,39 €",OLD EL PASO
Despensa,"Conservas, aceites y condimentos",Aceite de Oliva Virgen Extra IGP Jaén 500 ml,"15,18 € / 1 L","7,59 €",AIRES
Despensa,"Conservas, aceites y condimentos",Tomate Frito Cebolla Caramelizada 495 Gr,"5,03 € / 1 Kg","2,49 €",ORLANDO
Despensa,"Conservas, aceites y condimentos",Aceite de Oliva Intenso 3 L,"11,65 € / 1 L","34,95 €",CARBONELL
Despensa,"Conservas, aceites y condimentos",Bicarbonato 300 ml,"0,37 € / 100 ml","1,10 €",EL VESUBIO
Despensa,"Conservas, aceites y condimentos",Ketchup 300 Gr,"4,97 € / 1 Kg","1,49 €",ORLANDO
Despensa,"Conservas, aceites y condimentos",Salsa Barbacoa Bull's-Eye 335 Gr,"10,90 € / 1 Kg","3,65 €",HEINZ
Despensa,"Conservas, aceites y condimentos",Atún Claro Lomos en Aceite de Oliva 135 Gr,"27,33 € / 1 Kg","3,69 €",CONSUM
Despensa,"Conservas, aceites y condimentos","Ventresca de Atún Claro en Aceite de Oliva 72,5 Gr","48,97 € / 1 Kg","3,55 €",CONSUM
Despensa,"Conservas, aceites y condimentos",Aceite de Oliva Virgen Extra Arbequina 500 ml,"14,18 € / 1 L","7,09 €",CONSUM
Despensa,"Conservas, aceites y condimentos",Ras El Hanout 38 Gr,"6,18 € / 100 Gr","2,35 €",DUCROS
Despensa,"Conservas, aceites y condimentos",Pesto Rosso con Aceto Balsámico di Modena 200 Gr,"14,95 € / 1 Kg","2,99 €",BARILLA
Despensa,"Conservas, aceites y condimentos",Jugoso al Horno Receta Mediterránea 31 Gr,"3,84 € / 100 Gr","1,19 €",MAGGI
Despensa,"Conservas, aceites y condimentos",Aceite de Oliva Virgen Extra Hojiblanca 1 L,"13,99 € / 1 L","13,99 €",COOSUR
Despensa,"Conservas, aceites y condimentos",Aceite de Coco Virgen Extra Ecológico 375 ml,"12,77 € / 1 L","4,79 €",LA ESPAÑOLA
Despensa,"Conservas, aceites y condimentos",Tomate Triturado Ecológico 400 Gr,"2,88 € / 1 Kg","1,15 €",CONSUM
Despensa,"Conservas, aceites y condimentos",Palmito Entero Frasco 250 Gr,"14,76 € / 1 Kg","3,69 €",PELLI
Despensa,"Conservas, aceites y condimentos",Surtido de Setas Ánfora 155 Gr,"10,26 € / 1 Kg","1,59 €",CELORRIO
Despensa,"Conservas, aceites y condimentos",Tomate Frito con Aceite de Oliva 360 Gr,"4,69 € / 1 Kg","1,69 €",SOLIS
Despensa,"Conservas, aceites y condimentos",Cocktail Almibar Ligero Pack de 3 3 x 115 Gr,"7,97 € / 1 Kg","2,75 €",SOL ARCHENA
Despensa,"Conservas, aceites y condimentos",Mayonesa Tarro 225 ml,"4,22 € / 1 L","0,95 €",CONSUM
Despensa,"Conservas, aceites y condimentos",Salsa Ligera Tarro 225 ml,"4,40 € / 1 L","0,99 €",CONSUM
Despensa,"Conservas, aceites y condimentos",Ensalada de Pimiento Frasco 355 Gr,"7,18 € / 1 Kg","2,55 €",ALSUR
Despensa,"Conservas, aceites y condimentos",Pimiento Asado Tiras Bandeja 250 Gr,"9,60 € / 1 Kg","2,40 €",SUQUIPA
Despensa,"Conservas, aceites y condimentos",Ketchup Original Bote 290 Gr,"6,17 € / 1 Kg","1,79 €",PRIMA
Despensa,"Conservas, aceites y condimentos",ketchup Cero Bote 265 Gr,"9,25 € / 1 Kg","2,45 €",PRIMA
Despensa,"Conservas, aceites y condimentos",Mayonesa Cero Bote 255 ml,"9,76 € / 1 L","2,49 €",PRIMA
Despensa,"Conservas, aceites y condimentos",Mostaza Original Bote 265 Gr,"6,75 € / 1 Kg","1,79 €",PRIMA
Despensa,"Conservas, aceites y condimentos",Barbacoa Cero Bote 265 Gr,"9,40 € / 1 Kg","2,49 €",PRIMA
Despensa,"Conservas, aceites y condimentos",Coliflor Cocida Frasco 360 Gr,"5,14 € / 1 Kg","1,85 €",ALSUR
Despensa,"Conservas, aceites y condimentos",Atún Claro al Natural Proteina Natural 120 Gr,"26,58 € / 1 Kg","3,19 €",FRINSA
Despensa,"Conservas, aceites y condimentos",Merluza del Cabo Natural Proteina Natural 120 Gr,"26,58 € / 1 Kg","3,19 €",FRINSA
Despensa,"Conservas, aceites y condimentos",Ketchup Original Bolsitas 12 x 10 Gr,"16,58 € / 1 Kg","1,99 €",PRIMA
Despensa,"Conservas, aceites y condimentos",Salsa Mexicana Queso Tarro 300 Gr,"5,63 € / 1 Kg","1,69 €",CONSUM
Despensa,"Conservas, aceites y condimentos",Salsa Mexicana Tarro 300 Gr,"5,63 € / 1 Kg","1,69 €",CONSUM
Despensa,"Conservas, aceites y condimentos",Salsa Guacamole Tarro 300 Gr,"5,63 € / 1 Kg","1,69 €",CONSUM
Despensa,"Conservas, aceites y condimentos",Mayonesa Original Bolsitas 12 x 10 ml,"17,08 € / 1 L","2,05 €",PRIMA
Despensa,"Conservas, aceites y condimentos",Tomate Frito Brik 780 Gr,"2,37 € / 1 Kg","1,85 €",ORLANDO
Despensa,"Conservas, aceites y condimentos",Sazonador para Burritos 30 Gr,"3,30 € / 100 Gr","0,99 €",CONSUM
Despensa,"Conservas, aceites y condimentos",Sazonador para Fajitas 30 Gr,"3,30 € / 100 Gr","0,99 €",CONSUM
Despensa,"Conservas, aceites y condimentos",Cebolla Molida 50 Gr,"45,00 € / 1 Kg","2,25 €",DUCROS
Despensa,"Conservas, aceites y condimentos",Anís Estrellado 10 Gr,"25,90 € / 100 Gr","2,59 €",DUCROS
Despensa,"Conservas, aceites y condimentos",Pimiento Jalapeño Fuerte 26 Gr,"9,96 € / 100 Gr","2,59 €",DUCROS
Despensa,"Conservas, aceites y condimentos",Ajo Picado 52 Gr,"49,04 € / 1 Kg","2,55 €",DUCROS
Despensa,"Conservas, aceites y condimentos",Rodajas Deshidratadas de Naranja 60 Gr,"124,83 € / 1 Kg","7,49 €",COCKTELEA
Despensa,"Conservas, aceites y condimentos",Salsa Sabor Casero Bocabajo 430 Gr,"6,40 € / 1 Kg","2,75 €",CALVÉ
Despensa,"Conservas, aceites y condimentos",Mejillones 20/30 Piezas 69 Gr,"28,26 € / 1 Kg","1,95 €",CABO PEÑAS
Despensa,"Conservas, aceites y condimentos",Salsa para Pizza Lata 400 Gr,"6,88 € / 1 Kg","2,75 €",MUTTI
Despensa,"Conservas, aceites y condimentos",Bonito en Aceite de Oliva 195 Gr,"37,38 € / 1 Kg","7,29 €",CONSORCIO
Despensa,"Conservas, aceites y condimentos",Mejillones de Chile en Escabeche 2 x 95 Gr,"14,68 € / 1 Kg","2,79 €",CABO PEÑAS
Despensa,"Conservas, aceites y condimentos",Mejillones en Escabeche Pack de 3 3 x 43 Gr,"29,38 € / 1 Kg","3,79 €",ISABEL
Despensa,"Conservas, aceites y condimentos",Spray Especial Freidora de Aire 200 ml,"12,45 € / 1 L","2,49 €",LA ESPAÑOLA
Despensa,"Conservas, aceites y condimentos",Aceite 5 Semillas 750 ml,"3,45 € / 1 L","2,59 €",KOIPE
Despensa,"Conservas, aceites y condimentos",Allioli Multipack 4 x 55 ml,"8,41 € / 1 L","1,85 €",CHOVI
Despensa,"Conservas, aceites y condimentos",Salsa Sriracha 256 ml,"22,62 € / 1 L","5,79 €",TABASCO
Despensa,"Conservas, aceites y condimentos",Salsa Agripicante con Chili Dulce 300 ml,"9,67 € / 1 L","2,90 €",TIGER KHAN
Despensa,"Conservas, aceites y condimentos",Sriracha Mayo Botella 200 ml,"16,45 € / 1 L","3,29 €",FLYING DRAGO
Despensa,"Conservas, aceites y condimentos",Aceite de Oliva Virgen Extra Cristal 250 ml,"14,20 € / 1 L","3,55 €",CONSUM
Despensa,"Conservas, aceites y condimentos",Salsa Ligeresa 210 ml,"7,38 € / 1 L","1,55 €",LIGERESA
Despensa,"Conservas, aceites y condimentos",Sardinillas en Tomate 6/10 Piezas 56 Gr,"22,32 € / 1 Kg","1,25 €",CABO PEÑAS
Despensa,"Conservas, aceites y condimentos",Aceite de Oliva Virgen Extra 500 ml,"12,30 € / 1 L","6,15 €",CONSUM
Despensa,"Conservas, aceites y condimentos",Aderezo Drink Mix 1 U,"3,75 € / 1 U","3,75 €",COCKTELEA
Despensa,"Conservas, aceites y condimentos",Salsa de Ostras Botella 300 ml,"9,50 € / 1 L","2,85 €",TIGER KHAN
Despensa,"Conservas, aceites y condimentos",Salsa Hoisin Botella 300 ml,"11,97 € / 1 L","3,59 €",TIGER KHAN
Despensa,"Conservas, aceites y condimentos",Salsa Ligeresa 425 ml,"6,24 € / 1 L","2,65 €",LIGERESA
Despensa,"Conservas, aceites y condimentos",Aceite de Oliva Virgen Extra Cristal 500 ml,"16,90 € / 1 L","8,45 €",FINCA BADENE
Despensa,"Conservas, aceites y condimentos",Aceite de Oliva Virgen Extra 1 L,"10,85 € / 1 L","10,85 €",AIRES
Despensa,"Conservas, aceites y condimentos",Salsa Soja Baja en Sal y Sin Gluten 150 ml,"13,27 € / 1 L","1,99 €",TIGER KHAN
Despensa,"Conservas, aceites y condimentos",Aceite de Oliva Intenso 3 L,"9,20 € / 1 L","27,60 €",CONSUM
Despensa,"Conservas, aceites y condimentos",Aceite de Oliva Suave 3 L,"9,20 € / 1 L","27,60 €",CONSUM
Despensa,"Conservas, aceites y condimentos",Mayonesa 540 ml,"4,17 € / 1 L","2,25 €",MUSA
Despensa,"Conservas, aceites y condimentos",Salsa Teriyaki Botella 300 ml,"9,17 € / 1 L","2,75 €",TIGER KHAN
Despensa,"Conservas, aceites y condimentos",Aceite de Oliva Virgen Extra 2 L,"12,83 € / 1 L","25,65 €",AIRES
Despensa,"Conservas, aceites y condimentos",Filete de Atún al Natural 126 Gr,"31,67 € / 1 Kg","3,99 €",CALVO
Despensa,"Conservas, aceites y condimentos",Atún en Aceite de Girasol Vuelca Fácil 4 x 52 Gr,"16,78 € / 1 Kg","3,49 €",CALVO
Despensa,"Conservas, aceites y condimentos",Pesto Genovese 175 Gr,"18,00 € / 1 Kg","3,15 €",GAROFALO
Despensa,"Conservas, aceites y condimentos",Salero Sal Fina 250 Gr,"3,00 € / 1 Kg","0,75 €",CONSUM
Despensa,"Conservas, aceites y condimentos",Salsa Agridulce Frasco 300 ml,"9,83 € / 1 L","2,95 €",TIGER KHAN
Despensa,"Conservas, aceites y condimentos",Puerros Enteros Frasco 400 Gr,"8,50 € / 1 Kg","3,40 €",LEYENDA
Despensa,"Conservas, aceites y condimentos",Sal en Escamas 125 Gr,"19,92 € / 1 Kg","2,49 €",HALOS
Despensa,"Conservas, aceites y condimentos",Sal Rosa del Himalya 250 Gr,"9,96 € / 1 Kg","2,49 €",HALOS
Despensa,"Conservas, aceites y condimentos",Berberechos al Natural 55/75 Piezas 63 Gr,"62,70 € / 1 Kg","3,95 €",CONSUM
Despensa,"Conservas, aceites y condimentos",Berberechos al Natural 30/45 Piezas 63 Gr,"95,08 € / 1 Kg","5,99 €",CONSUM
Despensa,"Conservas, aceites y condimentos",Bechamel Sin Gluten Minibrik Pack de 3 3 x 200 ml,"4,65 € / 1 L","2,79 €",ASTURIANA
Despensa,"Conservas, aceites y condimentos",Bonito del Norte en Escabeche 2 x 47 Gr,"40,32 € / 1 Kg","3,79 €",ORTIZ
Despensa,"Conservas, aceites y condimentos",Maíz Dulce Lata 4 x 70 Gr,"6,04 € / 1 Kg","1,69 €",CONSUM
Despensa,"Conservas, aceites y condimentos",Bonito del Norte en Aceite de Oliva 2 x 47 Gr,"42,02 € / 1 Kg","3,95 €",ORTIZ
Despensa,"Conservas, aceites y condimentos",Sal en Escamas Ahumadas 125 Gr,"26,32 € / 1 Kg","3,29 €",HALOS
Despensa,"Conservas, aceites y condimentos",Escalivada con Cebolla Bandeja 250 Gr,"11,16 € / 1 Kg","2,79 €",SUQUIPA
Despensa,"Conservas, aceites y condimentos",Judia Verde en Tiras Frasco 350 Gr,"9,00 € / 1 Kg","3,15 €",GUTARRA
Despensa,"Conservas, aceites y condimentos",Setas Cultivo Troceadas Tarro 155 Gr,"9,61 € / 1 Kg","1,49 €",CELORRIO
Despensa,"Conservas, aceites y condimentos",Judías Verdes Extra Finas 345 Gr,"6,64 € / 1 Kg","2,29 €",CELORRIO
Despensa,"Conservas, aceites y condimentos",Berberechos al Natural XS 63 Gr,"47,46 € / 1 Kg","2,99 €",CONSUM
Despensa,"Conservas, aceites y condimentos",Caracoles de Mar al Natural 63 Gr,"47,46 € / 1 Kg","2,99 €",CONSUM
Despensa,"Conservas, aceites y condimentos",Filetes de Caballa de Andalucía Ac.Girasol 80 Gr,"24,88 € / 1 Kg","1,99 €",PESASUR
Despensa,"Conservas, aceites y condimentos","Ventresca de Bonito en Aceite de Oliva 72,5 Gr","89,52 € / 1 Kg","6,49 €",CABO PEÑAS
Despensa,"Conservas, aceites y condimentos",Atún Claro en Aceite de Girasol 82 Gr,"31,10 € / 1 Kg","2,55 €",ALBO
Despensa,"Conservas, aceites y condimentos",Mejillones en Salsa Brava 13/18 63 Gr,"34,13 € / 1 Kg","2,15 €",CONSUM
Despensa,"Conservas, aceites y condimentos",Mejillones a la Vinagreta 13/18 Piezas 63 Gr,"34,13 € / 1 Kg","2,15 €",CONSUM
Despensa,"Conservas, aceites y condimentos",Filetes de Melva en Aceite de Oliva 78 Gr,"26,79 € / 1 Kg","2,09 €",CONSUM
Despensa,"Conservas, aceites y condimentos",Almejas Blancas al Natural 63 Gr,"47,46 € / 1 Kg","2,99 €",CONSUM
Despensa,"Conservas, aceites y condimentos",Almejones al Natural 63 Gr,"23,65 € / 1 Kg","1,49 €",CONSUM
Despensa,"Conservas, aceites y condimentos",Salsa Ligera 400 ml,"5,13 € / 1 L","2,05 €",YBARRA
Despensa,"Conservas, aceites y condimentos",Vinagre de Manzana Sin Filtrar 500 ml,"3,40 € / 1 L","1,70 €",V.RIOJANAS
Despensa,"Conservas, aceites y condimentos",Aceite de Oliva Sin Filtrar 250 ml,"13,96 € / 1 L","3,49 €",AIRES
Despensa,"Conservas, aceites y condimentos",Lunch Bowl de Zanahoria Garbanzos-Maíz-Quinoa 250 Gr,"11,96 € / 1 Kg","2,99 €",BONDUELLE
Despensa,"Conservas, aceites y condimentos",Spray Aceite de Oliva Virgen Extra 200 ml,"19,95 € / 1 L","3,99 €",LA ESPAÑOLA
Despensa,"Conservas, aceites y condimentos",Spray Aceite de Oliva Virgen Extra a la Trufa 200 ml,"19,95 € / 1 L","3,99 €",LA ESPAÑOLA
Despensa,"Conservas, aceites y condimentos",Mejillón en Escabeche 8/12 Piezas 69 Gr,"43,33 € / 1 Kg","2,99 €",FRISCOS
Despensa,"Conservas, aceites y condimentos",Salero Sal Baja en Sodio 250 Gr,"9,00 € / 1 Kg","2,25 €",CHALUPA
Despensa,"Conservas, aceites y condimentos",Mejillones al Natural 13/18 Piezas 69 Gr,"28,84 € / 1 Kg","1,99 €",GALICA
Despensa,"Conservas, aceites y condimentos",Alcachofas 6/8 Lata 240 Gr,"11,04 € / 1 Kg","2,65 €",CYNARA
Despensa,"Conservas, aceites y condimentos",Cuartos de Alcachofa Lata 240 Gr,"9,79 € / 1 Kg","2,35 €",CYNARA
Despensa,"Conservas, aceites y condimentos",Alcachofas 8/12 Frasco 175 Gr,"13,43 € / 1 Kg","2,35 €",CYNARA
Despensa,"Conservas, aceites y condimentos",Alcachofas 10/12 Frasco 175 Gr,"18,00 € / 1 Kg","3,15 €",CYNARA
Despensa,"Conservas, aceites y condimentos",Set Monodosis Aceite Vinagre Sal 15 U,"0,13 € / 1 U","1,99 €",CAPRICHO
Despensa,"Conservas, aceites y condimentos",Salsa Allipebre Tarro 290 Gr,"12,03 € / 1 Kg","3,49 €",SAMARE
Despensa,"Desayuno, dulces y café",Harina de Trigo Paquete 1 Kg,"1,15 € / 1 Kg","1,39 €
1,15 €",GALLO
Despensa,"Desayuno, dulces y café",Chocolate a la Taza Brik 1 L,"2,30 € / 1 L","2,60 €
2,30 €",RAM
Despensa,"Desayuno, dulces y café",Galletas Creme Tropical 800 Gr,"3,69 € / 1 Kg","3,45 €
2,95 €",GULLON
Despensa,"Desayuno, dulces y café",Salvado All Bran 375 Gr,"9,84 € / 1 Kg","3,69 €",KELLOGG'S
Despensa,"Desayuno, dulces y café",Chocolate Puro con Almendras 250 Gr,"13,80 € / 1 Kg","3,90 €
3,45 €",VALOR
Despensa,"Desayuno, dulces y café",Cacao Instantáneo 390 Gr,"8,44 € / 1 Kg","3,29 €",NESQUIK
Despensa,"Desayuno, dulces y café",Cafe Soluble Natural Tarro 100 Gr,"39,90 € / 1 Kg","4,30 €
3,99 €",NESCAFE
Despensa,"Desayuno, dulces y café",Café Descafeinado Soluble 100 Gr,"39,90 € / 1 Kg","4,30 €
3,99 €",NESCAFE
Despensa,"Desayuno, dulces y café",Café Molido Natural 250 Gr,"13,80 € / 1 Kg","3,45 €",MARCILLA
Despensa,"Desayuno, dulces y café",Café Molido Mezcla 50/50 250 Gr,"13,80 € / 1 Kg","3,45 €",MARCILLA
Despensa,"Desayuno, dulces y café",Valencianas 12 Unidades 350 Gr,"5,11 € / 1 Kg","2,29 €
1,79 €",DULCESOL
Despensa,"Desayuno, dulces y café",Cacao en Polvo a la Taza 500 Gr,"5,50 € / 1 Kg","3,25 €
2,75 €",VALOR
Despensa,"Desayuno, dulces y café",Chocolate con Leche y Almendras 250 Gr,"13,80 € / 1 Kg","3,90 €
3,45 €",VALOR
Despensa,"Desayuno, dulces y café",Turrón Viena Pack de 6 6 x 30 Gr,"7,50 € / 1 Kg","1,50 €
1,35 €",MEIVEL
Despensa,"Desayuno, dulces y café",Galleta Chips Chocolate sin Azúcares 125 Gr,"12,40 € / 1 Kg","2,05 €
1,55 €",GULLON ZERO
Despensa,"Desayuno, dulces y café",Galletas Fibra sin Azúcares 170 Gr,"9,12 € / 1 Kg","2,05 €
1,55 €",GULLON ZERO
Despensa,"Desayuno, dulces y café",Café 100% Colombia Molido 250 Gr,"13,56 € / 1 Kg","4,05 €
3,39 €",VALIENTE
Despensa,"Desayuno, dulces y café",Galletas María Pack de 4 4 x 200 Gr,"1,94 € / 1 Kg","1,60 €
1,55 €",CONSUM
Despensa,"Desayuno, dulces y café",Galletas Doradas Pack de 4 4 x 200 Gr,"1,94 € / 1 Kg","1,60 €
1,55 €",CONSUM
Despensa,"Desayuno, dulces y café",Galleta Maria Integral 800 Gr,"2,00 € / 1 Kg","1,65 €
1,60 €",CONSUM
Despensa,"Desayuno, dulces y café",Galleta María sin Azúcares 400 Gr,"5,38 € / 1 Kg","2,65 €
2,15 €",GULLON ZERO
Despensa,"Desayuno, dulces y café",Magdalenas Redondas 615 Gr,"3,41 € / 1 Kg","2,19 €
2,10 €",CONSUM
Despensa,"Desayuno, dulces y café",Ensaimadas 6 Unidades 220 Gr,"4,32 € / 1 Kg","1,15 €
0,95 €",CONSUM
Despensa,"Desayuno, dulces y café",Galletas Digestive 800 Gr,"2,19 € / 1 Kg","1,80 €
1,75 €",CONSUM
Despensa,"Desayuno, dulces y café",Bizcochitos All Bran Cereales 6U 240 Gr,"16,63 € / 1 Kg","3,99 €",KELLOGG'S
Despensa,"Desayuno, dulces y café",Galletas Digestive Avena con Chocolate 425 Gr,"4,12 € / 1 Kg","2,19 €
1,75 €",GULLON
Despensa,"Desayuno, dulces y café",Galletas de Cacao Rellenas de Crema 154 Gr,"7,73 € / 1 Kg","1,45 €
1,19 €",OREO
Despensa,"Desayuno, dulces y café",Chocolate Relleno Caramelo 100 Gr,"12,90 € / 1 Kg","1,55 €
1,29 €",MILKA
Despensa,"Desayuno, dulces y café",Cacao Puro en Polvo sin Azúcar 250 Gr,"17,16 € / 1 Kg","4,29 €",VALOR
Despensa,"Desayuno, dulces y café",Chocolate con Oreo 100 Gr,"12,90 € / 1 Kg","1,55 €
1,29 €",MILKA
Despensa,"Desayuno, dulces y café",Mermelada Fresa de Temporada 350 Gr,"8,54 € / 1 Kg","2,99 €",HERO
Despensa,"Desayuno, dulces y café",Galleta Dinosaurus 329 Gr,"7,56 € / 1 Kg","2,89 €
2,49 €",ARTIACH
Despensa,"Desayuno, dulces y café",Mermelada de Higos De Temporada 350 Gr,"8,54 € / 1 Kg","2,99 €",HERO
Despensa,"Desayuno, dulces y café",Kinder Bueno 2 Unidades Pack 3 135 Gr,"22,15 € / 1 Kg","2,99 €",KINDER
Despensa,"Desayuno, dulces y café",Jengibre Con Limón 20 Bolsitas 20 U,"0,11 € / 1 U","2,50 €
2,09 €",POMPADOUR
Despensa,"Desayuno, dulces y café",Donuts Glace 4 Unidades 208 Gr,"13,70 € / 1 Kg","2,85 €",DONUTS
Despensa,"Desayuno, dulces y café",Cereales Lion Caramelo y Chocolate 400 Gr,"8,48 € / 1 Kg","3,99 €
3,39 €",NESTLE
Despensa,"Desayuno, dulces y café",Harina de Repostería Paquete 1 Kg,"1,35 € / 1 Kg","1,63 €
1,35 €",GALLO
Despensa,"Desayuno, dulces y café",Kinder Bueno White 2 Unidades Pack 3 117 Gr,"25,56 € / 1 Kg","2,99 €",KINDER
Despensa,"Desayuno, dulces y café","Kit Kat Pack de 9 Barritas 9 x 20,7 Gr","12,29 € / 1 Kg","2,99 €
2,29 €",NESTLE
Despensa,"Desayuno, dulces y café",Cereales Chocapic 500 Gr,"5,98 € / 1 Kg","3,59 €
2,99 €",NESTLE
Despensa,"Desayuno, dulces y café",Chocolate Líquido a la Taza Brik 1 L,"2,20 € / 1 L","2,30 €
2,20 €",CONSUM
Despensa,"Desayuno, dulces y café",Té Verde con Jengibre Sabor Naranja 20 U,"0,11 € / 1 U","2,50 €
2,09 €",POMPADOUR
Despensa,"Desayuno, dulces y café",Café Soluble Natural Vitalissimo 200 Gr,"29,45 € / 1 Kg","6,95 €
5,89 €",NESCAFE
Despensa,"Desayuno, dulces y café",Chocolate con Leche Extrafino Pack 3 x 125 Gr,"7,97 € / 1 Kg","3,89 €
2,99 €",NESTLE
Despensa,"Desayuno, dulces y café",Chocolate Extrafino Avellanas 123 Gr,"10,16 € / 1 Kg","1,69 €
1,25 €",NESTLE
Despensa,"Desayuno, dulces y café",Chocolate Extrafino con Almendras 123 Gr,"10,16 € / 1 Kg","1,69 €
1,25 €",NESTLE
Despensa,"Desayuno, dulces y café",Galleta Rellena de Crema Golden 154 Gr,"8,76 € / 1 Kg","1,55 €
1,35 €",OREO
Despensa,"Desayuno, dulces y café",Galleta Dorada al Horno sin Azúcares 330 Gr,"8,33 € / 1 Kg","3,25 €
2,75 €",GULLON ZERO
Despensa,"Desayuno, dulces y café",Galletas de Cacao Rellenas de Crema 220 Gr,"8,59 € / 1 Kg","2,25 €
1,89 €",OREO
Despensa,"Desayuno, dulces y café",Donuts Bombón 4 Unidades 220 Gr,"13,41 € / 1 Kg","2,95 €",DONUTS
Despensa,"Desayuno, dulces y café",Galletas Digestive sin Azúcares 400 Gr,"4,98 € / 1 Kg","2,65 €
1,99 €",GULLON ZERO
Despensa,"Desayuno, dulces y café",Galletas Campurrianas Caja 466 Gr,"6,42 € / 1 Kg","2,99 €",CUETARA
Despensa,"Desayuno, dulces y café",Galleta de Cacao Rellena con Doble Crema 185 Gr,"8,92 € / 1 Kg","1,95 €
1,65 €",OREO
Despensa,"Desayuno, dulces y café",Galleta Sandwich Chocolate sin Azúcares 250 Gr,"6,20 € / 1 Kg","2,05 €
1,55 €",GULLON ZERO
Despensa,"Desayuno, dulces y café",Galleta Animals Tostada 600 Gr,"2,66 € / 1 Kg","1,70 €
1,60 €",CONSUM KIDS
Despensa,"Desayuno, dulces y café",Medallones Queso Cabra 200 Gr,"14,90 € / 1 Kg","3,32 €
2,98 €",PRESIDENT
Despensa,"Desayuno, dulces y café","Cacao Instantáneo Caja 2,7 Kg","4,44 € / 1 Kg","13,45 €
11,99 €",NESQUIK
Despensa,"Desayuno, dulces y café",Harina de Fuerza Paquete 1 Kg,"1,49 € / 1 Kg","1,78 €
1,49 €",GALLO
Despensa,"Desayuno, dulces y café",Galletas Mini de Cacao Rellenas de Crema 160 Gr,"10,31 € / 1 Kg","1,99 €
1,65 €",OREO
Despensa,"Desayuno, dulces y café",Cereales Krave Chocolate-Avellana 375 Gr,"8,76 € / 1 Kg","4,25 €
3,59 €",KELLOGG'S
Despensa,"Desayuno, dulces y café",Cereales Fitness Con Chocolate Negro 375 Gr,"7,60 € / 1 Kg","3,49 €
2,85 €",NESTLE
Despensa,"Desayuno, dulces y café",Flakes de Avena 550 Gr,"5,91 € / 1 Kg","3,25 €",OATIBIX
Despensa,"Desayuno, dulces y café",Mini Galletas Sin Gluten Hookies Sharkies 250 Gr,"9,40 € / 1 Kg","2,89 €
2,35 €",GULLON
Despensa,"Desayuno, dulces y café",Galleta Digestive Avena Naranja 425 Gr,"4,12 € / 1 Kg","2,19 €
1,75 €",GULLON
Despensa,"Desayuno, dulces y café",Crema de Cacao 0% Azúcar 180 Gr,"13,27 € / 1 Kg","2,85 €
2,39 €",NOCILLA
Despensa,"Desayuno, dulces y café",Cereales Frosties 400 Gr,"8,48 € / 1 Kg","3,99 €
3,39 €",KELLOGG'S
Despensa,"Desayuno, dulces y café",Smacks Trigo Inflado 400 Gr,"8,48 € / 1 Kg","3,99 €
3,39 €",KELLOGG'S
Despensa,"Desayuno, dulces y café",Jengibre con Mango 20 Bolsitas 20 U,"0,11 € / 1 U","2,50 €
2,09 €",POMPADOUR
Despensa,"Desayuno, dulces y café",Preparado para hornear 5 Sobres 80 Gr,"24,88 € / 1 Kg","2,25 €
1,99 €",ROYAL
Despensa,"Desayuno, dulces y café",Cereales Estrellitas 270 Gr,"7,37 € / 1 Kg","2,69 €
1,99 €",NESTLE
Despensa,"Desayuno, dulces y café",Café Blonde Espresso 10 Cápsulas 10 U,"0,43 € / 1 U","4,25 €",STARBUCKS
Despensa,"Desayuno, dulces y café",Café Pike Place Lungo 10 Cápsulas 10 U,"0,43 € / 1 U","4,25 €",STARBUCKS
Despensa,"Desayuno, dulces y café",Café Espresso Roast Descafeinado 10 U,"0,43 € / 1 U","4,25 €",STARBUCKS
Despensa,"Desayuno, dulces y café",Café Espresso Roast Dark 10 U,"0,43 € / 1 U","4,25 €",STARBUCKS
Despensa,"Desayuno, dulces y café","Cacao Soluble Caja Más Regalo 2,5 Kg","6,00 € / 1 Kg","15,99 €
14,99 €",COLA CAO
Despensa,"Desayuno, dulces y café",Donuts Fondant 4 Unidades 228 Gr,"12,94 € / 1 Kg","2,95 €",
Despensa,"Desayuno, dulces y café",Mermelada Melocotón de Temporada 350 Gr,"8,54 € / 1 Kg","2,99 €",HERO
Despensa,"Desayuno, dulces y café",Café Espreso Colombia 10 U,"0,43 € / 1 U","4,25 €",STARBUCKS
Despensa,"Desayuno, dulces y café",Cafe Espreso House Blend 10 U,"0,43 € / 1 U","4,25 €",STARBUCKS
Despensa,"Desayuno, dulces y café",Café Espreso Verona 10 U,"0,43 € / 1 U","4,25 €",STARBUCKS
Despensa,"Desayuno, dulces y café",Bizcochos Naranja sin az. añadidos y Sin Leche 500 Gr,"6,64 € / 1 Kg","2,99 €",LALY
Despensa,"Desayuno, dulces y café",Barquillo Sabor Vainilla sin Azúcares 180 Gr,"8,61 € / 1 Kg","2,05 €
1,55 €",GULLON ZERO
Despensa,"Desayuno, dulces y café",Barquillo Chocolate sin Azúcares 180 Gr,"8,61 € / 1 Kg","2,05 €
1,55 €",GULLON ZERO
Despensa,"Desayuno, dulces y café",Chocolate Blanco con Galleta Oreo 100 Gr,"12,90 € / 1 Kg","1,55 €
1,29 €",MILKA
Despensa,"Desayuno, dulces y café",Crema Cacao Chocoleche 0% Azúcar 180 Gr,"13,27 € / 1 Kg","2,85 €
2,39 €",NOCILLA
Despensa,"Desayuno, dulces y café",Manzanilla 20 Bolsitas 20 U,"0,03 € / 1 U","0,60 €
0,55 €",CONSUM
Despensa,"Desayuno, dulces y café",Tortitas Panquecas 280 Gr,"8,90 € / 1 Kg","2,95 €
2,49 €",PASQUIER
Despensa,"Desayuno, dulces y café",Infusión Digest 20 Bolsitas 20 U,"0,06 € / 1 U","1,10 €
1,05 €",CONSUM
Despensa,"Desayuno, dulces y café",Cookies Nocilla Crema Leche 120 Gr,"16,25 € / 1 Kg","2,29 €
1,95 €",NOCILLA
Despensa,"Desayuno, dulces y café",Cookies Nocilla Original 120 Gr,"16,25 € / 1 Kg","2,29 €
1,95 €",NOCILLA
Despensa,"Desayuno, dulces y café",Copos Avena Integral Ecológicos 500 Gr,"4,50 € / 1 Kg","2,49 €
2,25 €",CONSUM ECO
Despensa,"Desayuno, dulces y café",Jengibre con Cúrcuma 20 Bolsitas 20 U,"0,11 € / 1 U","2,50 €
2,09 €",POMPADOUR
Despensa,"Desayuno, dulces y café","Levadura Panadería 5 Unidades 27,5 Gr","7,82 € / 100 Gr","2,15 €",ROYAL
Despensa,"Desayuno, dulces y café",Galletas Animals Kids 330 Gr,"4,97 € / 1 Kg","1,69 €
1,64 €",CONSUM
Despensa,"Desayuno, dulces y café",Donettes Clásicos 8 Unidades 152 Gr,"17,43 € / 1 Kg","2,65 €",DONUTS
Despensa,"Desayuno, dulces y café",Brownies de Chocolate 90 Calorías 150 Gr,"18,33 € / 1 Kg","3,15 €
2,75 €",FIBRE ONE
Despensa,"Desayuno, dulces y café",Barrita Cereales Crunchy Avena y Miel Pack 5 210 Gr,"9,47 € / 1 Kg","2,59 €
1,99 €",NAT.VALLEY
Despensa,"Desayuno, dulces y café",Barrita Cereales Crunchy Avena y Choco Negro P.5 210 Gr,"9,47 € / 1 Kg","2,59 €
1,99 €",NAT.VALLEY
Despensa,"Desayuno, dulces y café",Barrita Cereales Protein Cacahuete y Chocolate 160 Gr,"20,31 € / 1 Kg","3,69 €
3,25 €",NAT.VALLEY
Despensa,"Desayuno, dulces y café",Galletas Cookies con pepitas de chocolate 225gr,"5,11 € / 1 Kg","1,20 €
1,15 €",CONSUM
Despensa,"Desayuno, dulces y café",Mini Magdalenas con Pepitas Chocolate 190 Gr,"15,74 € / 1 Kg","2,99 €",BAKERY
Despensa,"Desayuno, dulces y café",Cereales Choco Krispies Chocos 420 Gr,"8,07 € / 1 Kg","3,99 €
3,39 €",KELLOGG'S
Despensa,"Desayuno, dulces y café",Trigo Integral Miel 375 Gr,"4,77 € / 1 Kg","2,25 €
1,79 €",ESGIR
Despensa,"Desayuno, dulces y café",Crema Cacao Noir Vaso Cristal 180 Gr,"13,27 € / 1 Kg","2,85 €
2,39 €",NOCILLA
Despensa,"Desayuno, dulces y café",Confitura Naranja Amarga de Temporada 365 Gr,"8,19 € / 1 Kg","2,99 €",HERO
Despensa,"Desayuno, dulces y café",Mermelada de Cereza de Temporada 350 Gr,"8,54 € / 1 Kg","2,99 €",HERO
Despensa,"Desayuno, dulces y café",Galleta Mini Cookies 110 Gr,"18,09 € / 1 Kg","1,99 €",MILKA
Despensa,"Desayuno, dulces y café",Galleta Mini Crunchy Bites 110 Gr,"18,09 € / 1 Kg","1,99 €",OREO
Despensa,"Desayuno, dulces y café",Cafe Molido Crema e Gusto 250 Gr,"10,36 € / 1 Kg","3,49 €
2,59 €",LAVAZZA
Despensa,"Desayuno, dulces y café",Café Grano Colombia 500 Gr,"15,98 € / 1 Kg","9,50 €
7,99 €",BONKA
Despensa,"Desayuno, dulces y café",Café Guatemala 10 Cápsulas 10 U,"0,43 € / 1 U","4,25 €",STARBUCKS
Despensa,"Desayuno, dulces y café",Jengibre Puro 20 Bolsitas 20 U,"0,11 € / 1 U","2,50 €
2,09 €",POMPADOUR
Despensa,"Desayuno, dulces y café",Galleta Cookies & Cream 120 Gr,"16,25 € / 1 Kg","2,29 €
1,95 €",NOCILLA
Despensa,"Desayuno, dulces y café",Galleta de Cacao Rellena Frambuesa y Vainilla 157 Gr,"8,22 € / 1 Kg","1,49 €
1,29 €",OREO REMIX
Despensa,"Desayuno, dulces y café",Crema Untar Cookies & Cream 180 Gr,"13,27 € / 1 Kg","2,85 €
2,39 €",NOCILLA
Despensa,"Desayuno, dulces y café",Sandwich Chocolate sin Gluten 225 Gr,"12,84 € / 1 Kg","2,89 €",GULLON
Despensa,"Desayuno, dulces y café","Muffin Chocolate Sin GLuten, 5 Unidades 225 Gr","12,85 € / 1 Kg","3,39 €
2,89 €",SCHÄR
Despensa,"Desayuno, dulces y café",Crema de Cacao Original 620 Gr,"7,40 € / 1 Kg","5,45 €
4,59 €",NOCILLA
Despensa,"Desayuno, dulces y café",Galleta Tosta Rica Oceanix 400 Gr,"7,50 € / 1 Kg","3,99 €
3,00 €",CUETARA
Despensa,"Desayuno, dulces y café",Infusión Curcuma Canela y Vainilla 20Bolsita 20 U,"0,11 € / 1 U","2,50 €
2,09 €",POMPADOUR
Despensa,"Desayuno, dulces y café",Cereales Choco Chips Sin Gluten 500 Gr,"3,18 € / 1 Kg","1,85 €
1,59 €",CERIDÉS
Despensa,"Desayuno, dulces y café",Cafe Intenso 20 Cápsulas 20 U,"0,18 € / 1 U","3,60 €
3,50 €",CONSUM
Despensa,"Desayuno, dulces y café",Café Extra Intenso 20 Cápsulas 20 U,"0,18 € / 1 U","3,60 €
3,50 €",CONSUM
Despensa,"Desayuno, dulces y café",Café Ristretto 20 cápsulas 20 U,"0,18 € / 1 U","3,60 €
3,50 €",CONSUM
Despensa,"Desayuno, dulces y café",Café Colombia 20 Cápsulas 20 U,"0,18 € / 1 U","3,65 €
3,55 €",CONSUM
Despensa,"Desayuno, dulces y café",Galleta Dinosaurus Chocolate Blanco 264 Gr,"11,33 € / 1 Kg","2,99 €",ARTIACH
Despensa,"Desayuno, dulces y café",Galleta Dinosaurus Chocolate con Leche 255 Gr,"11,73 € / 1 Kg","2,99 €",ARTIACH
Despensa,"Desayuno, dulces y café",Café Descafeinado 20 cápsulas 20 U,"0,18 € / 1 U","3,60 €
3,50 €",CONSUM
Despensa,"Desayuno, dulces y café",Galleta Mini Wafers 110 Gr,"17,73 € / 1 Kg","1,95 €",MILKA
Despensa,"Desayuno, dulces y café",Barrita de Cereales Chocolate con Leche 138 Gr,"9,35 € / 1 Kg","1,55 €
1,29 €",JOE'S FARM
Despensa,"Desayuno, dulces y café",Café Puro Arábica Espresso 10 Cápsulas 10 U,"0,32 € / 1 U","3,19 €",MARCILLA
Despensa,"Desayuno, dulces y café",Café Puro Arábica Colombia 10 Cápsulas 10 U,"0,32 € / 1 U","3,19 €",MARCILLA
Despensa,"Desayuno, dulces y café",Filipino Chocolate Blanco 128 Gr,"10,94 € / 1 Kg","1,40 €",ARTIACH
Despensa,"Desayuno, dulces y café",Filipino Chocolate Negro 128 Gr,"10,94 € / 1 Kg","1,40 €",ARTIACH
Despensa,"Desayuno, dulces y café",Cacao Instantáneo Bolsa 1 Kg,"5,99 € / 1 Kg","5,99 €",NESQUIK
Despensa,"Desayuno, dulces y café",Café Express Molido Mezcla 250 Gr,"15,96 € / 1 Kg","3,99 €",MARCILLA
Despensa,"Desayuno, dulces y café",Café Creme Express Molido Descafeinado 250 Gr,"15,96 € / 1 Kg","3,99 €",MARCILLA
Despensa,"Desayuno, dulces y café",Chocolate en Polvo 250 Gr,"4,60 € / 1 Kg","1,15 €",MEIVEL
Despensa,"Desayuno, dulces y café",Café Molido Descafeinado 250 Gr,"15,16 € / 1 Kg","3,79 €",BONKA
Despensa,"Desayuno, dulces y café",Café Molido Natural 250 Gr,"11,96 € / 1 Kg","2,99 €",BONKA
Despensa,"Desayuno, dulces y café",Poleo Menta 25 Bolsitas 25 U,"0,09 € / 1 U","2,15 €",POMPADOUR
Despensa,"Desayuno, dulces y café",Manzanilla con Anis 25 Bolsitas 25 U,"0,09 € / 1 U","2,15 €",POMPADOUR
Despensa,"Desayuno, dulces y café",Tila 25 Bolsitas 25 U,"0,09 € / 1 U","2,15 €",POMPADOUR
Despensa,"Desayuno, dulces y café",Café Molido Mezcla 70/30 250 Gr,"11,96 € / 1 Kg","2,99 €",BONKA
Despensa,"Desayuno, dulces y café",Chocolate Puro 300 Gr,"12,67 € / 1 Kg","3,80 €",VALOR
Despensa,"Desayuno, dulces y café",Bombones Caja Roja 400 Gr,"28,73 € / 1 Kg","11,49 €",NESTLE
Despensa,"Desayuno, dulces y café",Cafe Soluble Natural Tarro 200 Gr,"33,25 € / 1 Kg","6,65 €",NESCAFE
Despensa,"Desayuno, dulces y café",Café Descafeinado Soluble 200 Gr,"33,25 € / 1 Kg","6,65 €",NESCAFE
Despensa,"Desayuno, dulces y café",Huevo Kinder Sorpresa Unidad 20 Gr,"6,50 € / 100 Gr","1,30 €",KINDER
Despensa,"Desayuno, dulces y café",Preparado de Cuajada 4 Sobres 48 Gr,"3,02 € / 100 Gr","1,45 €",ROYAL
Despensa,"Desayuno, dulces y café",Flan de Vainilla 8 Unidades 186 Gr,"9,68 € / 1 Kg","1,80 €",ROYAL
Despensa,"Desayuno, dulces y café",Café Descafeinado Soluble 20 Gr,"6,50 € / 100 Gr","1,30 €",NESCAFE
Despensa,"Desayuno, dulces y café",Galletas la Buena Maria 800 Gr,"4,13 € / 1 Kg","3,30 €",FONTANEDA
Despensa,"Desayuno, dulces y café",Chocolate Crujiente 100 Gr,"16,90 € / 1 Kg","1,69 €",CRUNCH
Despensa,"Desayuno, dulces y café",Manzanilla 25 Bolsitas 25 U,"0,09 € / 1 U","2,15 €",POMPADOUR
Despensa,"Desayuno, dulces y café",Huesitos Multipack 10 Unidades 10 x 20 Gr,"12,25 € / 1 Kg","2,45 €",HUESITOS
Despensa,"Desayuno, dulces y café","Kit Kat Pack de 3 3 x 41,5 Gr","17,27 € / 1 Kg","2,15 €",NESTLE
Despensa,"Desayuno, dulces y café",Bombones Caja Roja 200 Gr,"31,45 € / 1 Kg","6,29 €",NESTLE
Despensa,"Desayuno, dulces y café",Kinder Bueno 43 Gr,"2,67 € / 100 Gr","1,15 €",KINDER
Despensa,"Desayuno, dulces y café",Chocolate 70% Cacao Excellence 100 Gr,"32,50 € / 1 Kg","3,25 €",LINDT
Despensa,"Desayuno, dulces y café",Confitura Diet Arándano y Frambuesa 280 Gr,"10,68 € / 1 Kg","2,99 €",HERO
Despensa,"Desayuno, dulces y café",Gelatina Neutra 20 Gr,"11,25 € / 100 Gr","2,25 €",ROYAL
Despensa,"Desayuno, dulces y café",Caramelos con Palo Bolsa 10 Unidades 120 Gr,"13,75 € / 1 Kg","1,65 €",CHUPA-CHUPS
Despensa,"Desayuno, dulces y café",Caramelos Toffe 135 Gr,"14,44 € / 1 Kg","1,95 €",WERTHERS
Despensa,"Desayuno, dulces y café",Chocoswing Galleta 300 Gr,"11,67 € / 1 Kg","3,50 €",MILKA
Despensa,"Desayuno, dulces y café",Cacao Soluble 6 Raciones Individuales 108 Gr,"23,06 € / 1 Kg","2,49 €",COLA CAO
Despensa,"Desayuno, dulces y café",Hojas de Boldo 20 Bolsitas 20 U,"0,13 € / 1 U","2,50 €",POMPADOUR
Despensa,"Desayuno, dulces y café",Infusion de Hinojo 20 Bolsitas 20 U,"0,13 € / 1 U","2,50 €",POMPADOUR
Despensa,"Desayuno, dulces y café",Fartons Tradicionales Paquete 6 Unidades.120 Gr,"10,83 € / 1 Kg","1,30 €",POLO
Despensa,"Desayuno, dulces y café",Confitura Diet Melocotón 280 Gr,"9,61 € / 1 Kg","2,69 €",HERO
Despensa,"Desayuno, dulces y café",Malta Molida 500 Gr,"3,50 € / 1 Kg","1,75 €",MIGUELETE
Despensa,"Desayuno, dulces y café","Gasificante Especial Para Bollería 39,5 Gr","1,39 € / 100 Gr","0,55 €",LA BANDERA
Despensa,"Desayuno, dulces y café",Galletas Artinata 210 Gr,"12,14 € / 1 Kg","2,55 €",ARTIACH
Despensa,"Desayuno, dulces y café",Té Verde 25 Bolsitas 25 U,"0,10 € / 1 U","2,50 €",POMPADOUR
Despensa,"Desayuno, dulces y café",Chocolate 85% Cacao Excellence 100 Gr,"32,50 € / 1 Kg","3,25 €",LINDT
Despensa,"Desayuno, dulces y café","Chicles Stick Sabor Hierbabuena 13,5 Gr","7,04 € / 100 Gr","0,95 €",TRIDENT
Despensa,"Desayuno, dulces y café",Minibollycao Bolsa 6 Unidades 90 Gr,"18,33 € / 1 Kg","1,65 €",BOLLYCAO
Despensa,"Desayuno, dulces y café",Galletas Mini con Gotas de Chocolate 160 Gr,"12,44 € / 1 Kg","1,99 €",CHIPS AHOY
Despensa,"Desayuno, dulces y café",Azúcar Blanco Paquete 1 Kg,"1,45 € / 1 Kg","1,45 €",AZUCARERA
Despensa,"Desayuno, dulces y café",Café Creme Express Molido 250 Gr,"15,96 € / 1 Kg","3,99 €",MARCILLA
Despensa,"Desayuno, dulces y café",Muesli sin Azúcar 560 Gr,"8,73 € / 1 Kg","4,89 €",ALPEN
Despensa,"Desayuno, dulces y café",Café Natural Molido Solidario 250 Gr,"13,40 € / 1 Kg","3,35 €",OXFAM
Despensa,"Desayuno, dulces y café",Galletas Fibra 185 Gr,"10,54 € / 1 Kg","1,95 €",FLORA
Despensa,"Desayuno, dulces y café",Chocolate Extrafino Lacasitos 100 Gr,"16,90 € / 1 Kg","1,69 €",LACASA
Despensa,"Desayuno, dulces y café",Galletas Integrales Marie Lu 520 Gr,"6,44 € / 1 Kg","3,35 €",FONTANEDA
Despensa,"Desayuno, dulces y café",Special K con Frutas Rojas 300 Gr,"13,97 € / 1 Kg","4,19 €",KELLOGG'S
Despensa,"Desayuno, dulces y café",Rooibos con Vainilla 20 Bolsitas 20 U,"0,14 € / 1 U","2,75 €",POMPADOUR
Despensa,"Desayuno, dulces y café",Café Molido Express 250 Gr,"16,60 € / 1 Kg","4,15 €",VALIENTE
Despensa,"Desayuno, dulces y café",Café Molido Hogar 250 Gr,"14,20 € / 1 Kg","3,55 €",VALIENTE
Despensa,"Desayuno, dulces y café",Cereales Fitness Chocolate con Leche 375 Gr,"9,31 € / 1 Kg","3,49 €",NESTLE
Despensa,"Desayuno, dulces y café",Confitura Tomate 345 Gr,"7,22 € / 1 Kg","2,49 €",HERO
Despensa,"Desayuno, dulces y café",Cafe Soluble Natural 10 Sobres 20 Gr,"6,50 € / 100 Gr","1,30 €",NESCAFE
Despensa,"Desayuno, dulces y café",Infusión Digestive Plus 20 Bolsitas 20 U,"0,14 € / 1 U","2,75 €",POMPADOUR
Despensa,"Desayuno, dulces y café","Chicle Grageado Sabor Hierbabuena 14,5 Gr","6,79 € / 100 Gr","0,95 €",TRIDENT
Despensa,"Desayuno, dulces y café",Miel Milflores Frasco 1 Kg,"4,70 € / 1 Kg","4,70 €",CONSUM
Despensa,"Desayuno, dulces y café",Miel Milflores Dosificador 500 Gr,"6,60 € / 1 Kg","3,30 €",CONSUM
Despensa,"Desayuno, dulces y café",Galletas Tostadas Pack de 4 4 x 200 Gr,"1,94 € / 1 Kg","1,55 €",CONSUM
Despensa,"Desayuno, dulces y café",Mega Sandwich Rellena Chocolate 500 Gr,"2,40 € / 1 Kg","1,20 €",CONSUM
Despensa,"Desayuno, dulces y café",Té 25 Bolsitas 25 U,"0,09 € / 1 U","2,15 €",POMPADOUR
Despensa,"Desayuno, dulces y café",Membrillo 2 x 200 Gr,"3,13 € / 1 Kg","1,25 €",CONSUM
Despensa,"Desayuno, dulces y café",Copos de Maiz 500 Gr,"3,00 € / 1 Kg","1,50 €",CONSUM
Despensa,"Desayuno, dulces y café",Copos Arroz y Trigo 500 Gr,"3,90 € / 1 Kg","1,95 €",CONSUM
Despensa,"Desayuno, dulces y café",Muesli Fruta y Fibra 500 Gr,"4,33 € / 1 Kg","1,95 €",CONSUM
Despensa,"Desayuno, dulces y café",Muesli Crujiente Chocolate 500 Gr,"4,20 € / 1 Kg","2,10 €",CONSUM
Despensa,"Desayuno, dulces y café",Cereales Rellenos Cacao 375 Gr,"4,67 € / 1 Kg","1,75 €",CONSUM KIDS
Despensa,"Desayuno, dulces y café",Café Molido Natural 250 Gr,"7,00 € / 1 Kg","1,75 €",CONSUM
Despensa,"Desayuno, dulces y café",Café Molido Mezcla 250 Gr,"6,60 € / 1 Kg","1,65 €",CONSUM
Despensa,"Desayuno, dulces y café",Café Descafeinado Molido Natural 250 Gr,"6,80 € / 1 Kg","1,70 €",CONSUM
Despensa,"Desayuno, dulces y café",Chocolate Naranja Excellent 100 Gr,"32,50 € / 1 Kg","3,25 €",LINDT
Despensa,"Desayuno, dulces y café",Mermelada Fresa Frasco 410 Gr,"3,78 € / 1 Kg","1,55 €",CONSUM
Despensa,"Desayuno, dulces y café",Mermelada Melocotón Frasco 410 Gr,"3,41 € / 1 Kg","1,40 €",CONSUM
Despensa,"Desayuno, dulces y café",Chocolate con Leche 150 Gr,"7,00 € / 1 Kg","1,05 €",CONSUM
Despensa,"Desayuno, dulces y café",Chocolate Blanco Extrafino 75 Gr,"8,67 € / 1 Kg","0,65 €",CONSUM
Despensa,"Desayuno, dulces y café",Chocolate con Leche con Almendras 150 Gr,"7,67 € / 1 Kg","1,15 €",CONSUM
Despensa,"Desayuno, dulces y café",Chocolate con Avellanas 150 Gr,"7,67 € / 1 Kg","1,15 €",CONSUM
Despensa,"Desayuno, dulces y café",Infusion Duerme Bien 20 Bolsitas 20 U,"0,14 € / 1 U","2,75 €",POMPADOUR
Despensa,"Desayuno, dulces y café",Edulcorante 650 Comprimidos 39 Gr,"2,18 € / 100 Gr","0,85 €",CONSUM
Despensa,"Desayuno, dulces y café",Magdalena Cuadrada 350 Gr,"3,69 € / 1 Kg","1,29 €",CONSUM
Despensa,"Desayuno, dulces y café",Valencianas 12 Unidades 350 Gr,"3,86 € / 1 Kg","1,35 €",CONSUM
Despensa,"Desayuno, dulces y café",Valencianas 24 Unidades 700 Gr,"3,57 € / 1 Kg","2,50 €",CONSUM
Despensa,"Desayuno, dulces y café",Caramelos Cítricos Vita C sin Azúcar 4 x 32 Gr,"20,31 € / 1 Kg","2,60 €",HALLS
Despensa,"Desayuno, dulces y café",Café Expresso Mezcla Molido 250 Gr,"8,80 € / 1 Kg","2,20 €",CONSUM
Despensa,"Desayuno, dulces y café",Croissants Bolsa 350 Gr,"4,29 € / 1 Kg","1,50 €",CONSUM
Despensa,"Desayuno, dulces y café",Pan de Leche 8 Unidades 320 Gr,"4,03 € / 1 Kg","1,29 €",CONSUM
Despensa,"Desayuno, dulces y café",Croissants Rellenos de Chocolate 360 Gr,"4,97 € / 1 Kg","1,79 €",CONSUM
Despensa,"Desayuno, dulces y café",Palmeritas Hojaldre 16 Unidades 180 Gr,"5,28 € / 1 Kg","0,95 €",CONSUM
Despensa,"Desayuno, dulces y café",Cappuccino Cápsulas 8+8 Unidades 8 Do,"0,61 € / 1 Do","4,89 €",DOLCE GUSTO
Despensa,"Desayuno, dulces y café",Café Expresso Cápsulas 16 U,"0,27 € / 1 U","4,25 €",DOLCE GUSTO
Despensa,"Desayuno, dulces y café",Tortas de Anís 400 Gr,"5,25 € / 1 Kg","2,10 €",CONSUM
Despensa,"Desayuno, dulces y café",Cacao Soluble 500 Gr,"4,80 € / 1 Kg","2,40 €",CONSUM
Despensa,"Desayuno, dulces y café",Cacao Soluble 900 Gr,"3,77 € / 1 Kg","3,39 €",CONSUM
Despensa,"Desayuno, dulces y café",Copos de Arroz y Trigo con Chocolate 300 Gr,"5,30 € / 1 Kg","1,59 €",CONSUM
Despensa,"Desayuno, dulces y café",Café Descafeinado Molido 250 Gr,"11,96 € / 1 Kg","2,99 €",VALIENTE
Despensa,"Desayuno, dulces y café",Café Molido Mezcla 250 Gr,"10,20 € / 1 Kg","2,55 €",VALIENTE
Despensa,"Desayuno, dulces y café",Café Molido Natural 250 Gr,"10,20 € / 1 Kg","2,55 €",VALIENTE
Despensa,"Desayuno, dulces y café",Lacasitos Tubo Pack de 4 4 x 20 Gr,"34,88 € / 1 Kg","2,79 €",LACASITOS
Despensa,"Desayuno, dulces y café",Vela de Aniversario Número 1 1 U,"0,75 € / 1 U","0,75 €",ROURA
Despensa,"Desayuno, dulces y café",Café Descafeinado Molido Mezcla 250 Gr,"6,80 € / 1 Kg","1,70 €",CONSUM
Despensa,"Desayuno, dulces y café",Barquillos Rellenos de Chocolate 150 Gr,"4,60 € / 1 Kg","0,69 €",CONSUM
Despensa,"Desayuno, dulces y café",Barquillos Rellenos de Crema Sabor Nata 150 Gr,"4,60 € / 1 Kg","0,69 €",CONSUM
Despensa,"Desayuno, dulces y café",Búlgaros de Chocolate 5 Unidades 175 Gr,"9,09 € / 1 Kg","1,59 €",CONSUM
Despensa,"Desayuno, dulces y café",Chocolate Negro 70% sin Azúcar 125 Gr,"15,92 € / 1 Kg","1,99 €",VALOR
Despensa,"Desayuno, dulces y café",Chocolate Puro y Almendras sin Azúcar 150 Gr,"21,67 € / 1 Kg","3,25 €",VALOR
Despensa,"Desayuno, dulces y café",Compota de Manzana sin Frío Pack de 2 2 x 100 Gr,"7,00 € / 1 Kg","1,40 €",ANELA
Despensa,"Desayuno, dulces y café",Chocolate Negro Postres 200 Gr,"7,25 € / 1 Kg","1,45 €",CONSUM
Despensa,"Desayuno, dulces y café",Chocolate Negro 55% con Almendra 150 Gr,"8,60 € / 1 Kg","1,29 €",CONSUM
Despensa,"Desayuno, dulces y café",Chocolate Relleno Caramelo y Avellana 300 Gr,"13,17 € / 1 Kg","3,95 €",MILKA
Despensa,"Desayuno, dulces y café",Bocaditos 18 Unidades 370 Gr,"4,03 € / 1 Kg","1,49 €",CONSUM
Despensa,"Desayuno, dulces y café",Bocaditos Chocolate 12 Unidades 330 Gr,"4,39 € / 1 Kg","1,45 €",CONSUM
Despensa,"Desayuno, dulces y café",Miel Milflores Panal Dosificador 425 Gr,"15,93 € / 1 Kg","6,77 €",GRANJA S.FCO
Despensa,"Desayuno, dulces y café",Caramelo con Muñeco Más 3 Recambios 26 Gr,"7,88 € / 100 Gr","2,05 €",PEZ
Despensa,"Desayuno, dulces y café",Chocolate con leche y Almendras sin Azúcar 150 Gr,"21,67 € / 1 Kg","3,25 €",VALOR
Despensa,"Desayuno, dulces y café",Chocolate Negro 55% 150 Gr,"7,00 € / 1 Kg","1,05 €",CONSUM
Despensa,"Desayuno, dulces y café",Infusión Delgaxan Plus 20 Bolsitas 20 U,"0,14 € / 1 U","2,75 €",POMPADOUR
Despensa,"Desayuno, dulces y café",Café Cortado Cápsulas 16 U,"0,27 € / 1 U","4,25 €",DOLCE GUSTO
Despensa,"Desayuno, dulces y café",Crema de Cacao 1 Sabor. Bote 500 Gr,"3,90 € / 1 Kg","1,95 €",CONSUM
Despensa,"Desayuno, dulces y café",Chocolate con Leche Extrafino 270 Gr,"10,70 € / 1 Kg","2,89 €",NESTLE
Despensa,"Desayuno, dulces y café",Mermelada Diet Melocotón 280 Gr,"7,11 € / 1 Kg","1,99 €",HELIOS
Despensa,"Desayuno, dulces y café",Crema de Cacao 2 Sabores Bote 500 Gr,"3,90 € / 1 Kg","1,95 €",CONSUM
Despensa,"Desayuno, dulces y café",Café Con Leche Cápsulas 16 U,"0,27 € / 1 U","4,25 €",DOLCE GUSTO
Despensa,"Desayuno, dulces y café",Infusion Cola de Caballo Plus 3 Bolsitas 20 Unid. 20 Do,"0,14 € / 1 Do","2,75 €",POMPADOUR
Despensa,"Desayuno, dulces y café","Chicles Sin Azúcar de Eucalipto en grageas, 10 uds","8,50 € / 100 Gr","1,19 €",ORBIT
Despensa,"Desayuno, dulces y café","Chicles Sin Azúcar de Menta en grageas, 10 uds","8,50 € / 100 Gr","1,19 €",ORBIT
Despensa,"Desayuno, dulces y café","Chicles Sin Azúcar de Hierbabuena en grageas, 10 uds 14gr","8,50 € / 100 Gr","1,19 €",ORBIT
Despensa,"Desayuno, dulces y café","Boomer MaxiRoll Chicle de Fresa en Rollo, 180cm 56 Gr","49,82 € / 1 Kg","2,79 €",BOOMER
Despensa,"Desayuno, dulces y café",Huevo Chocolate con Sorpresa Pack 3 x 20 Gr,"58,17 € / 1 Kg","3,49 €",KINDER
Despensa,"Desayuno, dulces y café",Chicle Fresa en Bolsa 44 Gr,"3,07 € / 100 Gr","1,35 €",TRIDENT
Despensa,"Desayuno, dulces y café",Chicle Menta en Bolsa 44 Gr,"3,07 € / 100 Gr","1,35 €",TRIDENT
Despensa,"Desayuno, dulces y café",Café Expresso Bonka Cápsulas 16 U,"0,31 € / 1 U","4,89 €",DOLCE GUSTO
Despensa,"Desayuno, dulces y café",Infusión Tomillo 20 bolsitas 20 U,"0,13 € / 1 U","2,50 €",POMPADOUR
Despensa,"Desayuno, dulces y café",Caramelo Menta sin Azúcar 3 x 8 Gr,"13,75 € / 100 Gr","3,30 €",SMINT
Despensa,"Desayuno, dulces y café",Cereales Rellenos Crema con Leche 375 Gr,"5,31 € / 1 Kg","1,99 €",CONSUM KIDS
Despensa,"Desayuno, dulces y café",Impulsor repostería 6 sobres de 15gr. 90 Gr,"7,78 € / 1 Kg","0,70 €",CONSUM
Despensa,"Desayuno, dulces y café",Café Soluble Descafeinado Sticks 10 U,"0,11 € / 1 U","1,05 €",CONSUM
Despensa,"Desayuno, dulces y café","Chicles Sin Azúcar de Eucalipto fuerte en grageas, 10 uds 4x14gr","65,89 € / 1 Kg","3,69 €",ORBIT
Despensa,"Desayuno, dulces y café",Cereales Corn Flakes Caja 500 Gr,"6,00 € / 1 Kg","3,00 €",KELLOGG'S
Despensa,"Desayuno, dulces y café",Cortado Descafeinado Cápsulas 16 U,"0,31 € / 1 U","4,89 €",DOLCE GUSTO
Despensa,"Desayuno, dulces y café",Almendra Molida Bolsa 125 Gr,"16,56 € / 1 Kg","2,07 €",CONSUM
Despensa,"Desayuno, dulces y café",Cacao a La Taza Paquete 400 Gr,"4,75 € / 1 Kg","1,90 €",CONSUM
Despensa,"Desayuno, dulces y café",Harina de Trigo Común Paquete 1 Kg,"0,70 € / 1 Kg","0,70 €",RIO
Despensa,"Desayuno, dulces y café",Harina Repostera Paquete 1 Kg,"1,05 € / 1 Kg","1,05 €",RIO
Despensa,"Desayuno, dulces y café",Bizcocho Duro Huevo 300 Gr,"6,30 € / 1 Kg","1,89 €",CORAL
Despensa,"Desayuno, dulces y café",Mermelada Arandano Tarro 340 Gr,"6,47 € / 1 Kg","2,20 €",HELIOS
Despensa,"Desayuno, dulces y café",Chocolate Blanco para Postres 180 Gr,"12,50 € / 1 Kg","2,25 €",NESTLE
Despensa,"Desayuno, dulces y café",Harina de Fuerza Paquete 1 Kg,"0,91 € / 1 Kg","0,91 €",RIO
Despensa,"Desayuno, dulces y café",Magdalena Concha 300 Gr,"5,63 € / 1 Kg","1,69 €",ARENAS
Despensa,"Desayuno, dulces y café",Galleta Mikado con Chocoleche 75 Gr,"26,00 € / 1 Kg","1,95 €",LU
Despensa,"Desayuno, dulces y café",Galleta Choco Flakes 520 Gr,"6,90 € / 1 Kg","3,59 €",CUETARA
Despensa,"Desayuno, dulces y café",Café Descafeinado Mezcla 200 Gr,"18,45 € / 1 Kg","3,69 €",MARCILLA
Despensa,"Desayuno, dulces y café",Café Descafeinado Natural 200 Gr,"18,45 € / 1 Kg","3,69 €",MARCILLA
Despensa,"Desayuno, dulces y café","Bote Chicles Sin Azúcar de Hierbabuena en grageas, 60 uds 84gr","47,50 € / 1 Kg","3,99 €",ORBIT
Despensa,"Desayuno, dulces y café","Bote Chicles Sin Azúcar de Menta en grageas, 60ud 84gr","47,50 € / 1 Kg","3,99 €",ORBIT
Despensa,"Desayuno, dulces y café",Magdalenas Estilo Casero 300 Gr,"8,97 € / 1 Kg","2,69 €",DULCESOL
Despensa,"Desayuno, dulces y café",Galleta Rellena Chocolate Príncipe 300 Gr,"7,00 € / 1 Kg","2,10 €",LU
Despensa,"Desayuno, dulces y café",Té Chai 20 Bolsitas 20 U,"0,14 € / 1 U","2,79 €",HORNIMANS
Despensa,"Desayuno, dulces y café",Chocolate con Chips Ahoy 100 Gr,"15,50 € / 1 Kg","1,55 €",MILKA
Despensa,"Desayuno, dulces y café",Cerezas Grageas 80 Gr,"14,38 € / 1 Kg","1,15 €",FINI
Despensa,"Desayuno, dulces y café",Deli Jelly 80 Gr,"12,38 € / 1 Kg","0,99 €",FINI
Despensa,"Desayuno, dulces y café",Galleta Tosta Rica Caja 570 Gr,"5,26 € / 1 Kg","3,00 €",CUETARA
Despensa,"Desayuno, dulces y café",Kinder Bueno Mini 108 Gr,"23,06 € / 1 Kg","2,49 €",KINDER
Despensa,"Desayuno, dulces y café",Mermelada Tomate Frasco 410 Gr,"3,90 € / 1 Kg","1,60 €",CONSUM
Despensa,"Desayuno, dulces y café",Café Ristretto Ardenza Cápsulas 16 U,"0,31 € / 1 U","4,89 €",DOLCE GUSTO
Despensa,"Desayuno, dulces y café",Lacasitos 150 Gr,"18,60 € / 1 Kg","2,79 €",LACASA
Despensa,"Desayuno, dulces y café",Azucaritos Blancos Caja 300 Gr,"4,67 € / 1 Kg","1,40 €",AZUCARERA
Despensa,"Desayuno, dulces y café","Chicle Hierbabuena Bolsa 43,5 Gr","3,10 € / 100 Gr","1,35 €",TRIDENT
Despensa,"Desayuno, dulces y café",Azucaritos Moreno Caja 300 Gr,"5,17 € / 1 Kg","1,55 €",AZUCARERA
Despensa,"Desayuno, dulces y café",Harina de Maíz Caja 400 Gr,"7,48 € / 1 Kg","2,99 €",MAIZENA
Despensa,"Desayuno, dulces y café",Barrita Nesquik 6U 150 Gr,"19,93 € / 1 Kg","2,99 €",NESTLE
Despensa,"Desayuno, dulces y café",Caramelo Balsámico Eucalipto 200 Gr,"8,25 € / 1 Kg","1,65 €",PICTOLIN
Despensa,"Desayuno, dulces y café",Caramelo Balsámico Eucalipto sin Azúcar 150 Gr,"12,33 € / 1 Kg","1,85 €",PICTOLIN
Despensa,"Desayuno, dulces y café",Mermelada Diet Frambuesa 280 Gr,"10,68 € / 1 Kg","2,99 €",VIEJA FABRIC
Despensa,"Desayuno, dulces y café",Mermelada Diet Naranja Amarga 290 Gr,"9,62 € / 1 Kg","2,79 €",VIEJA FABRIC
Despensa,"Desayuno, dulces y café",Cereales All-Bran Chocolate Caja 375 Gr,"9,33 € / 1 Kg","3,50 €",KELLOGG'S
Despensa,"Desayuno, dulces y café",Muesli Chocolate Extra Crujiente 375 Gr,"11,33 € / 1 Kg","4,25 €",KELLOGG'S
Despensa,"Desayuno, dulces y café",Café Descafeinado Intenso Cápsulas 16 U,"0,27 € / 1 U","4,25 €",DOLCE GUSTO
Despensa,"Desayuno, dulces y café",Chocolate Negro 70% Cacao 200 Gr,"16,00 € / 1 Kg","3,20 €",VALOR
Despensa,"Desayuno, dulces y café",Galleta Digestive Manzana y Avena 225 Gr,"4,44 € / 1 Kg","1,00 €",FONTANEDA
Despensa,"Desayuno, dulces y café",Chocolate con Leche Extrafino 125 Gr,"11,12 € / 1 Kg","1,39 €",NESTLE
Despensa,"Desayuno, dulces y café",Café Expresso Natural Molido 250 Gr,"8,80 € / 1 Kg","2,20 €",CONSUM
Despensa,"Desayuno, dulces y café",Galletas Desayuno con Chocolate y Cereales 400 Gr,"4,38 € / 1 Kg","1,75 €",CONSUM
Despensa,"Desayuno, dulces y café",Crema de Untar 350 Gr,"10,54 € / 1 Kg","3,69 €",NUTELLA
Despensa,"Desayuno, dulces y café",Azúcar Glace Bote 500 Gr,"5,20 € / 1 Kg","2,60 €",AZUCARERA
Despensa,"Desayuno, dulces y café",Cereales Nesquik Chocolate 375 Gr,"9,57 € / 1 Kg","3,59 €",NESTLE
Despensa,"Desayuno, dulces y café","Chicles Sin Azúcar de Menta en grageas, 10 uds 4x14gr","65,89 € / 1 Kg","3,69 €",ORBIT
Despensa,"Desayuno, dulces y café",Pastelitos de Chocolate Pack de 4 4 x 40 Gr,"18,69 € / 1 Kg","2,99 €",PHOSKITO
Despensa,"Desayuno, dulces y café","Chicle Grageado Sabor Fresa 14,5 Gr","6,79 € / 100 Gr","0,95 €",TRIDENT
Despensa,"Desayuno, dulces y café",Caramelos Cítricos Vita C sin Azúcar 32 Gr,"3,09 € / 100 Gr","0,99 €",HALLS
Despensa,"Desayuno, dulces y café",Kinder Bueno White 39 Gr,"2,95 € / 100 Gr","1,15 €",KINDER
Despensa,"Desayuno, dulces y café",Barritas de Muesli con Chocolate 6U 150 Gr,"10,13 € / 1 Kg","1,52 €",CONSUM
Despensa,"Desayuno, dulces y café",Vela de Aniversario Número 2 1 U,"0,75 € / 1 U","0,75 €",ROURA
Despensa,"Desayuno, dulces y café",Chocolate Crujiente 100 Gr,"9,90 € / 1 Kg","0,99 €",CONSUM
Despensa,"Desayuno, dulces y café",Barritas Special K Chocolate con Leche 6U 120 Gr,"29,58 € / 1 Kg","3,55 €",KELLOGG'S
Despensa,"Desayuno, dulces y café",Café Soluble 3 en 1 10 sobres 160 Gr,"17,50 € / 1 Kg","2,80 €",NESCAFE
Despensa,"Desayuno, dulces y café",Duplo Café Soluble Natural 2 x 200 Gr,"27,50 € / 1 Kg","11,00 €",NESCAFE
Despensa,"Desayuno, dulces y café",Pastelito Tigretón Pack de 3 3 x 50 Gr,"15,27 € / 1 Kg","2,29 €",TIGRETON
Despensa,"Desayuno, dulces y café",Barrita Muesli con Arándanos 6U 150 Gr,"12,33 € / 1 Kg","1,85 €",CONSUM
Despensa,"Desayuno, dulces y café",Caramelo Toffe sin Azúcar 90 Gr,"25,44 € / 1 Kg","2,29 €",WERTHERS
Despensa,"Desayuno, dulces y café",Stevia Edulcorante 50 U,"0,04 € / 1 U","1,85 €",CONSUM
Despensa,"Desayuno, dulces y café",Chocolate Negro 70% con Almendras 250 Gr,"19,40 € / 1 Kg","4,85 €",VALOR
Despensa,"Desayuno, dulces y café",Confitura Diet Fresa 280 Gr,"9,61 € / 1 Kg","2,69 €",HERO
Despensa,"Desayuno, dulces y café",Duplo Café Soluble Descafeinado 2 x 200 Gr,"27,50 € / 1 Kg","11,00 €",NESCAFE
Despensa,"Desayuno, dulces y café",Galletas Mini Cookies 85 Gr,"8,12 € / 1 Kg","0,69 €",CONSUM
Despensa,"Desayuno, dulces y café",Café Lungo Cápsulas 16 U,"0,27 € / 1 U","4,25 €",DOLCE GUSTO
Despensa,"Desayuno, dulces y café",Torcidas Regaliz Fresa 170 Gr,"7,67 € / 1 Kg","1,15 €",FINI
Despensa,"Desayuno, dulces y café",Briochoco 6 unidades 240 Gr,"6,21 € / 1 Kg","1,49 €",CONSUM
Despensa,"Desayuno, dulces y café",Galletas sin Sal y sin Azúcar 600 Gr,"4,15 € / 1 Kg","2,49 €",CONSUM
Despensa,"Desayuno, dulces y café",Vela de Aniversario Número 0 1 U,"0,75 € / 1 U","0,75 €",ROURA
Despensa,"Desayuno, dulces y café",Vela de Aniversario Número 3 1 U,"0,75 € / 1 U","0,75 €",ROURA
Despensa,"Desayuno, dulces y café",Vela de Aniversario Número 4 1 U,"0,75 € / 1 U","0,75 €",ROURA
Despensa,"Desayuno, dulces y café",Vela de Aniversario Número 5 1 U,"0,75 € / 1 U","0,75 €",ROURA
Despensa,"Desayuno, dulces y café",Vela de Aniversario Número 6 1 U,"0,75 € / 1 U","0,75 €",ROURA
Despensa,"Desayuno, dulces y café",Vela de Aniversario Número 7 1 U,"0,75 € / 1 U","0,75 €",ROURA
Despensa,"Desayuno, dulces y café",Vela de Aniversario Número 8 1 U,"0,75 € / 1 U","0,75 €",ROURA
Despensa,"Desayuno, dulces y café",Vela de Aniversario Número 9 1 U,"0,75 € / 1 U","0,75 €",ROURA
Despensa,"Desayuno, dulces y café",Vela de Aniversario Número ? 1 U,"0,75 € / 1 U","0,75 €",ROURA
Despensa,"Desayuno, dulces y café",Pastelito Pantera Rosa Pack de 3 3 x 55 Gr,"13,88 € / 1 Kg","2,29 €",PANTERA ROSA
Despensa,"Desayuno, dulces y café",Huevo Kinder Joy Unidades 20 Gr,"7,00 € / 100 Gr","1,40 €",KINDER
Despensa,"Desayuno, dulces y café",Copos Avena Suave 500 Gr,"3,98 € / 1 Kg","1,99 €",OATIBIX
Despensa,"Desayuno, dulces y café",Chocolate Negro 82% Cacao 170 Gr,"18,82 € / 1 Kg","3,20 €",VALOR
Despensa,"Desayuno, dulces y café",Cereales Trigo 430 Gr,"7,88 € / 1 Kg","3,39 €",WEETABIX
Despensa,"Desayuno, dulces y café",Galletas con Gotas de Chocolate 300 Gr,"13,00 € / 1 Kg","3,90 €",CHIPS AHOY
Despensa,"Desayuno, dulces y café",Mermelada Albaricoque Frasco 410 Gr,"3,90 € / 1 Kg","1,60 €",CONSUM
Despensa,"Desayuno, dulces y café",Mermelada Ciruela Frasco 410 Gr,"4,15 € / 1 Kg","1,70 €",CONSUM
Despensa,"Desayuno, dulces y café",Coco Rallado Bolsa 125 Gr,"8,08 € / 1 Kg","1,01 €",CONSUM
Despensa,"Desayuno, dulces y café",Napolitanas Chocolate 8 Unidades 320 Gr,"4,84 € / 1 Kg","1,55 €",CONSUM
Despensa,"Desayuno, dulces y café",Petit Croissants al Cacao 150 Gr,"6,33 € / 1 Kg","0,95 €",CONSUM
Despensa,"Desayuno, dulces y café",Napolitanas de Crema 320 Gr,"4,84 € / 1 Kg","1,55 €",CONSUM
Despensa,"Desayuno, dulces y café",Bizcocho Ositos Lulu Relleno de Chocolate 5U 150 Gr,"13,27 € / 1 Kg","1,99 €",FONTANEDA
Despensa,"Desayuno, dulces y café",Mermelada Diet Fresa 280 Gr,"7,11 € / 1 Kg","1,99 €",HELIOS
Despensa,"Desayuno, dulces y café",Mermelada Diet Ciruela 280 Gr,"7,11 € / 1 Kg","1,99 €",HELIOS
Despensa,"Desayuno, dulces y café",Sandwich Relleno Choco Pack 3 3 x 250 Gr,"3,00 € / 1 Kg","2,25 €",CONSUM
Despensa,"Desayuno, dulces y café",Galleta María sin Gluten 380 Gr,"9,47 € / 1 Kg","3,60 €",GULLON
Despensa,"Desayuno, dulces y café",Galleta Principe Estrella 225 Gr,"11,11 € / 1 Kg","2,50 €",LU
Despensa,"Desayuno, dulces y café",Galletas Choco Wafer 180 Gr,"16,11 € / 1 Kg","2,90 €",MILKA
Despensa,"Desayuno, dulces y café",Yerba Mate . 500 Gr,"7,10 € / 1 Kg","3,55 €",LA TRANQUERA
Despensa,"Desayuno, dulces y café",Bizcochadas Bolsa 365 Gr,"7,10 € / 1 Kg","2,59 €",LA CUEVA
Despensa,"Desayuno, dulces y café",Galletas Choco Cream Bañadas Choco Blanco 252 Gr,"5,36 € / 1 Kg","1,35 €",CONSUM
Despensa,"Desayuno, dulces y café",Galleta Choco Cream Mini 100 Gr,"8,50 € / 1 Kg","0,85 €",CONSUM
Despensa,"Desayuno, dulces y café",Huevo Kinder Joy Pack 3 x 20 Gr,"59,83 € / 1 Kg","3,59 €",KINDER
Despensa,"Desayuno, dulces y café",Preparado Pastel Fresco Sabor Limón 103 Gr,"15,44 € / 1 Kg","1,59 €",ROYAL
Despensa,"Desayuno, dulces y café",Mermelada Naranja Amarga Frasco 410 Gr,"3,05 € / 1 Kg","1,25 €",CONSUM
Despensa,"Desayuno, dulces y café",Mermelada Fresa 0% Azúcares Añadidos 280 Gr,"4,64 € / 1 Kg","1,30 €",CONSUM
Despensa,"Desayuno, dulces y café",Mermelada Melocotón 0% Azúcares Añadidos 280 Gr,"4,64 € / 1 Kg","1,30 €",CONSUM
Despensa,"Desayuno, dulces y café",Caramelo con Palo Melody Pops 15 Gr,"6,67 € / 100 Gr","1,00 €",CHUPA-CHUPS
Despensa,"Desayuno, dulces y café","Chicles Stick Sabor Fresa 13,5 Gr","7,04 € / 100 Gr","0,95 €",TRIDENT
Despensa,"Desayuno, dulces y café",Brazo de Fresa 300 Gr,"6,63 € / 1 Kg","1,99 €",CONSUM
Despensa,"Desayuno, dulces y café","Chicle Grageado Sabor Menta 14,5 Gr","6,79 € / 100 Gr","0,95 €",TRIDENT
Despensa,"Desayuno, dulces y café",Cacao Soluble 0% Bote 325 Gr,"13,20 € / 1 Kg","4,29 €",COLA CAO
Despensa,"Desayuno, dulces y café",TéSlim Caja 20 U,"0,14 € / 1 U","2,79 €",HORNIMANS
Despensa,"Desayuno, dulces y café",Galleta Digestive 700 Gr,"5,43 € / 1 Kg","3,80 €",FONTANEDA
Despensa,"Desayuno, dulces y café",Cacao Instantáneo Turbo 375 Gr,"10,11 € / 1 Kg","3,79 €",COLA CAO
Despensa,"Desayuno, dulces y café",Magdalenas Redondas 350 Gr,"3,86 € / 1 Kg","1,39 €",CONSUM
Despensa,"Desayuno, dulces y café",Chococream Bañada Chocolate leche 252 Gr,"5,52 € / 1 Kg","1,39 €",CONSUM
Despensa,"Desayuno, dulces y café",Chococream 176 Gr,"3,69 € / 1 Kg","0,65 €",CONSUM
Despensa,"Desayuno, dulces y café",Galletas Principe Estrella con Chocolate Blanco 225 Gr,"11,11 € / 1 Kg","2,50 €",LU
Despensa,"Desayuno, dulces y café",Torta de Aceite 180 Gr,"12,22 € / 1 Kg","2,20 €",INES ROSALES
Despensa,"Desayuno, dulces y café",Bizcocho Cake&choc Relleno de Chocolate 5 U 175 Gr,"16,00 € / 1 Kg","2,80 €",MILKA
Despensa,"Desayuno, dulces y café",Galleta Chocobiscuit 150 Gr,"19,33 € / 1 Kg","2,90 €",MILKA
Despensa,"Desayuno, dulces y café",Galletas Príncipe Maxi Choc 250 Gr,"9,00 € / 1 Kg","2,25 €",LU
Despensa,"Desayuno, dulces y café",Galleta Caramelizada 12 Packs de 2 Unidades 187 Gr,"8,02 € / 1 Kg","1,50 €",LOTUS
Despensa,"Desayuno, dulces y café",Galleta Artichoco Paquete 210 Gr,"12,14 € / 1 Kg","2,55 €",ARTIACH
Despensa,"Desayuno, dulces y café",Galletas Dinosaurus Huevos Caja 4 Packs 140 Gr,"17,79 € / 1 Kg","2,49 €",ARTIACH
Despensa,"Desayuno, dulces y café",Galletas Desayuno con Leche y 5 Cereales 400 Gr,"4,23 € / 1 Kg","1,69 €",CONSUM
Despensa,"Desayuno, dulces y café",Neulas Caja 25 Unidades 96 Gr,"14,06 € / 1 Kg","1,35 €",DICAR
Despensa,"Desayuno, dulces y café",Mini Croissants 270 Gr,"5,00 € / 1 Kg","1,35 €",CONSUM
Despensa,"Desayuno, dulces y café","Tartaleta Chocolate con Leche 235,80 Gr","6,15 € / 1 Kg","1,45 €",CONSUM KIDS
Despensa,"Desayuno, dulces y café",Galleta Rellena Chocolate Pack de 3 3 x 300 Gr,"6,10 € / 1 Kg","5,49 €",LU
Despensa,"Desayuno, dulces y café",Galleta Sandwich Choco Pause 260 Gr,"11,15 € / 1 Kg","2,90 €",MILKA
Despensa,"Desayuno, dulces y café",Galleta Desayuno sin Azúcares 216 Gr,"12,27 € / 1 Kg","2,65 €",GULLON ZERO
Despensa,"Desayuno, dulces y café",Queso Cabra Medallón 75 Gr,"16,93 € / 1 Kg","1,27 €",GRANJA RINYA
Despensa,"Desayuno, dulces y café",Plum Cake Mármol 400 Gr,"5,38 € / 1 Kg","2,15 €",DULCESOL
Despensa,"Desayuno, dulces y café",Azúcar Moreno Bolsa 500 Gr,"5,78 € / 1 Kg","2,89 €",NATURTIERRA
Despensa,"Desayuno, dulces y café",Corn Flakes Classic sin Azúcar y sin Gluten 300 Gr,"6,63 € / 1 Kg","1,99 €",ESGIR
Despensa,"Desayuno, dulces y café",Edulcorante 400 Comprimidos 400 U,"0,01 € / 1 U","3,95 €",NATREEN
Despensa,"Desayuno, dulces y café",Bracitos Trufa Chocolate 235 Gr,"7,14 € / 1 Kg","1,00 €",DULCESOL
Despensa,"Desayuno, dulces y café",Galleta Mikado Leche Pocket 39 Gr,"3,46 € / 100 Gr","1,35 €",LU
Despensa,"Desayuno, dulces y café",Confitura Albaricoque 330 Gr,"7,55 € / 1 Kg","2,49 €",HERO
Despensa,"Desayuno, dulces y café",Confitura Ciruela 330 Gr,"7,55 € / 1 Kg","2,49 €",HERO
Despensa,"Desayuno, dulces y café",Crema de Membrillo 400 Gr,"6,38 € / 1 Kg","2,55 €",EL QUIJOTE
Despensa,"Desayuno, dulces y café",Dulce de Frutas 400 Gr,"5,98 € / 1 Kg","2,39 €",EL QUIJOTE
Despensa,"Desayuno, dulces y café",Compota Pera y Manzana sin Frío Pack de 2 2 x 100 Gr,"7,00 € / 1 Kg","1,40 €",ANELA
Despensa,"Desayuno, dulces y café",Compota de Manzana y Plátano Pack de 2 2 x 100 Gr,"7,00 € / 1 Kg","1,40 €",ANELA
Despensa,"Desayuno, dulces y café",Mermelada Frambuesa Tarro 340 Gr,"7,21 € / 1 Kg","2,45 €",HELIOS
Despensa,"Desayuno, dulces y café",Mermelada Albaricoque 0% Azúcares Añadidos 280 Gr,"5,00 € / 1 Kg","1,40 €",CONSUM
Despensa,"Desayuno, dulces y café",Mermelada Ciruela 0% Azúcares Añadidos 280 Gr,"4,82 € / 1 Kg","1,35 €",CONSUM
Despensa,"Desayuno, dulces y café","Café Soluble Gold Natural, Bote 100 Gr","62,50 € / 1 Kg","6,25 €",NESCAFE
Despensa,"Desayuno, dulces y café",Terrón de Azúcar Blanco 500 Gr,"2,58 € / 1 Kg","1,29 €",AZUCARERA
Despensa,"Desayuno, dulces y café",Mermelada Arándano Arándano 285 Gr,"9,79 € / 1 Kg","2,79 €",VIEJA FABRIC
Despensa,"Desayuno, dulces y café",Mi Primera Galleta sin Gluten 180 Gr,"13,83 € / 1 Kg","2,49 €",HERO
Despensa,"Desayuno, dulces y café",Natillas Caseras 100 Gr,"14,50 € / 1 Kg","1,45 €",ROYAL
Despensa,"Desayuno, dulces y café",Colorantes Alimentarios Pasteleria 3 x 6 ml,"16,61 € / 100 ml","2,99 €",VAHINE
Despensa,"Desayuno, dulces y café",Azúcar Avainillada Tarro 90 Gr,"25,44 € / 1 Kg","2,29 €",VAHINE
Despensa,"Desayuno, dulces y café",Gelatina Sin Sabor 17 Gr,"13,24 € / 100 Gr","2,25 €",VAHINE
Despensa,"Desayuno, dulces y café",Almendras Laminadas 125 Gr,"29,52 € / 1 Kg","3,69 €",VAHINE
Despensa,"Desayuno, dulces y café",Almendras Molidas 125 Gr,"29,52 € / 1 Kg","3,69 €",VAHINE
Despensa,"Desayuno, dulces y café",Crocanti de Almendra 125 Gr,"29,52 € / 1 Kg","3,69 €",VAHINÉ
Despensa,"Desayuno, dulces y café",Coco Rallado 115 Gr,"21,30 € / 1 Kg","2,45 €",VAHINE
Despensa,"Desayuno, dulces y café","Levadura de Panadería 4 Sobres 4,6 Gr","10,27 € / 100 Gr","1,89 €",VAHINÉ
Despensa,"Desayuno, dulces y café",Caramelo Líquido Botella 400 Gr,"7,23 € / 1 Kg","2,89 €",ROYAL
Despensa,"Desayuno, dulces y café",Flan de Vainilla 6 Sobres 192 Gr,"7,81 € / 1 Kg","1,50 €",POTAX
Despensa,"Desayuno, dulces y café",Pastel de Queso Caja 325 Gr,"13,08 € / 1 Kg","4,25 €",ROYAL
Despensa,"Desayuno, dulces y café",Plaquita Felicidades 1 U,"1,75 € / 1 U","1,75 €",VAHINE
Despensa,"Desayuno, dulces y café",Litines Caja 132 Gr,"14,77 € / 1 Kg","1,95 €",LA BANDERA
Despensa,"Desayuno, dulces y café","Chicles Stick Sabor Menta 13,5 Gr","7,04 € / 100 Gr","0,95 €",TRIDENT
Despensa,"Desayuno, dulces y café",Bombón Selección Oro sin Azúcar 200 Gr,"27,50 € / 1 Kg","5,50 €",VALOR
Despensa,"Desayuno, dulces y café",Café Descafeinado Espresso Molido 250 Gr,"16,76 € / 1 Kg","4,19 €",VALIENTE
Despensa,"Desayuno, dulces y café",Crema de Leche Vaso cristal 180 Gr,"13,61 € / 1 Kg","2,45 €",NOCILLA
Despensa,"Desayuno, dulces y café",Caramelos Sabor Frutas sin Azúcar 8 Gr,"20,63 € / 100 Gr","1,65 €",SMINT
Despensa,"Desayuno, dulces y café",Caramelos Menta sin Azúcar 8 Gr,"20,63 € / 100 Gr","1,65 €",SMINT
Despensa,"Desayuno, dulces y café",Bolitas Multicolores 80 Gr,"28,13 € / 1 Kg","2,25 €",VAHINÉ
Despensa,"Desayuno, dulces y café",Pepitas de Chocolate Negro 100 Gr,"25,50 € / 1 Kg","2,55 €",VAHINÉ
Despensa,"Desayuno, dulces y café",Café Grano Mezcla 1 Kg,"7,55 € / 1 Kg","7,55 €",CONSUM
Despensa,"Desayuno, dulces y café",Azúcar Glas Tarro 60 Gr,"44,83 € / 1 Kg","2,69 €",VAHINÉ
Despensa,"Desayuno, dulces y café",Chantilly 72 Gr,"33,19 € / 1 Kg","2,39 €",ROYAL
Despensa,"Desayuno, dulces y café",Canela en Rama 10 Gr,"31,50 € / 100 Gr","3,15 €",VAHINE
Despensa,"Desayuno, dulces y café",Lunas Bañadas Cacao 350 Gr,"6,83 € / 1 Kg","2,39 €",CONSUM
Despensa,"Desayuno, dulces y café",Manzanilla con Menta 25 Bolsitas 25 U,"0,09 € / 1 U","2,15 €",POMPADOUR
Despensa,"Desayuno, dulces y café",Caramelo Menta 35 Gr,"6,71 € / 100 Gr","2,35 €",SMINT
Despensa,"Desayuno, dulces y café",Multinfusión Valeriana Plus 5 Bolsitas 20 Unid. 20 U,"0,14 € / 1 U","2,75 €",POMPADOUR
Despensa,"Desayuno, dulces y café",Preparado para Crepes Botella 198 Gr,"14,14 € / 1 Kg","2,80 €",MAIZENA
Despensa,"Desayuno, dulces y café",Caramelo Fresa 35 Gr,"6,71 € / 100 Gr","2,35 €",SMINT
Despensa,"Desayuno, dulces y café",Café Soluble Natural Sticks 10 U,"0,10 € / 1 U","0,95 €",CONSUM
Despensa,"Desayuno, dulces y café",Preparado Oreo Cake 215 Gr,"19,77 € / 1 Kg","4,25 €",ROYAL
Despensa,"Desayuno, dulces y café",InfuSueños Caja 20 U,"0,14 € / 1 U","2,79 €",HORNIMANS
Despensa,"Desayuno, dulces y café",Harina Fritos Paquete 1 Kg,"1,20 € / 1 Kg","1,20 €",RIO
Despensa,"Desayuno, dulces y café",Tarta Chocolate Milka 350 Gr,"12,83 € / 1 Kg","4,49 €",ROYAL
Despensa,"Desayuno, dulces y café",Cono de Golosinas Sin Gluten 1 U,"1,89 € / 1 U","1,89 €",MIGUELAÑEZ
Despensa,"Desayuno, dulces y café",Torta de Aceite 180 Gr,"9,39 € / 1 Kg","1,69 €",CONSUM
Despensa,"Desayuno, dulces y café",Pastelito Flaminguitos 3 Unidades,"6,06 € / 1 Kg","1,00 €",DULCESOL
Despensa,"Desayuno, dulces y café","Bote Chicles Sin Azúcar de Fresa en grageas, 60uds 84gr","47,50 € / 1 Kg","3,99 €",ORBIT
Despensa,"Desayuno, dulces y café",Tortitas Americanas Original Pancake 156 Gr,"10,83 € / 1 Kg","1,69 €",MARY LEE
Despensa,"Desayuno, dulces y café",Preparado Bizcocho 375 Gr,"8,53 € / 1 Kg","3,20 €",ROYAL
Despensa,"Desayuno, dulces y café",Aroma Vainilla 200 ml,"21,75 € / 1 L","4,35 €",VAHINE
Despensa,"Desayuno, dulces y café","Chicles Sin Azúcar Bubblemint de frutas y menta en grageas, 10 uds 4x14gr","65,89 € / 1 Kg","3,69 €",ORBIT
Despensa,"Desayuno, dulces y café",Corazones 55 Gr,"44,55 € / 1 Kg","2,45 €",VAHINE
Despensa,"Desayuno, dulces y café",Gelatina Neutra 18 Gr,"10,50 € / 100 Gr","1,89 €",VAHINE
Despensa,"Desayuno, dulces y café",Pepitas Chocolate con Leche 100 Gr,"38,50 € / 1 Kg","3,85 €",VAHINE
Despensa,"Desayuno, dulces y café",Velita y Cifras 12 U,"0,24 € / 1 U","2,89 €",VAHINÉ
Despensa,"Desayuno, dulces y café",Sirope de Fresa Bote 295 Gr,"6,75 € / 1 Kg","1,99 €",HELIOS
Despensa,"Desayuno, dulces y café",Natillas en Polvo con Canela 125 Gr,"13,20 € / 1 Kg","1,65 €",CONSUM
Despensa,"Desayuno, dulces y café",Sirope de Chocolate Bote 295 Gr,"6,75 € / 1 Kg","1,99 €",HELIOS
Despensa,"Desayuno, dulces y café",Caramelo Tin Limón 35 Gr,"6,71 € / 100 Gr","2,35 €",SMINT
Despensa,"Desayuno, dulces y café",Té Descafeinado 25 Bolsitas 25 U,"0,09 € / 1 U","2,15 €",POMPADOUR
Despensa,"Desayuno, dulces y café",Gelatina de Fresa 170 Gr,"8,82 € / 1 Kg","1,50 €",CONSUM
Despensa,"Desayuno, dulces y café",Gelatina de Limón 170 Gr,"8,82 € / 1 Kg","1,50 €",CONSUM
Despensa,"Desayuno, dulces y café",Flan Vainilla con Caramelo 190 Gr,"7,37 € / 1 Kg","1,40 €",CONSUM
Despensa,"Desayuno, dulces y café",Sirope de Caramelo Bote 295 Gr,"6,75 € / 1 Kg","1,99 €",HELIOS
Despensa,"Desayuno, dulces y café",Café Senseo Descafeinado Monodosis 28 U,"0,17 € / 1 U","4,85 €",MARCILLA
Despensa,"Desayuno, dulces y café",Velitas Mágicas 10 U,"0,23 € / 1 U","2,29 €",VAHINÉ
Despensa,"Desayuno, dulces y café",Medias Noches Panecillos Sin Gluten 200 Gr,"14,95 € / 1 Kg","2,99 €",SCHÄR
Despensa,"Desayuno, dulces y café",Cacao Instántaneo 400 Gr,"5,13 € / 1 Kg","2,05 €",CONSUM
Despensa,"Desayuno, dulces y café",Velitas Cumpleaños Rosas y Azules 16 U,"0,11 € / 1 U","1,75 €",VAHINÉ
Despensa,"Desayuno, dulces y café",Brazo de Cacao 300 Gr,"6,63 € / 1 Kg","1,99 €",CONSUM
Despensa,"Desayuno, dulces y café",Café con Leche Descafeinado Cápsulas 16 U,"0,31 € / 1 U","4,89 €",DOLCE GUSTO
Despensa,"Desayuno, dulces y café",Bizcocho Blandito Tosta Rica Oceanix 160 Gr,"18,69 € / 1 Kg","2,99 €",CUETARA
Despensa,"Desayuno, dulces y café",Chocolate Negro 70% sin Azúcar con Almendra 150 Gr,"21,67 € / 1 Kg","3,25 €",VALOR
Despensa,"Desayuno, dulces y café",Gelatina Sabor Fresa Light 10 Kcal 31 Gr,"8,87 € / 100 Gr","2,75 €",ROYAL
Despensa,"Desayuno, dulces y café",Gelatina Sabor Limón LIght 10 Kcal 31 Gr,"8,87 € / 100 Gr","2,75 €",ROYAL
Despensa,"Desayuno, dulces y café","Kit Kat Leche 41,5 Gr","2,87 € / 100 Gr","1,19 €",NESTLE
Despensa,"Desayuno, dulces y café",Harina de Arroz Paquete 500 Gr,"2,28 € / 1 Kg","1,14 €",REX
Despensa,"Desayuno, dulces y café",Harina Mix sin Gluten 500 Gr Múltiples Usos,"5,70 € / 1 Kg","2,85 €",GALLO
Despensa,"Desayuno, dulces y café",Cappuccino Descafeinad Soluble 250 Gr,"17,80 € / 1 Kg","4,45 €",NESCAFE
Despensa,"Desayuno, dulces y café","Chicle Grajeado Hierbabuena Bote 82,6 Gr","36,92 € / 1 Kg","3,05 €",TRIDENT
Despensa,"Desayuno, dulces y café",Galleta de Cacao Rellena con Chocolate Blanco 246 Gr,"11,59 € / 1 Kg","2,85 €",OREO
Despensa,"Desayuno, dulces y café",Kinder Chocolate Caja de 16 Unidades 200 Gr,"14,95 € / 1 Kg","2,99 €",KINDER
Despensa,"Desayuno, dulces y café",Cacao Instantáneo 1 Kg,"3,90 € / 1 Kg","3,90 €",CONSUM
Despensa,"Desayuno, dulces y café",Galleta Digestive Avena 425 Gr,"2,71 € / 1 Kg","1,15 €",CONSUM
Despensa,"Desayuno, dulces y café",Loco's Mini White 8 Unidades 160 Gr,"12,44 € / 1 Kg","1,99 €",CONSUM
Despensa,"Desayuno, dulces y café",Loco's Mini Cacao 8 Unidades 155 Gr,"12,84 € / 1 Kg","1,99 €",CONSUM
Despensa,"Desayuno, dulces y café",Bombones T-15 Raffaello 150 Gr,"26,60 € / 1 Kg","3,99 €",FERRERO
Despensa,"Desayuno, dulces y café","Chicle Grageado Fresa Bote 82,6 Gr","36,92 € / 1 Kg","3,05 €",TRIDENT
Despensa,"Desayuno, dulces y café",Bombón Lindor Leche 200 Gr,"34,95 € / 1 Kg","6,99 €",LINDT
Despensa,"Desayuno, dulces y café",Café con Leche Tassimo Cápsulas 16 U,"0,33 € / 1 U","5,30 €",MARCILLA
Despensa,"Desayuno, dulces y café",Café Espresso Tassimo Cápsulas 16 U,"0,33 € / 1 U","5,30 €",MARCILLA
Despensa,"Desayuno, dulces y café",Tarta Tiramisú 200 Gr,"6,95 € / 1 Kg","1,39 €",MELS
Despensa,"Desayuno, dulces y café",Edulcorante Líquido 300 ml,"5,63 € / 1 L","1,69 €",CONSUM
Despensa,"Desayuno, dulces y café",Rellenito Fresa-Nata sin Gluten 80 Gr,"18,00 € / 1 Kg","1,35 €",FINI
Despensa,"Desayuno, dulces y café",Nubes Bicolor 100 Gr,"5,90 € / 1 Kg","0,59 €",CONSUM
Despensa,"Desayuno, dulces y café",Ositos de Goma 150 Gr,"4,60 € / 1 Kg","0,69 €",CONSUM
Despensa,"Desayuno, dulces y café",Surtido Goma Brillo 150 Gr,"6,33 € / 1 Kg","0,95 €",CONSUM
Despensa,"Desayuno, dulces y café",Mix Azucarado 150 Gr,"6,33 € / 1 Kg","0,95 €",CONSUM
Despensa,"Desayuno, dulces y café",Café Senseo Fuerte Monodosis 28 U,"0,17 € / 1 U","4,85 €",MARCILLA
Despensa,"Desayuno, dulces y café",Chapelas Zebra 3 Unidades 135 Gr,"7,41 € / 1 Kg","1,00 €",DULCESOL
Despensa,"Desayuno, dulces y café",Colas de Goma 150 Gr,"4,60 € / 1 Kg","0,69 €",CONSUM
Despensa,"Desayuno, dulces y café",Moras de Goma 150 Gr,"5,67 € / 1 Kg","0,85 €",CONSUM
Despensa,"Desayuno, dulces y café",Espresso Descafeinado Tassimo Cápsulas 16 U,"0,33 € / 1 U","5,30 €",MARCILLA
Despensa,"Desayuno, dulces y café",Chocolate Negro 55% con Almendras Enteras 200 Gr,"8,75 € / 1 Kg","1,75 €",CONSUM
Despensa,"Desayuno, dulces y café",Chocolate con Leche sin Azúcar 125 Gr,"10,00 € / 1 Kg","1,25 €",CONSUM
Despensa,"Desayuno, dulces y café",Chocolate Negro 55% con Avellanas Enteras 200 Gr,"9,25 € / 1 Kg","1,85 €",CONSUM
Despensa,"Desayuno, dulces y café",Chicle Fresa sin Azúcar Paquete 32 Unidades 45 Gr,"2,22 € / 100 Gr","1,00 €",CONSUM
Despensa,"Desayuno, dulces y café",Chicle Menta sin Azúcar Paquete 32 Unidades 45 Gr,"2,22 € / 100 Gr","1,00 €",CONSUM
Despensa,"Desayuno, dulces y café",Chicle Hierbabuena sin Azúcar Paquete 32 U. 45 Gr,"2,22 € / 100 Gr","1,00 €",CONSUM
Despensa,"Desayuno, dulces y café",Chicle Menta Regaliz sin Azúcar Paquete 32 U. 45 Gr,"2,11 € / 100 Gr","0,95 €",CONSUM
Despensa,"Desayuno, dulces y café",Torcidas Regaliz Fresa Rellenas 125 Gr,"7,20 € / 1 Kg","0,90 €",FINI
Despensa,"Desayuno, dulces y café",Chocolate con Leche Almendras sin Azúcar 150 Gr,"12,60 € / 1 Kg","1,89 €",CONSUM
Despensa,"Desayuno, dulces y café",Galleta Mini Principe 160 Gr,"12,44 € / 1 Kg","1,99 €",LU
Despensa,"Desayuno, dulces y café",Cappuccino Natural Soluble 250 Gr,"17,80 € / 1 Kg","4,45 €",NESCAFE
Despensa,"Desayuno, dulces y café",Galleta Cookies Rellena Sensations 156 Gr,"18,59 € / 1 Kg","2,90 €",MILKA
Despensa,"Desayuno, dulces y café",Café Largo Tassimo Cápsulas 16 U,"0,33 € / 1 U","5,30 €",MARCILLA
Despensa,"Desayuno, dulces y café",Galleta Tostada sin Azúcares 400 Gr,"6,48 € / 1 Kg","2,59 €",GULLON ZERO
Despensa,"Desayuno, dulces y café",Bizcochitos Tosta Rica Caja 5 Unidades 163 Gr,"23,92 € / 1 Kg","2,99 €",CUETARA
Despensa,"Desayuno, dulces y café",Compota Manzana y Melocotón Pack de 2 2 x 100 Gr,"7,00 € / 1 Kg","1,40 €",ANELA
Despensa,"Desayuno, dulces y café",Chapelas Cacao Pack 3 Unidades 135 Gr,"7,41 € / 1 Kg","1,00 €",DULCESOL
Despensa,"Desayuno, dulces y café","Kit Kat White Pack de 3 3 x 41,5 Gr","17,27 € / 1 Kg","2,15 €",NESTLE
Despensa,"Desayuno, dulces y café",Paraguas de Chocolate con Lacasitos 5 x 11 Gr,"48,91 € / 1 Kg","2,69 €",LACASA
Despensa,"Desayuno, dulces y café",Galletas de Mantequilla Lata Redonda 454 Gr,"8,26 € / 1 Kg","3,75 €",RIBERHUS
Despensa,"Desayuno, dulces y café",Crema Untar 200 Gr,"12,95 € / 1 Kg","2,59 €",NUTELLA
Despensa,"Desayuno, dulces y café",Café Espresso Descafeinado Cápsulas 10 U,"0,40 € / 1 U","3,99 €",L'OR
Despensa,"Desayuno, dulces y café",Café Espresso Ristretto Descafeinado Cápsulas 10 U,"0,40 € / 1 U","3,99 €",L'OR
Despensa,"Desayuno, dulces y café",Café Espresso Ristretto Cápsulas 10 U,"0,40 € / 1 U","3,99 €",L'OR
Despensa,"Desayuno, dulces y café",Café Cortado Cremoso Tassimo 16 U,"0,33 € / 1 U","5,30 €",MARCILLA
Despensa,"Desayuno, dulces y café",Galleta Digestive Chocolate con Leche 300 Gr,"3,50 € / 1 Kg","1,05 €",CONSUM
Despensa,"Desayuno, dulces y café",Brownie Choco Pack 6 Unidades 150 Gr,"19,93 € / 1 Kg","2,99 €",MILKA
Despensa,"Desayuno, dulces y café",Conguitos Bolsa 175 Gr,"15,37 € / 1 Kg","2,69 €",LACASA
Despensa,"Desayuno, dulces y café",Café Espresso Ristretto Cápsulas 20 U,"0,39 € / 1 U","7,89 €",L'OR
Despensa,"Desayuno, dulces y café",Café Espresso Ristretto Descafeinado Cápsulas 20 U,"0,39 € / 1 U","7,89 €",L'OR
Despensa,"Desayuno, dulces y café",Harina Para Pizza Paquete 500 Gr,"2,58 € / 1 Kg","1,29 €",HARIMSA
Despensa,"Desayuno, dulces y café",Mini Galletas Dinosaurus a Cucharadas 320 Gr,"9,34 € / 1 Kg","2,99 €",ARTIACH
Despensa,"Desayuno, dulces y café",Copos de Avena 500 Gr,"2,00 € / 1 Kg","1,00 €",JOE'S FARM
Despensa,"Desayuno, dulces y café",Surtido Galletas 420 Gr,"13,33 € / 1 Kg","5,60 €",CUETARA
Despensa,"Desayuno, dulces y café",Barquillo Relleno B-Ready 132 Gr,"17,35 € / 1 Kg","2,29 €",NUTELLA
Despensa,"Desayuno, dulces y café",Chocolate con Leche 270 Gr,"10,19 € / 1 Kg","2,75 €",MILKA
Despensa,"Desayuno, dulces y café",Sobaos Pack 14 Unidades 280 Gr,"3,93 € / 1 Kg","1,10 €",CONSUM
Despensa,"Desayuno, dulces y café",Chicle Senses Berry Party 23 Gr,"5,00 € / 100 Gr","1,15 €",TRIDENT
Despensa,"Desayuno, dulces y café",Chicle Senses Sabor Tropical 23 Gr,"5,00 € / 100 Gr","1,15 €",TRIDENT
Despensa,"Desayuno, dulces y café",Pan de Leche 8 Unidades 280 Gr,"9,25 € / 1 Kg","2,59 €",PASQUIER
Despensa,"Desayuno, dulces y café",Chicles Senses Sabor Hierbabuena 23 Gr,"5,00 € / 100 Gr","1,15 €",TRIDENT
Despensa,"Desayuno, dulces y café",Caramelo con Palo Relleno de Chicle 105 Gr,"20,48 € / 1 Kg","2,15 €",KOJAK
Despensa,"Desayuno, dulces y café",Chocolate Blanco 100 Gr,"16,90 € / 1 Kg","1,69 €",MILKYBAR
Despensa,"Desayuno, dulces y café",Galleta Mikado Chocolate Negro 71 Gr,"26,00 € / 1 Kg","1,95 €",LU
Despensa,"Desayuno, dulces y café",Galletas Mini Simpson 275 Gr,"10,87 € / 1 Kg","2,99 €",ARLUY
Despensa,"Desayuno, dulces y café",Chocolate Negro 85% sin Azúcar 100 Gr,"23,00 € / 1 Kg","2,30 €",VALOR
Despensa,"Desayuno, dulces y café",Caramelo Limón y Melisa 150 Gr,"10,60 € / 1 Kg","1,59 €",MENTOLIN
Despensa,"Desayuno, dulces y café",Surtido Mermelada 200 Gr,"11,75 € / 1 Kg","2,35 €",HELIOS
Despensa,"Desayuno, dulces y café",Harina Integral de Avena Paquete 400 Gr,"4,38 € / 1 Kg","1,75 €",HARIMSA
Despensa,"Desayuno, dulces y café",Chocolate Negro Bio 85% cacao 90 Gr,"30,56 € / 1 Kg","2,75 €",SUCHARD
Despensa,"Desayuno, dulces y café",Caramelo Eucaliptus 150 Gr,"10,60 € / 1 Kg","1,59 €",MENTOLIN
Despensa,"Desayuno, dulces y café",Harina de Trigo Ecológico Paquete 500 Gr,"3,18 € / 1 Kg","1,59 €",HARIMSA
Despensa,"Desayuno, dulces y café",Chocolate con Leche para Postres 170 Gr,"15,00 € / 1 Kg","2,55 €",NESTLE
Despensa,"Desayuno, dulces y café",Postre Manzana y Mango Pack de 2 2 x 100 Gr,"7,00 € / 1 Kg","1,40 €",ANELA
Despensa,"Desayuno, dulces y café",Pandorino Cacao Pack 4 Unidades 135 Gr,"7,41 € / 1 Kg","1,00 €",DULCESOL
Despensa,"Desayuno, dulces y café",Galleta Bio Organic con Choco Chips 250 Gr,"12,76 € / 1 Kg","3,19 €",GULLON
Despensa,"Desayuno, dulces y café",Preparado para Tortitas 120 Gr,"10,42 € / 1 Kg","1,25 €",ROYAL
Despensa,"Desayuno, dulces y café",Crepes 405 Gr,"5,90 € / 1 Kg","2,39 €",CREAPAN
Despensa,"Desayuno, dulces y café",Café Espresso Colombia Cápsulas 10 U,"0,44 € / 1 U","4,39 €",L'OR
Despensa,"Desayuno, dulces y café",Chocolate 90% Cacao Excellence 100 Gr,"34,90 € / 1 Kg","3,49 €",LINDT
Despensa,"Desayuno, dulces y café",Fideos de Colores 60 Gr,"18,17 € / 1 Kg","1,09 €",MOLINO REAL
Despensa,"Desayuno, dulces y café",Fideos de Chocolate 55 Gr,"19,82 € / 1 Kg","1,09 €",MOLINO REAL
Despensa,"Desayuno, dulces y café",Confitura de Fresa 330 Gr,"7,55 € / 1 Kg","2,49 €",HERO
Despensa,"Desayuno, dulces y café",Copos de Maíz Tostado Ecológico 400 Gr,"8,98 € / 1 Kg","3,59 €",ECOCESTA
Despensa,"Desayuno, dulces y café",Confitura Melocotón 330 Gr,"7,55 € / 1 Kg","2,49 €",HERO
Despensa,"Desayuno, dulces y café",Café Espresso Onyx Cápsulas 20 U,"0,39 € / 1 U","7,89 €",L'OR
Despensa,"Desayuno, dulces y café",Café Molido Expresso Descafeinado Natural 250 Gr,"10,20 € / 1 Kg","2,55 €",CONSUM
Despensa,"Desayuno, dulces y café",Chocolate Negro 92% Cacao 170 Gr,"22,06 € / 1 Kg","3,75 €",VALOR
Despensa,"Desayuno, dulces y café",Azúcar Moreno de Caña Orgánico 500 Gr,"4,30 € / 1 Kg","2,15 €",ECOWASSY
Despensa,"Desayuno, dulces y café",Regamix 200 Gr,"5,75 € / 1 Kg","1,15 €",FINI
Despensa,"Desayuno, dulces y café",Harina Integral Paquete 1 Kg,"1,65 € / 1 Kg","1,65 €",GALLO
Despensa,"Desayuno, dulces y café",Kinder Schokobons Bolsa 200 Gr,"19,95 € / 1 Kg","3,99 €",KINDER
Despensa,"Desayuno, dulces y café",Torta Aceite Sin Azúcar 6 Unidades 180 Gr,"16,61 € / 1 Kg","2,99 €",INES ROSALES
Despensa,"Desayuno, dulces y café",Chocolate a la Taza 300 Gr,"10,67 € / 1 Kg","3,20 €",VALOR
Despensa,"Desayuno, dulces y café",Crema Cacao Chocoleche Vaso Cristal 360 Gr,"9,69 € / 1 Kg","3,49 €",NOCILLA
Despensa,"Desayuno, dulces y café",Queso Cabra Rulo Unidad 180 Gr,"18,06 € / 1 Kg","3,25 €",PRESIDENT
Despensa,"Desayuno, dulces y café",Crema de Cacao Original Vaso Cristal 360 Gr,"9,69 € / 1 Kg","3,49 €",NOCILLA
Despensa,"Desayuno, dulces y café",Cereales Mix Variety Pack de 6 190 Gr,"21,00 € / 1 Kg","3,99 €",NESTLE
Despensa,"Desayuno, dulces y café",Regaliz Negro Gourmet 128 Gr,"17,16 € / 1 Kg","1,99 €",FINI
Despensa,"Desayuno, dulces y café",Crema de Cacao Original Vaso Cristal 180 Gr,"13,61 € / 1 Kg","2,45 €",NOCILLA
Despensa,"Desayuno, dulces y café",Crema Cacao Chocoleche Vaso Cristal 180 Gr,"13,61 € / 1 Kg","2,45 €",NOCILLA
Despensa,"Desayuno, dulces y café",Cacao Soluble con Fibra 0% Azúcar 300 Gr,"14,30 € / 1 Kg","4,29 €",COLA CAO
Despensa,"Desayuno, dulces y café",Cacahuete Chocolate con Leche 250 Gr,"8,80 € / 1 Kg","2,20 €",PRUNITA
Despensa,"Desayuno, dulces y café",Café Molido Natural Colombia 100% Arábica 250 Gr,"12,80 € / 1 Kg","3,20 €",CONSUM
Despensa,"Desayuno, dulces y café",Cereal Froot Loops 375 Gr,"11,97 € / 1 Kg","4,49 €",KELLOGG'S
Despensa,"Desayuno, dulces y café",Gelatina Sabor Arándano Light 10 Kcal 31 Gr,"8,87 € / 100 Gr","2,75 €",ROYAL
Despensa,"Desayuno, dulces y café",Snack Chocolate Delice 186 Gr,"14,82 € / 1 Kg","2,49 €",KINDER
Despensa,"Desayuno, dulces y café","Sugus Caramelo Masticable a Base de Zumo de Frutas, 150g","19,93 € / 1 Kg","2,99 €",SUGUS
Despensa,"Desayuno, dulces y café",Harina para Bizcochos Paquete 1 Kg,"1,69 € / 1 Kg","1,69 €",GALLO
Despensa,"Desayuno, dulces y café",Surtido Mix sin Azúcar 90 Gr,"10,56 € / 1 Kg","0,95 €",DAMEL
Despensa,"Desayuno, dulces y café",Cereal Soluble Ecológico 150 Gr,"23,27 € / 1 Kg","3,49 €",EKO
Despensa,"Desayuno, dulces y café",Harina de Garbanzo Paquete 400 Gr,"4,23 € / 1 Kg","1,69 €",HARIMSA
Despensa,"Desayuno, dulces y café",Chocolate Negro 72% Cacao 100 Gr,"10,50 € / 1 Kg","1,05 €",CONSUM
Despensa,"Desayuno, dulces y café",Chocolate Negro Flor de Sal Excellence 100 Gr,"32,50 € / 1 Kg","3,25 €",LINDT
Despensa,"Desayuno, dulces y café",Chocolate Fondant 100 Gr,"9,90 € / 1 Kg","0,99 €",DOLCA
Despensa,"Desayuno, dulces y café",Chocolate con Leche Extrafino 100 Gr,"9,90 € / 1 Kg","0,99 €",DOLCA
Despensa,"Desayuno, dulces y café",Gofre con Chocolate 120 Más 20 g 140 Gr,"5,64 € / 1 Kg","0,79 €",WAFFY
Despensa,"Desayuno, dulces y café",Gofre Natural Waffy 120 Gr,"6,58 € / 1 Kg","0,79 €",WAFFY
Despensa,"Desayuno, dulces y café",Mermelada Ecológica Fresa 350 Gr,"6,43 € / 1 Kg","2,25 €",CONSUM ECO
Despensa,"Desayuno, dulces y café",Mermelada Ecológica Melocotón 350 Gr,"6,43 € / 1 Kg","2,25 €",CONSUM ECO
Despensa,"Desayuno, dulces y café",Chocolate Negro 85% Cacao 100 Gr,"12,50 € / 1 Kg","1,25 €",CONSUM
Despensa,"Desayuno, dulces y café",Café en Grano Puro Arábica 500 Gr,"19,00 € / 1 Kg","9,50 €",BONKA
Despensa,"Desayuno, dulces y café",Mojicón con Pepitas de Chocolate 240 Gr,"8,29 € / 1 Kg","1,99 €",LUNA
Despensa,"Desayuno, dulces y café",Cereal Crunchy Nut,"7,78 € / 1 Kg","3,89 €",KELLOGG'S
Despensa,"Desayuno, dulces y café",Confitura de Fresa 370 Gr,"8,08 € / 1 Kg","2,99 €",BONNE MAMAN
Despensa,"Desayuno, dulces y café",Confitura de Melocotón 370 Gr,"8,08 € / 1 Kg","2,99 €",BONNE MAMAN
Despensa,"Desayuno, dulces y café",Confitura de Arándano Salvaje 370 Gr,"12,14 € / 1 Kg","4,49 €",BONNE MAMAN
Despensa,"Desayuno, dulces y café",Cereales con Miel Pops 450 Gr,"9,98 € / 1 Kg","3,99 €",KELLOGG'S
Despensa,"Desayuno, dulces y café",Cereales Choco Krispies 420 Gr,"8,45 € / 1 Kg","3,55 €",KELLOGG'S
Despensa,"Desayuno, dulces y café",Lote Chocolate Blanco 2 x 100 Gr,"11,75 € / 1 Kg","2,35 €",MILKYBAR
Despensa,"Desayuno, dulces y café",Té Earl Grey 25 Bolsitas 82 Gr,"57,20 € / 1 Kg","4,69 €",TWININGS
Despensa,"Desayuno, dulces y café",Cacao Soluble 760 Gr,"8,54 € / 1 Kg","6,49 €",COLA CAO
Despensa,"Desayuno, dulces y café",Galletas Mantequilla 125 Gr,"10,00 € / 1 Kg","1,25 €",MELS
Despensa,"Desayuno, dulces y café",Azúcar de Coco Bío 300 Gr,"8,83 € / 1 Kg","2,65 €",ECOWASSY
Despensa,"Desayuno, dulces y café",Barrita Fitness Choco Negro 6 Unidades 141 Gr,"21,21 € / 1 Kg","2,99 €",NESTLE
Despensa,"Desayuno, dulces y café",Queso de Cabra Afinado 250 Gr,"23,80 € / 1 Kg","5,95 €",CAPRIMED
Despensa,"Desayuno, dulces y café",Cebolla Confitada Tarro 230 Gr,"7,17 € / 1 Kg","1,65 €",BEBE
Despensa,"Desayuno, dulces y café",Brownie con Chocolate 200 Gr,"11,25 € / 1 Kg","2,25 €",MR.BROWNIE
Despensa,"Desayuno, dulces y café",Pimiento Confitado Tarro 230 Gr,"10,22 € / 1 Kg","2,35 €",BEBE
Despensa,"Desayuno, dulces y café",Velitas Smiley 27 Gr,"11,07 € / 100 Gr","2,99 €",VAHINE
Despensa,"Desayuno, dulces y café",Galleta Digestive Finas Chocolate Negro 170 Gr,"14,71 € / 1 Kg","2,50 €",FONTANEDA
Despensa,"Desayuno, dulces y café",Galleta Digestive Finas Chocolate con Leche 170 Gr,"14,71 € / 1 Kg","2,50 €",FONTANEDA
Despensa,"Desayuno, dulces y café",Miel Cruda de Romero Tarro 500 Gr,"12,50 € / 1 Kg","6,25 €",R.APICOLA
Despensa,"Desayuno, dulces y café",Surtido Galletas Compliments 500 Gr,"8,70 € / 1 Kg","4,35 €",LAMBERTZ
Despensa,"Desayuno, dulces y café",Harina Espelta Integral Paquete 1 Kg,"2,49 € / 1 Kg","2,49 €",GALLO
Despensa,"Desayuno, dulces y café",Rollino Latte 222 Gr,"8,06 € / 1 Kg","1,79 €",BALCONI
Despensa,"Desayuno, dulces y café",Trancetto Cacao 280 Gr,"6,39 € / 1 Kg","1,79 €",BALCONI
Despensa,"Desayuno, dulces y café",Magdalena Choco Chips Zero 256 Gr,"10,00 € / 1 Kg","2,25 €",HERAS
Despensa,"Desayuno, dulces y café",Chocolate Negro 82% con Almendra 250 Gr,"19,96 € / 1 Kg","4,99 €",VALOR
Despensa,"Desayuno, dulces y café",Chocolate a la Taza en Polvo 340 Gr,"9,68 € / 1 Kg","3,29 €",PALADIN
Despensa,"Desayuno, dulces y café",Café con Leche Intenso Cápsulas 16 U,"0,31 € / 1 U","4,89 €",DOLCE GUSTO
Despensa,"Desayuno, dulces y café",Quema Grasa 25 U,"0,11 € / 1 U","2,75 €",POMPADOUR
Despensa,"Desayuno, dulces y café",Confitura Fresa Pack de 10 10 x 25 Gr,"7,16 € / 1 Kg","1,79 €",HELIOS
Despensa,"Desayuno, dulces y café",Tubitos Rellenos Crema de Cacao 160 Gr,"8,33 € / 1 Kg","1,25 €",MELS
Despensa,"Desayuno, dulces y café",Tubitos Rellenos Crema de Vainilla 160 Gr,"8,33 € / 1 Kg","1,25 €",MELS
Despensa,"Desayuno, dulces y café",Confitura Melocotón Pack de 10 10 x 25 Gr,"7,16 € / 1 Kg","1,79 €",HELIOS
Despensa,"Desayuno, dulces y café",Galleta Mini Integral Multicereales 225 Gr,"8,84 € / 1 Kg","1,99 €",CONSUM ECO
Despensa,"Desayuno, dulces y café",Magdalena sin Azúcares Añadidos y Sin Leche 500 Gr,"6,64 € / 1 Kg","2,99 €",LALY
Despensa,"Desayuno, dulces y café",Galleta con Chocolate Cards 2x5 Packs 128 Gr,"21,80 € / 1 Kg","2,79 €",KINDER
Despensa,"Desayuno, dulces y café",Miel de Flores Pack de 10 10 x 25 Gr,"11,40 € / 1 Kg","2,85 €",HELIOS
Despensa,"Desayuno, dulces y café",Barritas Almendra Chocolate con Leche 4 x 25 Gr,"26,90 € / 1 Kg","2,69 €",EL ALMENDRO
Despensa,"Desayuno, dulces y café",Membrillo sin Azúcar 2 x 185 Gr,"5,54 € / 1 Kg","2,05 €",CONSUM
Despensa,"Desayuno, dulces y café",Café Molido Ecológico 250 Gr,"15,40 € / 1 Kg","3,85 €",BONKA
Despensa,"Desayuno, dulces y café",Jelly Kisses Sabor Fresa y Nata 200 Gr,"5,75 € / 1 Kg","1,15 €",FINI
Despensa,"Desayuno, dulces y café",Happy Party 500 Gr,"9,50 € / 1 Kg","4,75 €",FINI
Despensa,"Desayuno, dulces y café",Cereales Rellenos Leche sin Gluten 500 Gr,"5,18 € / 1 Kg","2,59 €",CERIDÉS
Despensa,"Desayuno, dulces y café",Cereales Rellenos Choco sin Gluten 500 Gr,"5,50 € / 1 Kg","2,75 €",CERIDÉS
Despensa,"Desayuno, dulces y café",Loco's Cacao 6 Unidades 240 Gr,"8,29 € / 1 Kg","1,99 €",CONSUM
Despensa,"Desayuno, dulces y café",Loco's White 6 Unidades 270 Gr,"7,37 € / 1 Kg","1,99 €",CONSUM
Despensa,"Desayuno, dulces y café",Loco's Azúcar 6 Unidades 252 Gr,"7,90 € / 1 Kg","1,99 €",CONSUM
Despensa,"Desayuno, dulces y café",Caramelo Eucalipto 150 Gr,"7,67 € / 1 Kg","1,15 €",CONSUM
Despensa,"Desayuno, dulces y café",Caramelo Eucalipto sin Azúcar 90 Gr,"11,00 € / 1 Kg","0,99 €",CONSUM
Despensa,"Desayuno, dulces y café",Caramelo Miel-Limón 150 Gr,"7,67 € / 1 Kg","1,15 €",CONSUM
Despensa,"Desayuno, dulces y café",Caramelo Mix Frutas sin Azúcar 90 Gr,"11,67 € / 1 Kg","1,05 €",CONSUM
Despensa,"Desayuno, dulces y café",Caramelo Naranja - Limón 150 Gr,"7,67 € / 1 Kg","1,15 €",CONSUM
Despensa,"Desayuno, dulces y café",Gelatina Fresa 114 Gr,"24,12 € / 1 Kg","2,75 €",ROYAL
Despensa,"Desayuno, dulces y café",Briox Trenzado 400 Gr,"10,48 € / 1 Kg","4,19 €",MUSFI'S
Despensa,"Desayuno, dulces y café",Muesli Crujiente sin Azúcar 500 Gr,"4,58 € / 1 Kg","2,29 €",CERIDÉS
Despensa,"Desayuno, dulces y café",Fideos Arco Iris Frasco 71 Gr,"31,69 € / 1 Kg","2,25 €",VAHINÉ
Despensa,"Desayuno, dulces y café",Infusión Fruit All sin Teina 20 Bolsitas 20 U,"0,13 € / 1 U","2,50 €",POMPADOUR
Despensa,"Desayuno, dulces y café",Postre de Macedonia Pack 2 Unidades 2 x 100 Gr,"7,00 € / 1 Kg","1,40 €",ANELA
Despensa,"Desayuno, dulces y café",Cacao Soluble 0% Bolsa 500 Gr,"11,98 € / 1 Kg","5,99 €",COLA CAO
Despensa,"Desayuno, dulces y café",Barrita Nesquik Cereales Pack 4 Unidades 4 x 25 Gr,"15,00 € / 1 Kg","1,50 €",NESTLE
Despensa,"Desayuno, dulces y café",Rollino Nocciola Balconi 222 Gr,"8,06 € / 1 Kg","1,79 €",BALCONI
Despensa,"Desayuno, dulces y café",Caramelo Líquido 300 Gr,"5,63 € / 1 Kg","1,69 €",MOLINO REAL
Despensa,"Desayuno, dulces y café",Fideos Chocolate 71 Gr,"31,69 € / 1 Kg","2,25 €",VAHINE
Despensa,"Desayuno, dulces y café",Cuajada Casera 48 Gr,"2,90 € / 100 Gr","1,39 €",MOLINO REAL
Despensa,"Desayuno, dulces y café",Té English Breakfast 25 Bolsitas 82 Gr,"57,20 € / 1 Kg","4,69 €",TWININGS
Despensa,"Desayuno, dulces y café",Ositos de Oro 100 Gr,"13,90 € / 1 Kg","1,39 €",HARIBO
Despensa,"Desayuno, dulces y café",Favoritos Azúcar 90 Gr,"15,44 € / 1 Kg","1,39 €",HARIBO
Despensa,"Desayuno, dulces y café",Funky Mix 100 Gr,"13,90 € / 1 Kg","1,39 €",HARIBO
Despensa,"Desayuno, dulces y café",Favoritos Regaliz Red & White 90 Gr,"15,44 € / 1 Kg","1,39 €",HARIBO
Despensa,"Desayuno, dulces y café",Fresones 100 Gr,"13,90 € / 1 Kg","1,39 €",HARIBO
Despensa,"Desayuno, dulces y café",Rodajas de Sandía 90 Gr,"15,44 € / 1 Kg","1,39 €",HARIBO
Despensa,"Desayuno, dulces y café",Tropifrutti 100 Gr,"13,90 € / 1 Kg","1,39 €",HARIBO
Despensa,"Desayuno, dulces y café",Favoritos Azúcar Tarrina 500 Gr,"9,98 € / 1 Kg","4,99 €",HARIBO
Despensa,"Desayuno, dulces y café",Gelatina Neutra en Polvo 2 Sobres x 10 gr 20 Gr,"8,45 € / 100 Gr","1,69 €",MOLINO REAL
Despensa,"Desayuno, dulces y café",Algodón de Azúcar 30 Gr,"3,83 € / 100 Gr","1,15 €",DEKORA
Despensa,"Desayuno, dulces y café",Caramelo Toffee 150 Gr,"7,67 € / 1 Kg","1,15 €",CONSUM
Despensa,"Desayuno, dulces y café",Infusión Arándanos con Hibisco 20 Bolsitas 20 U,"0,14 € / 1 U","2,79 €",HORNIMANS
Despensa,"Desayuno, dulces y café",Infusión Maca y Jengibre 20 Bolsitas 20 U,"0,14 € / 1 U","2,79 €",HORNIMANS
Despensa,"Desayuno, dulces y café","M&M's bolitas de Cacahuetes y Chocolate con Leche, 200g","17,95 € / 1 Kg","3,59 €",MARS
Despensa,"Desayuno, dulces y café",Snack Chocolate 3 x 45 Gr,"20,67 € / 1 Kg","2,79 €",MARS
Despensa,"Desayuno, dulces y café",Snack Chocolate 3 x 50 Gr,"18,60 € / 1 Kg","2,79 €",SNICKERS
Despensa,"Desayuno, dulces y café",Chocolatina 3 x 50 Gr,"18,60 € / 1 Kg","2,79 €",TWIX
Despensa,"Desayuno, dulces y café",Cacao Soluble 383 Gr,"9,90 € / 1 Kg","3,79 €",COLA CAO
Despensa,"Desayuno, dulces y café",Galletitas Animales Solo Cereales 100% Eco-Bío 100 Gr,"34,90 € / 1 Kg","3,49 €",HERO
Despensa,"Desayuno, dulces y café",Mantecadas Luna 370 Gr,"5,38 € / 1 Kg","1,99 €",LUNA
Despensa,"Desayuno, dulces y café",Café Ristretto 20 Cápsulas 20 U,"0,30 € / 1 U","5,99 €",MARCILLA
Despensa,"Desayuno, dulces y café",Café Intenso 20 Cápsulas 20 U,"0,30 € / 1 U","5,99 €",MARCILLA
Despensa,"Desayuno, dulces y café",Café Descafeinado 20 Cápsulas 20 U,"0,30 € / 1 U","5,99 €",MARCILLA
Despensa,"Desayuno, dulces y café",Bombones Surtidos sin Gluten 150 Gr,"13,27 € / 1 Kg","1,99 €",CONSUM
Despensa,"Desayuno, dulces y café",Café Grano Colombia 500 Gr,"23,98 € / 1 Kg","11,99 €",L'OR
Despensa,"Desayuno, dulces y café",Café Espresso Colombia Cápsulas 20 U,"0,43 € / 1 U","8,65 €",L'OR
Despensa,"Desayuno, dulces y café",Infusión Ultralax 20 Bolsitas 20 U,"0,14 € / 1 U","2,75 €",POMPADOUR
Despensa,"Desayuno, dulces y café",Te Verde 20 Bolsitas 20 U,"0,04 € / 1 U","0,75 €",CONSUM
Despensa,"Desayuno, dulces y café",Kit Kat Mini 200 Gr,"13,45 € / 1 Kg","2,69 €",NESTLE
Despensa,"Desayuno, dulces y café",Te Rojo 20 Bolsitas 20 U,"0,06 € / 1 U","1,15 €",CONSUM
Despensa,"Desayuno, dulces y café",Manzanilla con Anís 20 bolsitas 20 U,"0,04 € / 1 U","0,85 €",CONSUM
Despensa,"Desayuno, dulces y café",Té Negro 20 Bolsitas 20 U,"0,04 € / 1 U","0,75 €",CONSUM
Despensa,"Desayuno, dulces y café",Tila 20 Bolsitas 20 U,"0,04 € / 1 U","0,85 €",CONSUM
Despensa,"Desayuno, dulces y café",Bombones Surtidos sin Gluten 470 Gr,"9,15 € / 1 Kg","4,30 €",CONSUM
Despensa,"Desayuno, dulces y café",Chocolate Negro Dark 270 Gr,"11,67 € / 1 Kg","3,15 €",NESTLE
Despensa,"Desayuno, dulces y café",Pancakes 160 Gr,"12,44 € / 1 Kg","1,99 €",CREAPAN
Despensa,"Desayuno, dulces y café",Chicle Fresa sin Azúcar Bote 100 Gr,"19,50 € / 1 Kg","1,95 €",CONSUM
Despensa,"Desayuno, dulces y café",Chicle Menta sin Azúcar Bote 100 Gr,"19,50 € / 1 Kg","1,95 €",CONSUM
Despensa,"Desayuno, dulces y café",Chicle Hierbabuena sin Azúcar Bote 100 Gr,"19,50 € / 1 Kg","1,95 €",CONSUM
Despensa,"Desayuno, dulces y café",Chicle Menta Regaliz sin Azúcar Bote 100 Gr,"19,50 € / 1 Kg","1,95 €",CONSUM
Despensa,"Desayuno, dulces y café",Chocolate Negro 70% Dark 120 Gr,"16,58 € / 1 Kg","1,99 €",NESTLE
Despensa,"Desayuno, dulces y café",Menta Poleo 20 Bolsitas 20 U,"0,03 € / 1 U","0,65 €",CONSUM
Despensa,"Desayuno, dulces y café",Barritas de Almendras Chocolate Negro 70% 4 x 25 Gr,"26,90 € / 1 Kg","2,69 €",EL ALMENDRO
Despensa,"Desayuno, dulces y café",Bizcocho Mix Milk 10 U,"0,30 € / 1 U","2,99 €",BALCONI
Despensa,"Desayuno, dulces y café",Infusión Sueño 20 Bolsitas 20 U,"0,05 € / 1 U","1,05 €",CONSUM
Despensa,"Desayuno, dulces y café",Infusión Figura 20 Bolsitas 20 U,"0,06 € / 1 U","1,10 €",CONSUM
Despensa,"Desayuno, dulces y café",Pause Ciok sin Gluten Bizcochito con Chocolate 350 Gr,"12,54 € / 1 Kg","4,39 €",SCHÄR
Despensa,"Desayuno, dulces y café",Chocolate a la Taza 5 x 50 Gr,"11,96 € / 1 Kg","2,99 €",ANDREU
Despensa,"Desayuno, dulces y café",Cookies Mini Nocilla Original 160 Gr,"17,44 € / 1 Kg","2,79 €",NOCILLA
Despensa,"Desayuno, dulces y café",Copos Trigo Espelta Ecológicos integrales 350 Gr,"9,69 € / 1 Kg","3,39 €",CONSUM ECO
Despensa,"Desayuno, dulces y café",Bollisol Relleno Cacao 4 Unidades 240 Gr,"7,88 € / 1 Kg","1,89 €",DULCESOL
Despensa,"Desayuno, dulces y café",Chocolate Negro 85% Dark 120 Gr,"16,58 € / 1 Kg","1,99 €",NESTLE
Despensa,"Desayuno, dulces y café",Chocolate Leche y Galleta Jungly 125 Gr,"13,52 € / 1 Kg","1,69 €",JUNGLY
Despensa,"Desayuno, dulces y café",Cereales Oreo O's 350 Gr,"12,83 € / 1 Kg","4,49 €",OREO
Despensa,"Desayuno, dulces y café",Cereales Choco Zero sin Gluten y sin Azúcares 300 Gr,"8,17 € / 1 Kg","2,45 €",ESGIR
Despensa,"Desayuno, dulces y café",Café Espresso India 10 Cápsulas 10 U,"0,37 € / 1 U","3,69 €",NESCAFE
Despensa,"Desayuno, dulces y café",Kinder Maxi Barrita Chocolate T-6 126 Gr,"19,76 € / 1 Kg","2,49 €",FERRERO
Despensa,"Desayuno, dulces y café",Café Descafeinado Colombia 10 Cápsulas 10 U,"0,37 € / 1 U","3,69 €",NESCAFE
Despensa,"Desayuno, dulces y café",Café Lungo Brazil 10 Cápsulas 10 U,"0,37 € / 1 U","3,69 €",NESCAFE
Despensa,"Desayuno, dulces y café",Pepitas Chocolate Negro Intenso 70% 100 Gr,"33,50 € / 1 Kg","3,35 €",VAHINÉ
Despensa,"Desayuno, dulces y café",Bizcocho Limón sin Azúcar Añadidos 500 Gr,"6,64 € / 1 Kg","2,99 €",LALY
Despensa,"Desayuno, dulces y café",Barritas Cereales con Choco-Leche 0% Pack 6 120 Gr,"20,75 € / 1 Kg","2,49 €",CORNY
Despensa,"Desayuno, dulces y café",Barritas Cereales con Chocolate Negro Pack 6 138 Gr,"18,04 € / 1 Kg","2,49 €",CORNY
Despensa,"Desayuno, dulces y café",Barritas Cereales con Chocolate Leche Pack 6 150 Gr,"16,60 € / 1 Kg","2,49 €",CORNY
Despensa,"Desayuno, dulces y café",Mix Cereales 0% Azúcares Añadidos 300 Gr,"7,30 € / 1 Kg","2,19 €",ESGIR
Despensa,"Desayuno, dulces y café",Kinder Schokobons White Bolsa 200 Gr,"19,95 € / 1 Kg","3,99 €",KINDER
Despensa,"Desayuno, dulces y café",Galleta Mini Rellena de Crema Golden 160 Gr,"12,44 € / 1 Kg","1,99 €",OREO
Despensa,"Desayuno, dulces y café",Donettes Rayados 8 Unidades 176 Gr,"15,63 € / 1 Kg","2,75 €",DONUTS
Despensa,"Desayuno, dulces y café",Galleta Rellena de Crema 304 Gr,"13,13 € / 1 Kg","3,99 €",NUTELLA
Despensa,"Desayuno, dulces y café",Lacasitos con Licencia Tubo 20 Gr,"12,75 € / 100 Gr","2,55 €",LACASA
Despensa,"Desayuno, dulces y café",Café Grano Natural 500 Gr,"15,98 € / 1 Kg","7,99 €",MARCILLA
Despensa,"Desayuno, dulces y café",Infusión Cúrcuma y Té Matcha 20 Bolsitas 20 U,"0,14 € / 1 U","2,79 €",HORNIMANS
Despensa,"Desayuno, dulces y café","Bote Chicles Sin Azúcar de Eucalipto en grageas, 60uds","47,50 € / 1 Kg","3,99 €",ORBIT
Despensa,"Desayuno, dulces y café",Caramelo Eucalipto Mentol sin Azúcar 2 x 32 Gr,"29,53 € / 1 Kg","1,89 €",HALLS
Despensa,"Desayuno, dulces y café",Miel de Flores Ecológica Tarro 500 Gr,"10,78 € / 1 Kg","5,39 €",R.APICOLA
Despensa,"Desayuno, dulces y café",Cereales Cheerios Avena 300 Gr,"11,63 € / 1 Kg","3,49 €",NESTLE
Despensa,"Desayuno, dulces y café",Weikis con Pepitas Choco Leche 240 Gr,"11,21 € / 1 Kg","2,69 €",BELLA EASO
Despensa,"Desayuno, dulces y café",Azúcar Moreno Paquete 1 Kg,"1,95 € / 1 Kg","1,95 €",AZUCARERA
Despensa,"Desayuno, dulces y café",Panela 450 Gr,"4,00 € / 1 Kg","1,80 €",NATURWASSY
Despensa,"Desayuno, dulces y café",Té Negro con Canela 20 Bolsitas 20 U,"0,13 € / 1 U","2,50 €",POMPADOUR
Despensa,"Desayuno, dulces y café",Cacao Soluble 0% Azúcares Añadidos 345 Gr,"13,41 € / 1 Kg","4,29 €",NESQUIK
Despensa,"Desayuno, dulces y café",Té Verde Moruno 20 Bolsitas 20 U,"0,14 € / 1 U","2,75 €",POMPADOUR
Despensa,"Desayuno, dulces y café",Canela Molida 43 Gr,"7,65 € / 100 Gr","3,29 €",VAHINÉ
Despensa,"Desayuno, dulces y café",Obleas Estuche 240 Gr,"10,21 € / 1 Kg","2,45 €",FABIAN MARTI
Despensa,"Desayuno, dulces y café",Café Ristretto África 18 Cápsulas 18 U,"0,35 € / 1 U","6,29 €",NESCAFE
Despensa,"Desayuno, dulces y café",Pastas de Té Bandeja 350 Gr,"5,40 € / 1 Kg","1,89 €",GARCINUEZ
Despensa,"Desayuno, dulces y café",Infusión Probióticos y Manzanilla 15 U,"0,20 € / 1 U","2,99 €",POMPADOUR
Despensa,"Desayuno, dulces y café",Infusión Probióticos y Jengibre 15 U,"0,20 € / 1 U","2,99 €",POMPADOUR
Despensa,"Desayuno, dulces y café",Bombón Zebra Largo 3 Unidades 120 Gr,"8,33 € / 1 Kg","1,00 €",DULCESOL
Despensa,"Desayuno, dulces y café",Muesli Frutos Secos Crujiente 500 Gr,"4,58 € / 1 Kg","2,29 €",CERIDÉS
Despensa,"Desayuno, dulces y café",Galleta con Tableta de Chocolate con Leche 150 Gr,"8,33 € / 1 Kg","1,25 €",CONSUM
Despensa,"Desayuno, dulces y café",Hojaldres de Astorga Bandeja 8 Unidades 240 Gr,"7,29 € / 1 Kg","1,75 €",DULMA
Despensa,"Desayuno, dulces y café",Gomas Surtidas Brillo Veganas 110 Gr,"8,64 € / 1 Kg","0,95 €",DAMEL
Despensa,"Desayuno, dulces y café",Jarabe de Arce 150 Gr,"28,33 € / 1 Kg","4,25 €",MAPLE JOE
Despensa,"Desayuno, dulces y café",Copos Avena Integral sin Gluten 450 Gr,"5,56 € / 1 Kg","2,50 €",ESGIR
Despensa,"Desayuno, dulces y café",Chocolate Blanco con Galleta 125 Gr,"13,52 € / 1 Kg","1,69 €",JUNGLY
Despensa,"Desayuno, dulces y café",Galleta con Tableta Chocolate Negro 150 Gr,"8,33 € / 1 Kg","1,25 €",CONSUM
Despensa,"Desayuno, dulces y café",Barrita Choco Krispies Caja 6 Unidades 6 x 20 Gr,"27,92 € / 1 Kg","3,35 €",KELLOGG'S
Despensa,"Desayuno, dulces y café",Cereales Rice Krispies 340 Gr,"12,91 € / 1 Kg","4,39 €",KELLOGG'S
Despensa,"Desayuno, dulces y café",Cacao Soluble 100% Natural 250 Gr,"17,16 € / 1 Kg","4,29 €",VALOR
Despensa,"Desayuno, dulces y café",Café Doppio Espresso Cápsulas 16 U,"0,31 € / 1 U","4,89 €",DOLCE GUSTO
Despensa,"Desayuno, dulces y café",Cafe Colombia Cápsulas 20 U,"0,30 € / 1 U","5,99 €",MARCILLA
Despensa,"Desayuno, dulces y café",Café con Leche 30 Cápsulas 30 U,"0,26 € / 1 U","7,75 €",DOLCE GUSTO
Despensa,"Desayuno, dulces y café",Café Espresso Intenso 30 Cápsulas 30 U,"0,26 € / 1 U","7,75 €",DOLCE GUSTO
Despensa,"Desayuno, dulces y café",Crema para Untar de Galleta 400 Gr,"8,73 € / 1 Kg","3,49 €",LOTUS
Despensa,"Desayuno, dulces y café",Cereales Choco Protein Sin Azúcar 250 Gr,"11,96 € / 1 Kg","2,99 €",ESGIR
Despensa,"Desayuno, dulces y café",Harina Trigo Sarraceno Alforfón 500 Gr,"6,70 € / 1 Kg","3,35 €",NATUR DACSA
Despensa,"Desayuno, dulces y café",Salvado Avena Crujiente Sin Azucares Añadidos 300 Gr,"8,83 € / 1 Kg","2,65 €",ESGIR
Despensa,"Desayuno, dulces y café",Peque Galletas Bolsa 180 Gr,"19,44 € / 1 Kg","3,50 €",NESTLE
Despensa,"Desayuno, dulces y café",Cereales Solubles con Magnesio 150 Gr,"25,27 € / 1 Kg","3,79 €",EKO
Despensa,"Desayuno, dulces y café",Galletas Finas Avena Chocoleche 150 Gr,"15,00 € / 1 Kg","2,25 €",GULLON ZERO
Despensa,"Desayuno, dulces y café",Galleta Fina Chocoleche 150 Gr,"15,00 € / 1 Kg","2,25 €",GULLON ZERO
Despensa,"Desayuno, dulces y café",Galleta Choco Finas 126 Gr,"14,68 € / 1 Kg","1,85 €",MILKA
Despensa,"Desayuno, dulces y café",Obleas Artesanas 20 unidades 35 Gr,"1,29 € / 100 Gr","0,45 €",DICAR
Despensa,"Desayuno, dulces y café",Chocolate con Oreo 300 Gr,"12,50 € / 1 Kg","3,75 €",MILKA
Despensa,"Desayuno, dulces y café",Galleta Flakes Nocilla Caja 3 Bolsitas 105 Gr,"11,43 € / 1 Kg","1,20 €",CUETARA
Despensa,"Desayuno, dulces y café",Chocolate Negro para Postres 200 Gr,"12,75 € / 1 Kg","2,55 €",NESTLE
Despensa,"Desayuno, dulces y café",Caja Cumpleaños Fun Box 70 Gr,"16,43 € / 1 Kg","1,15 €",FINI
Despensa,"Desayuno, dulces y café",Granola Avena Chocolate Special K 320 Gr,"9,69 € / 1 Kg","3,10 €",KELLOGG'S
Despensa,"Desayuno, dulces y café",Edulcorante Eritritol 200 Gr,"16,00 € / 1 Kg","3,20 €",NATURWASSY
Despensa,"Desayuno, dulces y café",Tajada Sandia 150 Gr,"5,93 € / 1 Kg","0,89 €",CONSUM
Despensa,"Desayuno, dulces y café",Mix Regaliz 150 Gr,"6,33 € / 1 Kg","0,95 €",CONSUM
Despensa,"Desayuno, dulces y café",Galleta Mini Cookies Licencia 250 Gr,"8,76 € / 1 Kg","2,19 €",MAXIES
Despensa,"Desayuno, dulces y café",Barrita de Galleta Chocolate con Leche 6 x 18 Gr,"12,87 € / 1 Kg","1,39 €",NESTLE
Despensa,"Desayuno, dulces y café",Fresón Relleno 150 Gr,"5,93 € / 1 Kg","0,89 €",CONSUM
Despensa,"Desayuno, dulces y café",Café Grano Descafeinado 500 Gr,"8,40 € / 1 Kg","4,20 €",CONSUM
Despensa,"Desayuno, dulces y café",Chocolate 99% Cacao 100 Gr,"15,90 € / 1 Kg","1,59 €",CONSUM
Despensa,"Desayuno, dulces y café",Café Descafeinado 16 Cápsulas 16 U,"0,20 € / 1 U","3,20 €",CONSUM
Despensa,"Desayuno, dulces y café",Café Intenso 16 Cápsulas 16 U,"0,20 € / 1 U","3,20 €",CONSUM
Despensa,"Desayuno, dulces y café",Café con Leche 16 Cápsulas 16 U,"0,20 € / 1 U","3,20 €",CONSUM
Despensa,"Desayuno, dulces y café",Cortado 16 Cápsulas 16 U,"0,20 € / 1 U","3,20 €",CONSUM
Despensa,"Desayuno, dulces y café",Café Extra Intenso 16 Cápsulas 16 U,"0,20 € / 1 U","3,20 €",CONSUM
Despensa,"Desayuno, dulces y café",Mini Bollisol 3 Unidades 150 Gr,"6,67 € / 1 Kg","1,00 €",DULCESOL
Despensa,"Desayuno, dulces y café",Mini Magdalenas con Chips Chocolate 133 Gr,"7,52 € / 1 Kg","1,00 €",DULCESOL
Despensa,"Desayuno, dulces y café",Trigo Inflado Miel 500 Gr,"3,98 € / 1 Kg","1,99 €",CERIDÉS
Despensa,"Desayuno, dulces y café",Te Verde con Matcha 20 Bolsitas 20 U,"0,14 € / 1 U","2,75 €",POMPADOUR
Despensa,"Desayuno, dulces y café",Edulcorante Stevia Comprimidos 200 Do,"0,01 € / 1 Do","1,85 €",RIO
Despensa,"Desayuno, dulces y café",Nocistick Original 2 x 30 Gr,"20,00 € / 1 Kg","1,20 €",NOCILLA
Despensa,"Desayuno, dulces y café",Edulcorante Stevia Liquido 125 ml,"14,80 € / 1 L","1,85 €",RIO
Despensa,"Desayuno, dulces y café",Edulcorante Stevia Granulado 200 Gr,"15,50 € / 1 Kg","3,10 €",RIO
Despensa,"Desayuno, dulces y café",Huevo con Sorpresa 3 x 20 Gr,"27,50 € / 1 Kg","1,65 €",ZAINI
Despensa,"Desayuno, dulces y café",Sirope de Agave Bio 350 Gr,"7,71 € / 1 Kg","2,70 €",ECOWASSY
Despensa,"Desayuno, dulces y café",Galleta de Cacao Rellena Caramelo y Vainilla 157 Gr,"9,49 € / 1 Kg","1,49 €",OREO REMIX
Despensa,"Desayuno, dulces y café",Galleta Rellena de Crema 3 x 28 Gr,"11,90 € / 1 Kg","1,00 €",NUTELLA
Despensa,"Desayuno, dulces y café",Schokobons Bolsa 46 Gr,"3,02 € / 100 Gr","1,39 €",KINDER
Despensa,"Desayuno, dulces y café",Galactic Brownies 8 Unidades 200 Gr,"11,25 € / 1 Kg","2,25 €",MR.BROWNIE
Despensa,"Desayuno, dulces y café",Galleta Tosta Rica Oceanix para Llevar 235 Gr,"12,72 € / 1 Kg","2,99 €",CUETARA
Despensa,"Desayuno, dulces y café",Galleta Avena 3 Chocolates 425 Gr,"3,88 € / 1 Kg","1,65 €",NATUR FUN
Despensa,"Desayuno, dulces y café",Galleta Maria del Sur Integral con Espelta 380 Gr,"4,97 € / 1 Kg","1,89 €",FAM.BISCUITS
Despensa,"Desayuno, dulces y café",Galleta María del Sur con Canela 380 Gr,"4,97 € / 1 Kg","1,89 €",FAM.BISCUITS
Despensa,"Desayuno, dulces y café",Galleta Tostada Petit Choco 420 Gr,"2,98 € / 1 Kg","1,25 €",FAM.BISCUITS
Despensa,"Desayuno, dulces y café",Galleta Tosta Rica Cubierta de Chocolate 210 Gr,"12,86 € / 1 Kg","2,70 €",CUETARA
Despensa,"Desayuno, dulces y café",Queso Rulo de Cabra 100% 180 Gr,"11,78 € / 1 Kg","2,12 €",CONSUM
Despensa,"Desayuno, dulces y café",Chocolate Xtreme Galleta y Caramelo 87 Gr,"13,68 € / 1 Kg","1,19 €",NESTLE
Despensa,"Desayuno, dulces y café",Galleta Rellena de Crema 133 Gr,"14,96 € / 1 Kg","1,99 €",DONUTS
Despensa,"Desayuno, dulces y café",Velitas Diseño 10 U,"0,19 € / 1 U","1,89 €",VAHINÉ
Despensa,"Desayuno, dulces y café",Maxi Pepitas XXL Chocolate negro 100 Gr,"26,90 € / 1 Kg","2,69 €",VAHINÉ
Despensa,"Desayuno, dulces y café",Barrita Frutas y Cacahuete 140 Gr,"22,07 € / 1 Kg","3,09 €",NAKD
Despensa,"Desayuno, dulces y café",Chocolate Xtreme Caramelo y Avellana 87 Gr,"13,68 € / 1 Kg","1,19 €",NESTLE
Despensa,"Desayuno, dulces y café",Barrita Frutas y Arándanos 140 Gr,"22,07 € / 1 Kg","3,09 €",NAKD
Despensa,"Desayuno, dulces y café",Chocolate Negro 72% Cacao con Arandanos 100 Gr,"14,00 € / 1 Kg","1,40 €",CONSUM
Despensa,"Desayuno, dulces y café",Chocolate Negro 72% Cacao con Naranja 100 Gr,"14,00 € / 1 Kg","1,40 €",CONSUM
Despensa,"Desayuno, dulces y café",Pack Velas Aniversario Colores Surtidos 24 U,"0,04 € / 1 U","0,99 €",LUMAR
Despensa,"Desayuno, dulces y café",Barrita Cereales Fitness Chocolate con Leche 135 Gr,"22,15 € / 1 Kg","2,99 €",NESTLE
Despensa,"Desayuno, dulces y café",Galleta Chiquilin 525 Gr,"6,95 € / 1 Kg","3,65 €",ARTIACH
Despensa,"Desayuno, dulces y café",Galletas Pick Up! Rellenas de Chocolate 4 x 28 Gr,"17,77 € / 1 Kg","1,99 €",BAHLSEN
Despensa,"Desayuno, dulces y café",Magdalenas Redondas Bolsa 9 Unidades 261 Gr,"9,00 € / 1 Kg","2,35 €",BELLA EASO
Despensa,"Desayuno, dulces y café",Caramelo Masticables Air Fruits 125 Gr,"15,92 € / 1 Kg","1,99 €",VERQUIN
Despensa,"Desayuno, dulces y café",Chocolate con Leche sin Lactosa 100 Gr,"15,90 € / 1 Kg","1,59 €",CONSUM
Despensa,"Desayuno, dulces y café",Barritas Cereales con Choco Blanco 0% Pack 6 120 Gr,"20,75 € / 1 Kg","2,49 €",CORNY
Despensa,"Desayuno, dulces y café",Caña Zebra 3 Unidades 150 Gr,"6,67 € / 1 Kg","1,00 €",DULCESOL
Despensa,"Desayuno, dulces y café",Choco Brownies 5 Unidades 125 Gr,"8,00 € / 1 Kg","1,00 €",DULCESOL
Despensa,"Desayuno, dulces y café",Galleta de Jengibre 320 Gr,"7,16 € / 1 Kg","2,29 €",MELS
Despensa,"Desayuno, dulces y café",Crema de Cacao Chocoleche 620 Gr,"8,79 € / 1 Kg","5,45 €",NOCILLA
Despensa,"Desayuno, dulces y café",Café Colombia 18 Cápsulas 18 U,"0,35 € / 1 U","6,29 €",NESCAFE
Despensa,"Desayuno, dulces y café",Barritas Special K Chocolate Negro 6U 129 Gr,"27,52 € / 1 Kg","3,55 €",KELLOGG'S
Despensa,"Desayuno, dulces y café",Cereales Special K Classic 335 Gr,"7,31 € / 1 Kg","2,45 €",KELLOGG'S
Despensa,"Desayuno, dulces y café",Chocolate con Leche Relleno Sabor Fresa 100 Gr,"9,90 € / 1 Kg","0,99 €",CONSUM
Despensa,"Desayuno, dulces y café",Chocolata Leche Postres 200 Gr,"8,00 € / 1 Kg","1,60 €",CONSUM
Despensa,"Desayuno, dulces y café",Cereales Special K Chocolate Negro 325 Gr,"10,31 € / 1 Kg","3,35 €",KELLOGG'S
Despensa,"Desayuno, dulces y café",Galleta Tosta Rica 760 Gr,"5,25 € / 1 Kg","3,99 €",CUETARA
Despensa,"Desayuno, dulces y café","Kit Kat Dark 3 x 41,5 Gr","17,27 € / 1 Kg","2,15 €",NESTLE
Despensa,"Desayuno, dulces y café",Caramelo sin Azúcar Sabor Extra Fuerte 31 Gr,"2,42 € / 100 Gr","0,75 €",PECTOL
Despensa,"Desayuno, dulces y café",Taco Barra Fresa 135 Gr,"5,56 € / 1 Kg","0,75 €",DAMEL
Despensa,"Desayuno, dulces y café",Spaguetti Pika 200 Gr,"4,95 € / 1 Kg","0,99 €",DAMEL
Despensa,"Desayuno, dulces y café",Cereales Kit Kat 330 Gr,"12,09 € / 1 Kg","3,99 €",NESTLE
Despensa,"Desayuno, dulces y café",Café Espresso Chocolat Cápsulas 10 U,"0,44 € / 1 U","4,39 €",L'OR
Despensa,"Desayuno, dulces y café",Café Espresso Caramel Cápsulas 10 U,"0,44 € / 1 U","4,39 €",L'OR
Despensa,"Desayuno, dulces y café",Cereales Integrales Golden Grahams 375 Gr,"10,64 € / 1 Kg","3,99 €",NESTLE
Despensa,"Desayuno, dulces y café",Taco Barra Regaliz 135 Gr,"5,56 € / 1 Kg","0,75 €",DAMEL
Despensa,"Desayuno, dulces y café",Colorinas Regaliz 90 Gr,"9,89 € / 1 Kg","0,89 €",DAMEL
Despensa,"Desayuno, dulces y café",Chocolatina Licencia 4 x 20 Gr,"24,88 € / 1 Kg","1,99 €",DEKORA
Despensa,"Desayuno, dulces y café",Galleta Petit Doré 420 Gr,"2,98 € / 1 Kg","1,25 €",FAM.BISCUITS
Despensa,"Desayuno, dulces y café",Chocolate Blanco Postres 200 Gr,"8,00 € / 1 Kg","1,60 €",CONSUM
Despensa,"Desayuno, dulces y café","Caramelo Limón Melisa 31,5 Gr","3,14 € / 100 Gr","0,99 €",RICOLA
Despensa,"Desayuno, dulces y café","Caramelo Hierbas Suizas 31,5 Gr","3,14 € / 100 Gr","0,99 €",RICOLA
Despensa,"Desayuno, dulces y café",Chocolate con Leche 125 Gr,"19,92 € / 1 Kg","2,49 €",LINDT
Despensa,"Desayuno, dulces y café",Caramelo sin Azúcar Sabor Cappuccino 90 Gr,"25,44 € / 1 Kg","2,29 €",WERTHERS
Despensa,"Desayuno, dulces y café",Arroz Inflado Choco Sin Gluten 500 Gr,"4,30 € / 1 Kg","2,15 €",CERIDÉS
Despensa,"Desayuno, dulces y café",Cereales Crispy Minis Chocolate 500 Gr,"7,58 € / 1 Kg","3,79 €",WEETABIX
Despensa,"Desayuno, dulces y café",Conos de Galleta 90 Gr,"18,33 € / 1 Kg","1,65 €",DICAR
Despensa,"Desayuno, dulces y café",Miel Naranjo Dosificador 500 Gr,"7,70 € / 1 Kg","3,85 €",CONSUM
Despensa,"Desayuno, dulces y café",Sticks de Galleta Cubiertas de Chocolate 112 Gr,"15,63 € / 1 Kg","1,75 €",MILKA
Despensa,"Desayuno, dulces y café",Galleta Napolitana 426 Gr,"6,55 € / 1 Kg","2,79 €",CUETARA
Despensa,"Desayuno, dulces y café",Café Descafeinado Doypack 75 Gr,"36,67 € / 1 Kg","2,75 €",NESCAFE
Despensa,"Desayuno, dulces y café",Café Natural Doypack 75 Gr,"36,67 € / 1 Kg","2,75 €",NESCAFE
Despensa,"Desayuno, dulces y café",Mini Galleta Dorada Marbu 230 Gr,"6,09 € / 1 Kg","1,40 €",ARTIACH
Despensa,"Desayuno, dulces y café",Miel Romero Dosificador 500 Gr,"9,50 € / 1 Kg","4,75 €",CONSUM
Despensa,"Desayuno, dulces y café",Pastelito Choc & Choc 175 Gr,"16,29 € / 1 Kg","2,85 €",MILKA
Despensa,"Desayuno, dulces y café",Base de Tarta 3 Capas 350 Gr,"8,14 € / 1 Kg","2,85 €",GENOISE
Despensa,"Desayuno, dulces y café",Chocolate con Galleta Dinosaurus 84 Gr,"14,17 € / 1 Kg","1,19 €",NESTLE
Despensa,"Desayuno, dulces y café",Choco Aritos Bañados de Chocolate Negro 128 Gr,"5,63 € / 1 Kg","0,72 €",CONSUM
Despensa,"Desayuno, dulces y café",Pastelito Tender Milk 5 x 37 Gr,"15,08 € / 1 Kg","2,79 €",MILKA
Despensa,"Desayuno, dulces y café",Chicles 60 Minutos Liquid Hierbabuena 22 Gr,"5,23 € / 100 Gr","1,15 €",TRIDENT
Despensa,"Desayuno, dulces y café",Choco Aritos Bañados de Chocolate Blanco 128 Gr,"5,86 € / 1 Kg","0,75 €",CONSUM
Despensa,"Desayuno, dulces y café",Bizcochitos Fresa 150 Gr,"7,67 € / 1 Kg","1,15 €",MELS
Despensa,"Desayuno, dulces y café",Lanza Sabor Nata y Fresa 290 Gr,"5,48 € / 1 Kg","1,59 €",DAMEL
Despensa,"Desayuno, dulces y café",Bizcochitos Naranja 150 Gr,"7,67 € / 1 Kg","1,15 €",MELS
Despensa,"Desayuno, dulces y café",Galleta Dorada Marbú 600 Gr,"5,82 € / 1 Kg","3,49 €",ARTIACH
Despensa,"Desayuno, dulces y café",Café Espresso Barista 20 Cápsulas 20 U,"0,39 € / 1 U","7,89 €",L'OR
Despensa,"Desayuno, dulces y café",Café Espresso Sontuoso 20 Cápsulas 20 U,"0,39 € / 1 U","7,89 €",L'OR
Despensa,"Desayuno, dulces y café",Miel Eucalipto Dosificador 500 Gr,"8,40 € / 1 Kg","4,20 €",CONSUM
Despensa,"Desayuno, dulces y café",Edulcorante 60 sobres 60 U,"0,02 € / 1 U","1,15 €",CONSUM
Despensa,"Desayuno, dulces y café",Bizcochos Soletilla Bolsa 300 Gr,"6,00 € / 1 Kg","1,80 €",EL GRECO
Despensa,"Desayuno, dulces y café",Bolas de Cereal Cubiertas de Chocolate 175 Gr,"20,51 € / 1 Kg","3,59 €",MALTESERS
Despensa,"Desayuno, dulces y café",Barrita Chocolate con Leche 3 x 34 Gr,"16,57 € / 1 Kg","1,69 €",JUNGLY
Despensa,"Desayuno, dulces y café",Café South Asia Espresso 10 Cápsulas 10 U,"0,37 € / 1 U","3,69 €",NESCAFE
Despensa,"Desayuno, dulces y café",Chocolate Extrafino Dulce de Leche 83 Gr,"14,34 € / 1 Kg","1,19 €",NESTLE
Despensa,"Desayuno, dulces y café",Infusion Melatonina y Pasiflora 15 U,"0,20 € / 1 U","2,99 €",POMPADOUR
Despensa,"Desayuno, dulces y café",Infusión Propoleo y Equinácia 15 U,"0,20 € / 1 U","2,99 €",POMPADOUR
Despensa,"Desayuno, dulces y café",Infusión Magnesio y Vitamina C 15 U,"0,20 € / 1 U","2,99 €",POMPADOUR
Despensa,"Desayuno, dulces y café",Chocolate Negro con Proteina 3 x 27 Gr,"36,91 € / 1 Kg","2,99 €",VALOR
Despensa,"Desayuno, dulces y café",Chocolate Negro con Proteínas y Almendra 90 Gr,"27,67 € / 1 Kg","2,49 €",VALOR
Despensa,"Desayuno, dulces y café",M&M´S Cacahuete Bolsa 45 Gr,"3,09 € / 100 Gr","1,39 €",MARS
Despensa,"Desayuno, dulces y café",Chocolate con Galleta Filipinos Blanco 84 Gr,"14,17 € / 1 Kg","1,19 €",NESTLE
Despensa,"Desayuno, dulces y café",Croissants Integrales 0% Azúcares 240 Gr,"6,88 € / 1 Kg","1,65 €",DULCESOL
Despensa,"Desayuno, dulces y café",Magdalenas 0% Azúcares 240 Gr,"6,88 € / 1 Kg","1,65 €",DULCESOL
Despensa,"Desayuno, dulces y café",Galleta Tosta Rica Chocoguay más 17% 144 Gr,"17,01 € / 1 Kg","2,45 €",CUETARA
Despensa,"Desayuno, dulces y café",Lunas al Cacao Pack 6 Unidades 132 Gr,"7,58 € / 1 Kg","1,00 €",DULCESOL
Despensa,"Desayuno, dulces y café",Chapelas Extracao Pack 3 Unidades 135 Gr,"7,41 € / 1 Kg","1,00 €",DULCESOL
Despensa,"Desayuno, dulces y café",Barrita Fitness Protein Cacao 0% Azúcares 80 Gr,"27,38 € / 1 Kg","2,19 €",NESTLE
Despensa,"Desayuno, dulces y café",Cereales Fitness Proteina Cacao 0% Azúcares 310 Gr,"11,58 € / 1 Kg","3,59 €",NESTLE
Despensa,"Desayuno, dulces y café",Caramelo Mentol Eucalipto 2 x 25 Gr,"65,00 € / 1 Kg","3,25 €",FISHERMAN´S
Despensa,"Desayuno, dulces y café",Espresso Colombia Descafeinado Cápsulas 10 U,"0,44 € / 1 U","4,39 €",L'OR
Despensa,"Desayuno, dulces y café",Aros Avena Crujientes 85% Harina Integral 400 Gr,"6,73 € / 1 Kg","2,69 €",CERIDÉS
Despensa,"Desayuno, dulces y café",Panela Bio Tierra Madre Azúcar de Caña Integral 400 Gr,"4,88 € / 1 Kg","1,95 €",OXFAM
Despensa,"Desayuno, dulces y café",Café Soluble Natural 100 Gr,"20,50 € / 1 Kg","2,05 €",BOULLIET
Despensa,"Desayuno, dulces y café",Café Soluble Descafeinado 100 Gr,"21,00 € / 1 Kg","2,10 €",BOULLIET
Despensa,"Desayuno, dulces y café",Café Soluble Natural 200 Gr,"14,25 € / 1 Kg","2,85 €",BOULLIET
Despensa,"Desayuno, dulces y café",Café Soluble Descafeinado 200 Gr,"16,75 € / 1 Kg","3,35 €",BOULLIET
Despensa,"Desayuno, dulces y café",Miel Mil Flores Cruda Tarro 500 Gr,"9,40 € / 1 Kg","4,70 €",R.APICOLA
Despensa,"Desayuno, dulces y café",Cacao Soluble 0% Azúcares Añadidos 450 Gr,"7,44 € / 1 Kg","3,35 €",CONSUM
Despensa,"Desayuno, dulces y café",Copos Integrales con Fruta 450 Gr,"5,31 € / 1 Kg","2,39 €",CERIDÉS
Despensa,"Desayuno, dulces y café",Galleta Dorada Marbu 0% Azúcar más 33% 400 Gr,"7,13 € / 1 Kg","2,85 €",ARTIACH
Despensa,"Desayuno, dulces y café",Crema Untar Avellana y Cacao Tarro 750 Gr,"8,39 € / 1 Kg","6,29 €",NUTELLA
Despensa,"Desayuno, dulces y café",Mega-Roulette Caramelo de Gominola 45 Gr,"1,76 € / 100 Gr","0,79 €",HARIBO
Despensa,"Desayuno, dulces y café",Galleta Choco Bom Bañada Chocolate Leche 100 Gr,"10,00 € / 1 Kg","1,00 €",GULLON
Despensa,"Desayuno, dulces y café",Galleta Choco Bom Bañada Choco Blanco 100 Gr,"10,00 € / 1 Kg","1,00 €",GULLON
Despensa,"Desayuno, dulces y café",Galletas con Chocolate Leche Funny Mushrooms 60 Gr,"19,17 € / 1 Kg","1,15 €",MILTONAS
Despensa,"Desayuno, dulces y café",Barrita de Chocolate con Leche 56 Gr,"23,04 € / 1 Kg","1,29 €",KINDER
Despensa,"Desayuno, dulces y café",Nutella&Go Crema Cacao y Palitos de Pan 80 Gr,"18,63 € / 1 Kg","1,49 €",NUTELLA
Despensa,"Desayuno, dulces y café",Galleta con Chocolate Cards 27 Gr,"2,19 € / 100 Gr","0,59 €",KINDER
Despensa,"Desayuno, dulces y café",Caramelo Crema sin Azúcar 32 Gr,"3,09 € / 100 Gr","0,99 €",ZERO
Despensa,"Desayuno, dulces y café",Caramelo Eucalipto sin Azúcar 32 Gr,"3,09 € / 100 Gr","0,99 €",ZERO
Despensa,"Desayuno, dulces y café",Caramelo Fresa con Nata Yogur Griego sin Azúcar 32 Gr,"3,09 € / 100 Gr","0,99 €",ZERO
Despensa,"Desayuno, dulces y café",Caramelo Miel Limón sin Azúcar 31 Gr,"2,42 € / 100 Gr","0,75 €",PECTOL
Despensa,"Desayuno, dulces y café",Caramelo Eucalipto sin Azúcar 31 Gr,"2,42 € / 100 Gr","0,75 €",PECTOL
Despensa,"Desayuno, dulces y café",Cappuccino Soluble 250 Gr,"11,16 € / 1 Kg","2,79 €",SHIP
Despensa,"Desayuno, dulces y café",Compota De Manzana Frasco 700 Gr,"2,79 € / 1 Kg","1,95 €",MOCITOS
Despensa,"Desayuno, dulces y café",Galletas Cola Cao Bañadas con Chocoolate 157 Gr,"19,04 € / 1 Kg","2,99 €",COLA CAO
Despensa,"Desayuno, dulces y café",Galletas Mini Cola Cao Bañadas con Chocolate 100 Gr,"19,90 € / 1 Kg","1,99 €",COLA CAO
Despensa,"Desayuno, dulces y café",Cereales Fitness Original 300 Gr,"8,97 € / 1 Kg","2,69 €",NESTLE
Despensa,Panes y tostadas,Tortillas de Trigo Paquete 8 Unidades 326 Gr,"6,42 € / 1 Kg","2,45 €
2,09 €",OLD EL PASO
Despensa,Panes y tostadas,Rosquilletas 90 Gr,"9,89 € / 1 Kg","1,09 €
0,89 €",VELARTE
Despensa,Panes y tostadas,Pan Maxi Burger 4 Unidades 300 Gr,"7,63 € / 1 Kg","2,29 €",BIMBO
Despensa,Panes y tostadas,Pan Molde Sin Corteza 450 Gr,"5,53 € / 1 Kg","2,49 €",BIMBO
Despensa,Panes y tostadas,Rosquilletas con Pipas Artesanas 80 Gr,"11,13 € / 1 Kg","1,09 €
0,89 €",VELARTE
Despensa,Panes y tostadas,Pan Hogaza Masa Madre 400 Gr,"5,88 € / 1 Kg","2,69 €
2,35 €",RUSTIK BAKER
Despensa,Panes y tostadas,Rosquilletas Artesanas con Queso 80 Gr,"11,13 € / 1 Kg","1,09 €
0,89 €",VELARTE
Despensa,Panes y tostadas,Saladitos Bolsa 4 Paquetes 4 x 30 Gr,"10,75 € / 1 Kg","1,59 €
1,29 €",VELARTE
Despensa,Panes y tostadas,Rosquilletas Cereales Plus 80 Gr,"11,13 € / 1 Kg","1,09 €
0,89 €",VELARTE
Despensa,Panes y tostadas,Pan de Molde Centeno 800 Gr,"2,99 € / 1 Kg","2,79 €
2,39 €",DULCESOL
Despensa,Panes y tostadas,Tortillas Wraps de Trigo Paquete 6 Unidades 350 Gr,"8,26 € / 1 Kg","3,39 €
2,89 €",OLD EL PASO
Despensa,Panes y tostadas,Hogaza de Pan Tostado 9 Cereales 240 Gr,"8,29 € / 1 Kg","2,45 €
1,99 €",RECONDO
Despensa,Panes y tostadas,Hogaza de Pan Rústico 240 Gr,"8,29 € / 1 Kg","2,45 €
1,99 €",RECONDO
Despensa,Panes y tostadas,Pan Payés Sin Gluten 240 Gr,"13,54 € / 1 Kg","3,79 €
3,25 €",SCHÄR
Despensa,Panes y tostadas,Rosquilletas con Chocolate 70 Gr,"15,57 € / 1 Kg","1,09 €",VELARTE
Despensa,Panes y tostadas,Hogaza Integral 240 Gr,"8,29 € / 1 Kg","2,45 €
1,99 €",RECONDO
Despensa,Panes y tostadas,Palitos de Cereales Con Olivas y Sésamo 60 Gr,"16,66 € / 1 Kg","1,19 €
1,00 €",SNATT'S
Despensa,Panes y tostadas,Palitos de Cereales Con Pipas 62 Gr,"16,13 € / 1 Kg","1,19 €
1,00 €",SNATT'S
Despensa,Panes y tostadas,Crackers Sin Gluten 210 Gr,"13,29 € / 1 Kg","3,25 €
2,79 €",SCHÄR
Despensa,Panes y tostadas,Pan Molde Natural sin Corteza 450 Gr,"6,64 € / 1 Kg","2,99 €",BIMBO
Despensa,Panes y tostadas,Tortilla Pocket Paquete 8 Unidades 223 Gr,"12,96 € / 1 Kg","3,39 €
2,89 €",OLD EL PASO
Despensa,Panes y tostadas,Bagels Clásico 4 Unidades 300 Gr,"8,30 € / 1 Kg","2,49 €",BIMBO
Despensa,Panes y tostadas,Bagels Semillas 4 Unidades 300 Gr,"8,97 € / 1 Kg","2,69 €",BIMBO
Despensa,Panes y tostadas,Chapata Rústica 180 Gr,"13,83 € / 1 Kg","2,49 €",RECONDO
Despensa,Panes y tostadas,Tortillas Integrales 8 Unidades 320 Gr,"4,53 € / 1 Kg","1,55 €
1,45 €",CONSUM
Despensa,Panes y tostadas,Pan Rustic Burger 4 Unidades 300 Gr,"3,34 € / 1 Kg","1,25 €
1,00 €",DULCESOL
Despensa,Panes y tostadas,Tacos de Maíz y Trigo 8 Unidades 200 Gr,"8,25 € / 1 Kg","2,05 €
1,65 €",MISSION
Despensa,Panes y tostadas,Pan Chapatón Tradicional 700 Gr,"3,64 € / 1 Kg","2,99 €
2,55 €",DULCESOL
Despensa,Panes y tostadas,Pan Molde Sandwich 700 Gr,"3,27 € / 1 Kg","2,29 €",BIMBO
Despensa,Panes y tostadas,Pan Rallado Natural Paquete 500 Gr,"1,40 € / 1 Kg","0,70 €",CONSUM
Despensa,Panes y tostadas,Pan de Molde Clasico 16 Rebanadas. 460 Gr,"1,85 € / 1 Kg","0,85 €",CONSUM
Despensa,Panes y tostadas,Pan Molde 100% Integral 0% Azúcares Añadidos 460 Gr,"2,07 € / 1 Kg","0,95 €",CONSUM
Despensa,Panes y tostadas,Pan Maxi Burger 4 Unidades 300 Gr,"3,00 € / 1 Kg","0,90 €",CONSUM
Despensa,Panes y tostadas,Pan Hot Dog 6 Unidades 330 Gr,"2,88 € / 1 Kg","0,95 €",CONSUM
Despensa,Panes y tostadas,Pan de Leche 8 Unidades 320 Gr,"4,03 € / 1 Kg","1,29 €",CONSUM
Despensa,Panes y tostadas,Saladitos Pack de 2 2 x 90 Gr,"8,06 € / 1 Kg","1,45 €",CONSUM
Despensa,Panes y tostadas,Pan Tostado Bolsa 200 Gr,"3,75 € / 1 Kg","0,75 €",CONSUM
Despensa,Panes y tostadas,Pan Tostado Integral bolsa 200 Gr,"3,75 € / 1 Kg","0,75 €",CONSUM
Despensa,Panes y tostadas,Minibiscotte Normal 120 Gr,"6,67 € / 1 Kg","0,80 €",CONSUM
Despensa,Panes y tostadas,Pan de Molde Clasico Sin Corteza 450 Gr,"2,78 € / 1 Kg","1,25 €",CONSUM
Despensa,Panes y tostadas,Pan Tostado Sabor Ajo y Perejil 160 Gr,"7,44 € / 1 Kg","1,19 €",CONSUM
Despensa,Panes y tostadas,Picatostes Fritos Naturales 75 Gr,"8,67 € / 1 Kg","0,65 €",CONSUM
Despensa,Panes y tostadas,Picatostes Fritos al Aroma de Ajo 75 Gr,"8,67 € / 1 Kg","0,65 €",CONSUM
Despensa,Panes y tostadas,Mini Tosta con Arandanos 90 Gr,"22,11 € / 1 Kg","1,99 €",ORTIZ
Despensa,Panes y tostadas,Tostada Canape Cuadrada 200 Gr,"19,45 € / 1 Kg","3,89 €",RECONDO
Despensa,Panes y tostadas,Regañas 250 Gr,"4,40 € / 1 Kg","1,10 €",CONSUM
Despensa,Panes y tostadas,Pan Molde Normal 820 Gr,"1,52 € / 1 Kg","1,25 €",CONSUM
Despensa,Panes y tostadas,Pan Molde Integral 820 Gr,"1,52 € / 1 Kg","1,25 €",CONSUM
Despensa,Panes y tostadas,Pan de Molde Clásico sin Gluten 300 Gr,"9,97 € / 1 Kg","2,99 €",SCHÄR
Despensa,Panes y tostadas,Pan Molde 100 %Integral sin Corteza 450 Gr,"3,00 € / 1 Kg","1,35 €",CONSUM
Despensa,Panes y tostadas,Pan Tostado Sabor Tomate y Orégano 160 Gr,"7,44 € / 1 Kg","1,19 €",CONSUM
Despensa,Panes y tostadas,Galletas Artesanas con Cañamon 125 Gr,"10,32 € / 1 Kg","1,29 €",BONDIA
Despensa,Panes y tostadas,Pan de Pita Pack de 6 Unidades 400 Gr,"4,13 € / 1 Kg","1,65 €",STAR
Despensa,Panes y tostadas,Pan Sandwich Multicereal Sottile 8 Unidades 310 Gr,"6,42 € / 1 Kg","1,99 €",DULCESOL
Despensa,Panes y tostadas,Snatts Bocaditos Tomate y Orégano 110 Gr,"13,55 € / 1 Kg","1,49 €",GREFUSA
Despensa,Panes y tostadas,Pan Sandwich Integral Sottile 8 Unidades 310 Gr,"6,42 € / 1 Kg","1,99 €",DULCESOL
Despensa,Panes y tostadas,Palitos Fibra S/Azúcares añadidos - Sal 240 Gr,"8,13 € / 1 Kg","1,95 €",VELARTE
Despensa,Panes y tostadas,Rosegones 250 Gr,"7,40 € / 1 Kg","1,85 €",CONSUM
Despensa,Panes y tostadas,Picos Camperos 250 Gr,"4,20 € / 1 Kg","1,05 €",CONSUM
Despensa,Panes y tostadas,Pan Molde 100% Natural Tierno y Fresco 460 Gr,"3,46 € / 1 Kg","1,59 €",CONSUM
Despensa,Panes y tostadas,Pan de Molde sin Corteza 820 Gr,"4,26 € / 1 Kg","3,49 €",DULCESOL
Despensa,Panes y tostadas,Salapipas Bolsa 4 Paquetes 4 x 40 Gr,"14,94 € / 1 Kg","2,39 €",VELARTE
Despensa,Panes y tostadas,Pan de Molde Oroweat Pipas 680 Gr,"5,51 € / 1 Kg","3,25 €",BIMBO
Despensa,Panes y tostadas,Pan Hogaza M. Madre Multicereales 400 Gr,"5,98 € / 1 Kg","2,39 €",RUSTIK BAKER
Despensa,Panes y tostadas,Tortillas de Trigo Integrales 6 Unidades 350 Gr,"9,69 € / 1 Kg","3,39 €",OLD EL PASO
Despensa,Panes y tostadas,Rebozado Crujiente Sin Gluten 200 Gr,"7,95 € / 1 Kg","1,59 €",ESGIR
Despensa,Panes y tostadas,Pan Rallado Crujiente Paquete 380 Gr,"4,08 € / 1 Kg","1,55 €",FRUMEN
Despensa,Panes y tostadas,Minibiscotte Integral 120 Gr,"6,67 € / 1 Kg","0,80 €",CONSUM
Despensa,Panes y tostadas,Picatostes Natural 80 Gr,"18,63 € / 1 Kg","1,49 €",RECONDO
Despensa,Panes y tostadas,Cracker 250 Gr,"11,20 € / 1 Kg","2,80 €",TUC
Despensa,Panes y tostadas,Medias Noches Panecillos Sin Gluten 200 Gr,"14,95 € / 1 Kg","2,99 €",SCHÄR
Despensa,Panes y tostadas,Salaqueso Bolsa 4 Paquetes 4 x 40 Gr,"14,94 € / 1 Kg","2,39 €",VELARTE
Despensa,Panes y tostadas,Rosquilletas Planas con Cacahuetes 2 x 80 Gr,"8,44 € / 1 Kg","1,35 €",CONSUM
Despensa,Panes y tostadas,Pan de Molde Rebanada Estilo Artesano 550 Gr,"5,36 € / 1 Kg","2,95 €",BIMBO
Despensa,Panes y tostadas,Rosquilletas Fibra 2 x 80 Gr,"8,44 € / 1 Kg","1,35 €",CONSUM
Despensa,Panes y tostadas,Pan de Molde de Avena 460 Gr,"4,33 € / 1 Kg","1,99 €",DULCESOL
Despensa,Panes y tostadas,Pan de Molde Cereales sin Gluten 300 Gr,"9,97 € / 1 Kg","2,99 €",SCHÄR
Despensa,Panes y tostadas,Pan Rallado Estilo Japonés Paquete 150 Gr,"11,67 € / 1 Kg","1,75 €",FRUMEN
Despensa,Panes y tostadas,Pan Vitalite 280 Gr,"9,25 € / 1 Kg","2,59 €",WASA
Despensa,Panes y tostadas,Pan Tostado Multicerales 30 Rebanadas 288 Gr,"9,34 € / 1 Kg","2,69 €",ORTIZ
Despensa,Panes y tostadas,Pan Tostado Integral 30 Rebanadas 324 Gr,"8,30 € / 1 Kg","2,69 €",ORTIZ
Despensa,Panes y tostadas,Pan Tostado Tradicional 30 Rebanadas 324 Gr,"8,30 € / 1 Kg","2,69 €",ORTIZ
Despensa,Panes y tostadas,Rosquilletas Planas con Pipas 2 x 80 Gr,"8,44 € / 1 Kg","1,35 €",CONSUM
Despensa,Panes y tostadas,Pan Fibra 230 Gr,"11,26 € / 1 Kg","2,59 €",WASA
Despensa,Panes y tostadas,Rosquilletas con Anises Horno Tradicional 85 Gr,"13,53 € / 1 Kg","1,15 €",VELARTE
Despensa,Panes y tostadas,Pan de Molde Integral sin Lactosa 450 Gr,"6,64 € / 1 Kg","2,99 €",BIMBO
Despensa,Panes y tostadas,Palitos Aceite Oliva 50 Gr,"15,80 € / 1 Kg","0,79 €",QUELY
Despensa,Panes y tostadas,Palitos Pipas 50 Gr,"15,80 € / 1 Kg","0,79 €",QUELY
Despensa,Panes y tostadas,Pan de Leche 8 Unidades 280 Gr,"9,25 € / 1 Kg","2,59 €",PASQUIER
Despensa,Panes y tostadas,Baguette Sin Gluten 175 Gr,"11,49 € / 1 Kg","2,01 €",SCHÄR
Despensa,Panes y tostadas,Crackers de Espelta Caja de 4 Paquetes 240 Gr,"7,08 € / 1 Kg","1,70 €",MASTRIGO
Despensa,Panes y tostadas,Pan Rallado Ajo-Perejil 500 Gr,"2,10 € / 1 Kg","1,05 €",CONSUM
Despensa,Panes y tostadas,Picos Sin Gluten 60 Gr,"23,17 € / 1 Kg","1,39 €",SCHÄR
Despensa,Panes y tostadas,Rosquilletas Con Choco Pack de 2 2 x 80 Gr,"8,44 € / 1 Kg","1,35 €",CONSUM
Despensa,Panes y tostadas,Galleta Artesana Cacahuete 135 Gr,"9,56 € / 1 Kg","1,29 €",BONDIA
Despensa,Panes y tostadas,Pan Tostado Tostas sin Gluten 260 Gr,"19,19 € / 1 Kg","4,99 €",SCHÄR
Despensa,Panes y tostadas,Cracker Naturales 250 Gr,"9,80 € / 1 Kg","2,45 €",RECONDO
Despensa,Panes y tostadas,Rosquilletas Saladas 60 Gr,"15,83 € / 1 Kg","0,95 €",PASTOR
Despensa,Panes y tostadas,Rosquilletas Natural 60 Gr,"15,83 € / 1 Kg","0,95 €",PASTOR
Despensa,Panes y tostadas,Wraps Semillas Paqueta 6 Unidades 240 Gr,"7,04 € / 1 Kg","1,69 €",ZANUY
Despensa,Panes y tostadas,Tostaditas Toque Pasas y Miel 120 Gr,"10,00 € / 1 Kg","1,20 €",CONSUM
Despensa,Panes y tostadas,Mini Chapata Rústica 100 Gr,"23,90 € / 1 Kg","2,39 €",RECONDO
Despensa,Panes y tostadas,Palitos Frutos Secos 2 x 65 gr. 130 Gr,"8,46 € / 1 Kg","1,10 €",HORNO TRAD.
Despensa,Panes y tostadas,Pan de Sésamo Wasa 200 Gr,"12,95 € / 1 Kg","2,59 €",WASA
Despensa,Panes y tostadas,Meditterranium Bites Pizza 80 Gr,"12,38 € / 1 Kg","0,99 €",VELARTE
Despensa,Panes y tostadas,Mini Tortilla Trigo Paquete 8 Unidades 220 Gr,"11,14 € / 1 Kg","2,45 €",OLD EL PASO
Despensa,Panes y tostadas,Galleta Marinera con Aceite de Oliva 200 Gr,"11,75 € / 1 Kg","2,35 €",DAVEIGA
Despensa,Panes y tostadas,Galleta Marinera con Semillas de Chia 200 Gr,"11,75 € / 1 Kg","2,35 €",DAVEIGA
Despensa,Panes y tostadas,Piadinas Pan Italiano 320 Gr,"7,16 € / 1 Kg","2,29 €",ZANUY
Despensa,Panes y tostadas,Crackers Fibra y Sésamo Harina Integral Centeno 240 Gr,"5,21 € / 1 Kg","1,25 €",MASTRIGO
Despensa,Panes y tostadas,Burger Brioche 340 Gr,"5,26 € / 1 Kg","1,79 €",DULCESOL
Despensa,Panes y tostadas,Bruschetta Tomate y Mozzarella 70 Gr,"14,14 € / 1 Kg","0,99 €",KRAMBALS
Despensa,Panes y tostadas,Bruschetta Queso Cremoso 70 Gr,"14,14 € / 1 Kg","0,99 €",KRAMBALS
Despensa,Panes y tostadas,Multipack Snatts Palitos Pipas 160 Gr,"17,19 € / 1 Kg","2,75 €",SNATT'S
Despensa,Panes y tostadas,Pan Tostado 100 % Integral 270 Gr,"9,22 € / 1 Kg","2,49 €",RECONDO
Despensa,Panes y tostadas,Pan de Molde sin Gluten 300 Gr,"11,30 € / 1 Kg","3,39 €",BIMBO
Despensa,Panes y tostadas,Pan Tostado con Lino 100% Integral Dextrin 300 Gr,"11,17 € / 1 Kg","3,35 €",SANTIVERI
Despensa,Panes y tostadas,Pan Tostado Tradicional 100% Integral Dextrin 300 Gr,"11,17 € / 1 Kg","3,35 €",SANTIVERI
Despensa,Panes y tostadas,Pan Sésamo & Sea Salt 190 Gr,"17,32 € / 1 Kg","3,29 €",WASA
Despensa,Panes y tostadas,Pan de Molde Integral con Pipas 675 Gr,"3,63 € / 1 Kg","2,45 €",DULCESOL
Despensa,Panes y tostadas,Pan de Molde Protein K 450 Gr,"8,20 € / 1 Kg","3,69 €",KETTERER
Despensa,Panes y tostadas,Pan Molde Cereales y Semillas 675 Gr,"2,52 € / 1 Kg","1,70 €",CONSUM
Despensa,Panes y tostadas,Cruapan Clásico 380 Gr,"9,71 € / 1 Kg","3,69 €",BIMBO
Despensa,Panes y tostadas,Mini Tartaletas 12 Unidades 84 Gr,"21,31 € / 1 Kg","1,79 €",MELS
Despensa,Panes y tostadas,Palitos Con Queso 55 Gr,"21,64 € / 1 Kg","1,19 €",SNATT'S
Despensa,Panes y tostadas,Rallado Crujiente 400 Gr,"4,63 € / 1 Kg","1,85 €",ESGIR
Despensa,Panes y tostadas,Picos Integrales 230 Gr,"3,87 € / 1 Kg","0,89 €",MENDEZ
Despensa,Panes y tostadas,Tortillas de Trigo 8 Unidades 320 Gr,"3,59 € / 1 Kg","1,15 €",CONSUM
Despensa,Panes y tostadas,Tortillas Wrap de Trigo 6 Unidades 370 Gr,"4,32 € / 1 Kg","1,60 €",CONSUM
Despensa,Panes y tostadas,Pan Hogaza Tradicional Bolsa 450 Gr,"4,42 € / 1 Kg","1,99 €",DULCESOL
Despensa,Panes y tostadas,Picos Finos Bolsa 230 Gr,"3,87 € / 1 Kg","0,89 €",MENDEZ
Despensa,Panes y tostadas,Pan Tostado Proteínas 200 Gr,"12,45 € / 1 Kg","2,49 €",MAS PROTEIN
Despensa,Panes y tostadas,Pan Original 205 Gr,"11,66 € / 1 Kg","2,39 €",WASA
Despensa,Panes y tostadas,Pan Mini Burger 8 Unidades 190 Gr,"6,58 € / 1 Kg","1,25 €",DULCESOL
Despensa,Panes y tostadas,Crackers 42% Integrales de Trigo 250 Gr,"9,80 € / 1 Kg","2,45 €",RECONDO
Despensa,Panes y tostadas,Tortillas Wraps Finas Paquete 6 Unidades 192 Gr,"17,66 € / 1 Kg","3,39 €",OLD EL PASO
Despensa,Panes y tostadas,"Pan Hamburguesa Sin Gluten, 2 Unidades 2 x 80 Gr","11,56 € / 1 Kg","1,85 €",SINBLAT
Despensa,Panes y tostadas,Snatts Bocaditos Jamón y Tomate 110 Gr,"13,55 € / 1 Kg","1,49 €",GREFUSA
Despensa,Panes y tostadas,Pan de Molde 0% Azúcares Añadidos 430 Gr,"3,70 € / 1 Kg","1,59 €",BIMBO
Despensa,Panes y tostadas,Snatts Bocaditos Ajo y Perejil 110 Gr,"13,55 € / 1 Kg","1,49 €",GREFUSA
Despensa,Panes y tostadas,Pan Rallado Sin Gluten 300 Gr,"7,30 € / 1 Kg","2,19 €",GALLO
Despensa,Panes y tostadas,Pan Burger 4 Unidades 200 Gr,"4,45 € / 1 Kg","0,89 €",DULCESOL
Despensa,Panes y tostadas,Hot Dog Rustic 6 Unidades 330 Gr,"4,52 € / 1 Kg","1,49 €",DULCESOL
Despensa,Panes y tostadas,Pan Brioche con Mantequilla 450 Gr,"5,98 € / 1 Kg","2,69 €",DULCESOL
Despensa,Panes y tostadas,Rosquillas Bolsa 230 Gr,"4,74 € / 1 Kg","1,09 €",MENDEZ
Despensa,Panes y tostadas,Pan Rallado Casero 500 Gr,"2,10 € / 1 Kg","1,05 €",CONSUM
Despensa,Panes y tostadas,Rosquilleta Baño de Chocolate 75 Gr,"17,20 € / 1 Kg","1,29 €",PASTOR
Despensa,Panes y tostadas,Pan Tostado 100%Integra 45 Rebanadas 405 Gr,"4,07 € / 1 Kg","1,65 €",CONSUM
Despensa,Panes y tostadas,Pan Tostado Clásico 45 Rebanadas 405 Gr,"3,83 € / 1 Kg","1,55 €",CONSUM
Despensa,Panes y tostadas,Pan Tostado 0% Sal y Azúcares Añadidos 45U 405 Gr,"4,42 € / 1 Kg","1,79 €",CONSUM
Despensa,Panes y tostadas,Saladitos Snatt's 240 Gr,"8,13 € / 1 Kg","1,95 €",GREFUSA
Despensa,Panes y tostadas,Saladitos 250 Gr,"5,20 € / 1 Kg","1,30 €",CONSUM
Despensa,Panes y tostadas,Piquitos Bajos en Sal 250 Gr,"5,60 € / 1 Kg","1,40 €",CONSUM
Despensa,Panes y tostadas,Palitos Tradicionales 56 Gr,"21,25 € / 1 Kg","1,19 €",SNATT'S
Despensa,"Harina, levadura y pan rallado",Harina de Trigo Paquete 1 Kg,"1,15 € / 1 Kg","1,39 €
1,15 €",GALLO
Despensa,"Harina, levadura y pan rallado",Harina de Repostería Paquete 1 Kg,"1,35 € / 1 Kg","1,63 €
1,35 €",GALLO
Despensa,"Harina, levadura y pan rallado",Harina de Fuerza Paquete 1 Kg,"1,49 € / 1 Kg","1,78 €
1,49 €",GALLO
Despensa,"Harina, levadura y pan rallado",Preparado para hornear 5 Sobres 80 Gr,"24,88 € / 1 Kg","2,25 €
1,99 €",ROYAL
Despensa,"Harina, levadura y pan rallado","Levadura Panadería 5 Unidades 27,5 Gr","7,82 € / 100 Gr","2,15 €",ROYAL
Despensa,"Harina, levadura y pan rallado","Gasificante Especial Para Bollería 39,5 Gr","1,39 € / 100 Gr","0,55 €",LA BANDERA
Despensa,"Harina, levadura y pan rallado",Pan Rallado Natural Paquete 500 Gr,"1,40 € / 1 Kg","0,70 €",CONSUM
Despensa,"Harina, levadura y pan rallado",Levadura Fresca Pack de 2 Unidades 2 x 25 Gr,"10,00 € / 1 Kg","0,50 €",LEVANOVA
Despensa,"Harina, levadura y pan rallado",Impulsor repostería 6 sobres de 15gr. 90 Gr,"7,78 € / 1 Kg","0,70 €",CONSUM
Despensa,"Harina, levadura y pan rallado",Harina de Trigo Común Paquete 1 Kg,"0,70 € / 1 Kg","0,70 €",RIO
Despensa,"Harina, levadura y pan rallado",Harina Repostera Paquete 1 Kg,"1,05 € / 1 Kg","1,05 €",RIO
Despensa,"Harina, levadura y pan rallado",Harina de Fuerza Paquete 1 Kg,"0,91 € / 1 Kg","0,91 €",RIO
Despensa,"Harina, levadura y pan rallado",Harina de Maíz Caja 400 Gr,"7,48 € / 1 Kg","2,99 €",MAIZENA
Despensa,"Harina, levadura y pan rallado",Rebozado Crujiente Sin Gluten 200 Gr,"7,95 € / 1 Kg","1,59 €",ESGIR
Despensa,"Harina, levadura y pan rallado",Pan Rallado Crujiente Paquete 380 Gr,"4,08 € / 1 Kg","1,55 €",FRUMEN
Despensa,"Harina, levadura y pan rallado",Harina de Maíz Paquete 1 Kg,"2,55 € / 1 Kg","2,55 €",DOÑAREPA
Despensa,"Harina, levadura y pan rallado","Levadura de Panadería 4 Sobres 4,6 Gr","10,27 € / 100 Gr","1,89 €",VAHINÉ
Despensa,"Harina, levadura y pan rallado",Litines Caja 132 Gr,"14,77 € / 1 Kg","1,95 €",LA BANDERA
Despensa,"Harina, levadura y pan rallado",Harina Fritos Paquete 1 Kg,"1,20 € / 1 Kg","1,20 €",RIO
Despensa,"Harina, levadura y pan rallado",Harina para Rebozar sin Huevo 500 Gr,"3,70 € / 1 Kg","1,85 €",YOLANDA
Despensa,"Harina, levadura y pan rallado",Harina de Arroz Paquete 500 Gr,"2,28 € / 1 Kg","1,14 €",REX
Despensa,"Harina, levadura y pan rallado",Harina Mix sin Gluten 500 Gr Múltiples Usos,"5,70 € / 1 Kg","2,85 €",GALLO
Despensa,"Harina, levadura y pan rallado",Pan Rallado Estilo Japonés Paquete 150 Gr,"11,67 € / 1 Kg","1,75 €",FRUMEN
Despensa,"Harina, levadura y pan rallado",Harina Para Pizza Paquete 500 Gr,"2,58 € / 1 Kg","1,29 €",HARIMSA
Despensa,"Harina, levadura y pan rallado",Harina Integral de Avena Paquete 400 Gr,"4,38 € / 1 Kg","1,75 €",HARIMSA
Despensa,"Harina, levadura y pan rallado",Harina de Trigo Ecológico Paquete 500 Gr,"3,18 € / 1 Kg","1,59 €",HARIMSA
Despensa,"Harina, levadura y pan rallado",Harina Integral Paquete 1 Kg,"1,65 € / 1 Kg","1,65 €",GALLO
Despensa,"Harina, levadura y pan rallado",Pan Rallado Ajo-Perejil 500 Gr,"2,10 € / 1 Kg","1,05 €",CONSUM
Despensa,"Harina, levadura y pan rallado",Harina para Bizcochos Paquete 1 Kg,"1,69 € / 1 Kg","1,69 €",GALLO
Despensa,"Harina, levadura y pan rallado",Harina de Garbanzo Paquete 400 Gr,"4,23 € / 1 Kg","1,69 €",HARIMSA
Despensa,"Harina, levadura y pan rallado",Harina Espelta Integral Paquete 1 Kg,"2,49 € / 1 Kg","2,49 €",GALLO
Despensa,"Harina, levadura y pan rallado",Harina Trigo Sarraceno Alforfón 500 Gr,"6,70 € / 1 Kg","3,35 €",NATUR DACSA
Despensa,"Harina, levadura y pan rallado",Preparado para Rebozar Témpura Sin Huevo 500 Gr,"3,38 € / 1 Kg","1,69 €",HARIMSA
Despensa,"Harina, levadura y pan rallado",Rallado Crujiente 400 Gr,"4,63 € / 1 Kg","1,85 €",ESGIR
Despensa,"Harina, levadura y pan rallado",Pan Rallado Sin Gluten 300 Gr,"7,30 € / 1 Kg","2,19 €",GALLO
Despensa,"Harina, levadura y pan rallado",Pan Rallado Casero 500 Gr,"2,10 € / 1 Kg","1,05 €",CONSUM
Despensa,Lácteos y huevos,Leche Entera Brik 1 L,"1,00 € / 1 L","1,15 €
1,00 €",PULEVA
Despensa,Lácteos y huevos,Leche Desnatada Brik 1 L,"1,00 € / 1 L","1,15 €
1,00 €",PULEVA
Despensa,Lácteos y huevos,Leche Semidesnatada Brik 1 L,"1,00 € / 1 L","1,15 €
1,00 €",PULEVA
Despensa,Lácteos y huevos,"Leche Entera Botella 1,5 L","1,13 € / 1 L","1,78 €
1,69 €",ASTURIANA
Despensa,Lácteos y huevos,"Leche Semidesnatada Botella 1,5 L","1,13 € / 1 L","1,78 €
1,69 €",ASTURIANA
Despensa,Lácteos y huevos,"Leche Desnatada Botella 1,5 L","1,13 € / 1 L","1,78 €
1,69 €",ASTURIANA
Despensa,Lácteos y huevos,"Nata Líquida Montar Brik 0,5 L","5,18 € / 1 L","2,75 €
2,59 €",ASTURIANA
Despensa,Lácteos y huevos,Activia Frutas Bosque Yogur Bífidus P-4 ud. 4 x 120 Gr,"4,77 € / 1 Kg","2,99 €
2,29 €",DANONE
Despensa,Lácteos y huevos,Leche Condensada 740 Gr,"4,53 € / 1 Kg","3,95 €
3,35 €",LA LECHERA
Despensa,Lácteos y huevos,Batido de Vainilla Botella 1 L,"1,49 € / 1 L","1,85 €
1,49 €",CHOLECK
Despensa,Lácteos y huevos,Horchata Botella 1 L,"1,59 € / 1 L","1,89 €
1,59 €",CHUFI
Despensa,Lácteos y huevos,Batido de Cacao Botella 1 L,"1,49 € / 1 L","1,85 €
1,49 €",CHOLECK
Despensa,Lácteos y huevos,Preparado Lácteo Omega 3 1 L,"1,69 € / 1 L","1,90 €
1,69 €",PULEVA
Despensa,Lácteos y huevos,Activia 00% con Piña Bífidus Desnatado P-4ud 4 x 120 Gr,"4,77 € / 1 Kg","2,99 €
2,29 €",DANONE
Despensa,Lácteos y huevos,"Nata Líquida Cocinar Brik 0,5 L","5,18 € / 1 L","2,75 €
2,59 €",ASTURIANA
Despensa,Lácteos y huevos,Activia 00% con Kiwi Bífidus Desnatado P-4 4 x 120 Gr,"4,77 € / 1 Kg","2,99 €
2,29 €",DANONE
Despensa,Lácteos y huevos,Activia Soja Mango y Papaya P-4 ud. 4 x 120 Gr,"4,77 € / 1 Kg","2,99 €
2,29 €",DANONE
Despensa,Lácteos y huevos,Horchata Botella 1 L,"1,39 € / 1 L","1,39 €",CONSUM
Despensa,Lácteos y huevos,Peques3 Crecimiento Preparado Lácteo 1 L,"1,75 € / 1 L","1,95 €
1,75 €",PULEVA
Despensa,Lácteos y huevos,Leche Continuación Brik Peques 2 1 L,"1,75 € / 1 L","1,95 €
1,75 €",PULEVA
Despensa,Lácteos y huevos,Peques3 Crecimiento con Cereales 1 L,"1,75 € / 1 L","1,95 €
1,75 €",PULEVA
Despensa,Lácteos y huevos,Activia 00% Melocotón Bífidus Desnatado P-4 4 x 120 Gr,"4,77 € / 1 Kg","2,99 €
2,29 €",DANONE
Despensa,Lácteos y huevos,Actimel Líquido Natural Azucarado Pack 12 Ud. 12 x 100 Gr,"4,12 € / 1 Kg","5,99 €
4,95 €",DANONE
Despensa,Lácteos y huevos,Actimel Actikids Sabor Fresa Pack 12 ud. 12 x 100 Gr,"4,12 € / 1 Kg","5,99 €
4,95 €",DANONE
Despensa,Lácteos y huevos,Preparado Lácteo Omega 3 con Nueces 1 L,"1,69 € / 1 L","1,95 €
1,69 €",PULEVA
Despensa,Lácteos y huevos,Actimel Líquido 0% Natural Edulcorado 12 x 100 Gr,"4,12 € / 1 Kg","5,99 €
4,95 €",DANONE
Despensa,Lácteos y huevos,Caffè Latte Light sin Lactosa 230 ml,"6,04 € / 1 L","1,79 €
1,39 €",KAIKU
Despensa,Lácteos y huevos,Yogur Dúo Kit Kat Pack de 2 Unidades 2 x 115 Gr,"7,17 € / 1 Kg","1,99 €
1,65 €",NESTLE
Despensa,Lácteos y huevos,Lácteo Fibra Brik 1 L,"1,45 € / 1 L","1,59 €
1,45 €",ASTURIANA
Despensa,Lácteos y huevos,L Casei Fresa Pack de 12 Unidades 12 x 100 Gr,"2,00 € / 1 Kg","2,50 €
2,40 €",CONSUM
Despensa,Lácteos y huevos,Leche NESTLÉ JUNIOR Galleta 1 L,"1,99 € / 1 L","2,35 €
1,99 €",NESTLE
Despensa,Lácteos y huevos,Leche sin Lactosa Semidesnatada Brik 1 L,"1,19 € / 1 L","1,30 €
1,19 €",ASTURIANA
Despensa,Lácteos y huevos,Peques3 Preparado Lácteo Cereales y Cacao 3 x 200 ml,"2,92 € / 1 L","1,95 €
1,75 €",PULEVA
Despensa,Lácteos y huevos,Bebida de Almendras Brik 1 L,"1,59 € / 1 L","1,99 €
1,59 €",ALPRO
Despensa,Lácteos y huevos,Mousse de Chocolate Nestlé Gold 4 x 57 Gr,"9,16 € / 1 Kg","2,39 €
2,09 €",NESTLE
Despensa,Lácteos y huevos,Peques3 Preparado Lácteo Cereales y Fruta 3 x 200 ml,"2,92 € / 1 L","1,95 €
1,75 €",PULEVA
Despensa,Lácteos y huevos,Batido de Fresa Botella 1 L,"1,49 € / 1 L","1,85 €
1,49 €",CHOLECK
Despensa,Lácteos y huevos,Bebida de Chufa Zero Botella 1 L,"1,59 € / 1 L","1,89 €
1,59 €",CHUFI
Despensa,Lácteos y huevos,Activia Avena Nueces Bifidus P-4 U 4 x 115 Gr,"4,98 € / 1 Kg","2,99 €
2,29 €",DANONE
Despensa,Lácteos y huevos,Prep. Lácteo Omega 3 Sin Lactosa Brik 1 L,"1,69 € / 1 L","1,95 €
1,69 €",PULEVA
Despensa,Lácteos y huevos,Activia con Pera Yogur Bífidus P-4 ud. 4 x 120 Gr,"4,77 € / 1 Kg","2,99 €
2,29 €",DANONE
Despensa,Lácteos y huevos,L Casei Natural Azucarado Pack 12 Ud. 12 x 100 Gr,"2,00 € / 1 Kg","2,50 €
2,40 €",CONSUM
Despensa,Lácteos y huevos,L Casei Fresa-Plátano y Galleta Pack 12 ud. 12 x 100 Gr,"2,00 € / 1 Kg","2,50 €
2,40 €",CONSUM
Despensa,Lácteos y huevos,Bebida Avena Brik 1 L,"1,59 € / 1 L","1,99 €
1,59 €",ALPRO
Despensa,Lácteos y huevos,Leche sin Lactosa 0% Desnatada Brik 1 L,"1,19 € / 1 L","1,30 €
1,19 €",ASTURIANA
Despensa,Lácteos y huevos,Smarties Mix In Sabor Vainilla 2 x 128 Gr,"6,44 € / 1 Kg","1,99 €
1,65 €",NESTLE
Despensa,Lácteos y huevos,Batido Cacao Minibrik Pack de 3 3 x 200 ml,"2,15 € / 1 L","1,49 €
1,29 €",CHOLECK
Despensa,Lácteos y huevos,Caffè Latte Mr. Big Capuccino 370 ml,"6,73 € / 1 L","2,49 €",KAIKU
Despensa,Lácteos y huevos,Café con Leche Botella 1 L,"1,85 € / 1 L","2,19 €
1,85 €",PULEVA
Despensa,Lácteos y huevos,Natillas con Sorpresa 70 Gr,"14,43 € / 1 Kg","1,19 €
1,01 €",KIDS WORLD
Despensa,Lácteos y huevos,Nata Montada Spray Bote 250 Gr,"9,00 € / 1 Kg","2,75 €
2,25 €",PULEVA
Despensa,Lácteos y huevos,Nata Montada Spray Ligera Bote 275 Gr,"10,00 € / 1 Kg","2,75 €",ASTURIANA
Despensa,Lácteos y huevos,Yogur Griego Oikos Natural Pack 4 Unidades 4 x 110 Gr,"4,52 € / 1 Kg","2,79 €
1,99 €",DANONE
Despensa,Lácteos y huevos,Yogur Griego Oikos Natural Azucarado 4 x 110 Gr,"4,52 € / 1 Kg","2,79 €
1,99 €",DANONE
Despensa,Lácteos y huevos,Leche sin Lactosa Entera Brik 1 L,"1,19 € / 1 L","1,30 €
1,19 €",ASTURIANA
Despensa,Lácteos y huevos,Leche Calcio Sin Lactosa Desnatada Suprema Brik 1 L,"1,39 € / 1 L","1,51 €
1,39 €",ASTURIANA
Despensa,Lácteos y huevos,Kéfir Natural 500 Gr,"3,58 € / 1 Kg","1,99 €
1,79 €",NESTLE
Despensa,Lácteos y huevos,Café Cappuccino Botella 1 L,"1,85 € / 1 L","2,19 €
1,85 €",PULEVA
Despensa,Lácteos y huevos,Yogur Líquido 0%0% Proteina Fresa-Frambuesa 300 ml,"6,63 € / 1 L","2,49 €
1,99 €",YOPRO DANONE
Despensa,Lácteos y huevos,Yogolino Melocotón y Plátano 0% Azúcar 4 x 100 Gr,"7,48 € / 1 Kg","3,45 €
2,99 €",NESTLE
Despensa,Lácteos y huevos,Yogolino Fresa y Plátano 0% Azúcar 4 x 100 Gr,"7,48 € / 1 Kg","3,45 €
2,99 €",NESTLE
Despensa,Lácteos y huevos,Activia 00% Semillas Chía y Almendra 4 x 115 Gr,"4,98 € / 1 Kg","2,99 €
2,29 €",DANONE
Despensa,Lácteos y huevos,Leche NESTLÉ JUNIOR Cereales 1 L,"1,99 € / 1 L","2,35 €
1,99 €",NESTLE
Despensa,Lácteos y huevos,Kéfir Natural 150 Gr,"6,67 € / 1 Kg","1,29 €
1,00 €",NESTLE
Despensa,Lácteos y huevos,Flan de Queso 4 x 100 Gr,"4,75 € / 1 Kg","2,00 €
1,90 €",CONSUM
Despensa,Lácteos y huevos,Bebida de Avena Barista Brik 1 L,"1,59 € / 1 L","1,85 €
1,59 €",YOSOY
Despensa,Lácteos y huevos,Activia con Fresas Pack de 4 Unidades 4 x 120 Gr,"4,77 € / 1 Kg","2,99 €
2,29 €",DANONE
Despensa,Lácteos y huevos,Activia con Mango Pack de 4 Unidades 4 x 120 Gr,"4,77 € / 1 Kg","2,99 €
2,29 €",DANONE
Despensa,Lácteos y huevos,Caffè Latte con Proteína Mr. Big 370 ml,"6,73 € / 1 L","2,49 €",KAIKU
Despensa,Lácteos y huevos,Postre 0%0% Proteico Plátano y Cacahuete 2 x 160 Gr,"6,22 € / 1 Kg","2,69 €
1,99 €",YOPRO DANONE
Despensa,Lácteos y huevos,Tarta de Queso Tarrina 180 Gr,"8,06 € / 1 Kg","1,69 €
1,45 €",GRANJA RINYA
Despensa,Lácteos y huevos,Café Cortado Botella 1 L,"1,85 € / 1 L","2,19 €
1,85 €",PULEVA
Despensa,Lácteos y huevos,Batido de Cacao Vaso 200 ml,"5,00 € / 1 L","1,48 €
1,00 €",CACAOLAT
Despensa,Lácteos y huevos,Activia 0%0% con Ciruela Bífidus Desnatado P-4 4 x 120 Gr,"4,77 € / 1 Kg","2,99 €
2,29 €",DANONE
Despensa,Lácteos y huevos,Postre 0% Proteico Pudding Caramelo 180 Gr,"7,72 € / 1 Kg","1,79 €
1,39 €",YOPRO DANONE
Despensa,Lácteos y huevos,Café Latte Expresso 205 ml,"6,10 € / 1 L","1,49 €
1,25 €",NESCAFE
Despensa,Lácteos y huevos,Café Latte Capuccino Descafeinado 205 ml,"6,10 € / 1 L","1,49 €
1,25 €",NESCAFE
Despensa,Lácteos y huevos,Nescafé Latte Capuccino Café 205 ml,"6,10 € / 1 L","1,49 €
1,25 €",NESCAFE
Despensa,Lácteos y huevos,Yogur Líquido Straciatella 4 x 160 Gr,"2,80 € / 1 Kg","1,99 €
1,79 €",CONSUM
Despensa,Lácteos y huevos,Bebida de Leche y Avena Brik 1 L,"1,99 € / 1 L","1,99 €",ASTURIANA
Despensa,Lácteos y huevos,Margarina Vegetal Tarrina 400 Gr,"7,13 € / 1 Kg","2,85 €",TULIPAN
Despensa,Lácteos y huevos,Margarina Vegetal Tarrina 225 Gr,"5,55 € / 1 Kg","1,99 €
1,25 €",TULIPAN
Despensa,Lácteos y huevos,Postre 0%0% Proteico Stracciatella 2 x 160 Gr,"6,22 € / 1 Kg","2,69 €
1,99 €",YOPRO DANONE
Despensa,Lácteos y huevos,Bebida Láctea 0%0% Proteína Plátano 4 x 100 Gr,"6,23 € / 1 Kg","2,99 €
2,49 €",YOPRO DANONE
Despensa,Lácteos y huevos,Bebida Láctea 0%0% Proteína Frutos Rojos 4 x 100 ml,"6,23 € / 1 L","2,99 €
2,49 €",YOPRO DANONE
Despensa,Lácteos y huevos,Bebida láctea 0%0% Proteína Stracciatella 300 ml,"6,63 € / 1 L","2,49 €
1,99 €",YOPRO DANONE
Despensa,Lácteos y huevos,Postre Proteico 0%0% Sabor Vainilla 2 x 160 Gr,"6,22 € / 1 Kg","2,69 €
1,99 €",YOPRO DANONE
Despensa,Lácteos y huevos,Plantequilla Tarrina 200 Gr,"6,25 € / 1 Kg","1,99 €
1,25 €",TULIPAN
Despensa,Lácteos y huevos,Leche Semidesnatada Brik 1 L,"1,30 € / 1 L","1,30 €",PASCUAL
Despensa,Lácteos y huevos,Leche Entera Brik 1 L,"1,30 € / 1 L","1,30 €",PASCUAL
Despensa,Lácteos y huevos,Leche Desnatada Brik 1 L,"1,30 € / 1 L","1,30 €",PASCUAL
Despensa,Lácteos y huevos,Postre Sabor Trufa Pack de 2 Unidades 2 x 125 Gr,"6,36 € / 1 Kg","1,59 €",LA LECHERA
Despensa,Lácteos y huevos,Actimel Líquido Natural Azucarado Pack 6 Ud. 6 x 100 Gr,"6,32 € / 1 Kg","3,79 €",DANONE
Despensa,Lácteos y huevos,Yogur Sabor Limón Pack de 4 Unidades 4 x 120 Gr,"2,08 € / 1 Kg","1,00 €",DANONE
Despensa,Lácteos y huevos,Yogur Sabor Fresa Pack de 4 Unidades 4 x 120 Gr,"2,08 € / 1 Kg","1,00 €",DANONE
Despensa,Lácteos y huevos,Activia Natural Yogur Bífidus Pack 4 Un 4 x 120 Gr,"5,81 € / 1 Kg","2,79 €",DANONE
Despensa,Lácteos y huevos,Yogur Natural Pack de 8 Unidades 8 x 120 Gr,"2,07 € / 1 Kg","1,99 €",DANONE
Despensa,Lácteos y huevos,Vitalínea 0%0% Sabor Limón 4 x 120 Gr,"4,15 € / 1 Kg","1,99 €",DANONE
Despensa,Lácteos y huevos,Yogur Natural Azucarado Pack de 8 Unidades 8 x 120 Gr,"2,07 € / 1 Kg","1,99 €",DANONE
Despensa,Lácteos y huevos,Margarina Vegetal Tarrina 250 Gr,"6,76 € / 1 Kg","1,69 €",LIGERESA
Despensa,Lácteos y huevos,Leche Calcio Desnatada Brik 1 L,"1,60 € / 1 L","1,60 €",PULEVA
Despensa,Lácteos y huevos,Vitalínea 0%0% Sabor Fresa 4 x 120 Gr,"4,15 € / 1 Kg","1,99 €",DANONE
Despensa,Lácteos y huevos,Leche Calcio Entera Brik 1 L,"1,60 € / 1 L","1,60 €",PULEVA
Despensa,Lácteos y huevos,Batido de Cacao Botella 1 L,"2,40 € / 1 L","2,40 €",CACAOLAT
Despensa,Lácteos y huevos,Nata Líquida Cocinar Espesa Botellín 250 ml,"7,80 € / 1 L","1,95 €",PRESIDENT
Despensa,Lácteos y huevos,Leche Calcio Semidesnatada Brik 1 L,"1,60 € / 1 L","1,60 €",PULEVA
Despensa,Lácteos y huevos,Leche Desnatada Brik 1 L,"1,14 € / 1 L","1,14 €",ASTURIANA
Despensa,Lácteos y huevos,Leche Semidesnatada Brik 1 L,"1,14 € / 1 L","1,14 €",ASTURIANA
Despensa,Lácteos y huevos,Leche Entera Brik 1 L,"1,14 € / 1 L","1,14 €",ASTURIANA
Despensa,Lácteos y huevos,Nata Líquida Cocinar Slim 200 ml,"6,45 € / 1 L","1,29 €",PULEVA
Despensa,Lácteos y huevos,Vitalínea 0%0% Natural Edulcorado 4 x 120 Gr,"4,15 € / 1 Kg","1,99 €",DANONE
Despensa,Lácteos y huevos,Activia 0% Natural Yogur Bífidus P-4 ud. 4 x 120 Gr,"5,81 € / 1 Kg","2,79 €",DANONE
Despensa,Lácteos y huevos,Suisse Chololate Pack de 6 Unidades 6 x 60 Gr,"4,97 € / 1 Kg","1,79 €",NESQUIK
Despensa,Lácteos y huevos,Crema de Almendras 900 Gr,"7,77 € / 1 Kg","6,99 €",ALMENDRINA
Despensa,Lácteos y huevos,Leche Calcio Semidesnatada Brik 1 L,"1,73 € / 1 L","1,73 €",PASCUAL
Despensa,Lácteos y huevos,Leche Calcio Desnatada Brik 1 L,"1,73 € / 1 L","1,73 €",PASCUAL
Despensa,Lácteos y huevos,"Leche Fresca Entera Botella 1,5 L","1,60 € / 1 L","2,40 €",PULEVA
Despensa,Lácteos y huevos,Preparado Lácteo Folic B Semidesnatado 1 L,"2,00 € / 1 L","2,00 €",FLORA
Despensa,Lácteos y huevos,Leche Condensada 450 Gr,"7,89 € / 1 Kg","3,55 €",LA LECHERA
Despensa,Lácteos y huevos,Leche Condensada Desnatada 450 Gr,"7,89 € / 1 Kg","3,55 €",LA LECHERA
Despensa,Lácteos y huevos,Vitalínea Cremoso Chocolate Pack de 4 Und 4 x 120 Gr,"5,98 € / 1 Kg","2,99 €",DANONE
Despensa,Lácteos y huevos,Preparado Lácteo Max Crecimiento y Desarrollo 1 L,"1,89 € / 1 L","1,89 €",PULEVA
Despensa,Lácteos y huevos,Bebida de Soja Brik 1 L,"1,99 € / 1 L","1,99 €",ALPRO
Despensa,Lácteos y huevos,Mantequilla Ligera Tarrina 250 Gr,"14,60 € / 1 Kg","3,65 €",ASTURIANA
Despensa,Lácteos y huevos,Danacol Beber Fresa 0% Azúcares Añadidos 6 x 100 Gr,"7,48 € / 1 Kg","4,49 €",DANONE
Despensa,Lácteos y huevos,Bebida de Soja con chocolate 1 L,"1,99 € / 1 L","1,99 €",VIVESOY
Despensa,Lácteos y huevos,Danonino Petit Maxi Sabor Fresa Pack de 4 U 4 x 100 Gr,"5,28 € / 1 Kg","2,11 €",DANONE
Despensa,Lácteos y huevos,Danet de Vainilla. Natillas Pack de 4 Und. 4 x 120 Gr,"4,15 € / 1 Kg","1,99 €",DANONE
Despensa,Lácteos y huevos,Nata Líquida Cocinar Espesa Botella 500 ml,"7,00 € / 1 L","3,50 €",PRESIDENT
Despensa,Lácteos y huevos,Batido de Chocolate Botella 1 L,"1,20 € / 1 L","1,20 €",CONSUM
Despensa,Lácteos y huevos,Leche Crecimiento Original Nativa 3 1 L,"2,35 € / 1 L","2,35 €",NESTLE
Despensa,Lácteos y huevos,Leche Calcio Entera Brik 1 L,"1,10 € / 1 L","1,10 €",CONSUM
Despensa,Lácteos y huevos,Leche Calcio. Semidesnatada Brik 1 L,"0,96 € / 1 L","0,96 €",CONSUM
Despensa,Lácteos y huevos,Leche Calcio Desnatada. Brik 1 L,"0,94 € / 1 L","0,94 €",CONSUM
Despensa,Lácteos y huevos,Actimel Líquido 0% Fresa Pack 6 Unidades 6 x 100 Gr,"6,32 € / 1 Kg","3,79 €",DANONE
Despensa,Lácteos y huevos,Flan Huevo Baño María Pack de 4 Unidades 4 x 100 Gr,"3,38 € / 1 Kg","1,35 €",CONSUM
Despensa,Lácteos y huevos,Batido al Cacao Pack de 6 6 x 200 ml,"2,29 € / 1 L","2,75 €",PULEVA
Despensa,Lácteos y huevos,Mantequilla en Porciones 12 Unidades 96 Gr,"17,60 € / 1 Kg","1,69 €",ASTURIANA
Despensa,Lácteos y huevos,Leche Crecimiento Nativa 3 Cereales 1 L,"2,35 € / 1 L","2,35 €",NESTLE
Despensa,Lácteos y huevos,Leche Entera. Brik 1 L,"0,91 € / 1 L","0,91 €",CONSUM
Despensa,Lácteos y huevos,Leche Semidesnatada. Brik 1 L,"0,87 € / 1 L","0,87 €",CONSUM
Despensa,Lácteos y huevos,Leche Desnatada. Brik 1 L,"0,85 € / 1 L","0,85 €",CONSUM
Despensa,Lácteos y huevos,Preparado Lácteo Omega 3 1 L,"1,10 € / 1 L","1,10 €",CONSUM
Despensa,Lácteos y huevos,Activia Natural Azucarado Pack de 4 ud. 4 x 120 Gr,"5,81 € / 1 Kg","2,79 €",DANONE
Despensa,Lácteos y huevos,Huevos M Medianos Docena 1 Dc,"2,00 € / 1 Dc","2,00 €",MONTERDE
Despensa,Lácteos y huevos,Huevos L Grandes Docena 1 Dc,"2,20 € / 1 Dc","2,20 €",MONTERDE
Despensa,Lácteos y huevos,"Huevos L Grandes 1/2 Docena 0,5 Dc","2,40 € / 1 Dc","1,20 €",MONTERDE
Despensa,Lácteos y huevos,Preparado Lácteo Max con Cereales 1 L,"1,89 € / 1 L","1,89 €",PULEVA
Despensa,Lácteos y huevos,Bebida de Soja Natural Ligera 1 L,"1,99 € / 1 L","1,99 €",ALPRO
Despensa,Lácteos y huevos,Batido de Cacao Pack de 6 6 x 200 ml,"1,17 € / 1 L","1,40 €",CONSUM
Despensa,Lácteos y huevos,Mantequilla - Pastilla de 250 Gr,"8,00 € / 1 Kg","2,00 €",CONSUM
Despensa,Lácteos y huevos,Activia 0% Edulcorado Desnatado Natural P-4ud 4 x 120 Gr,"5,81 € / 1 Kg","2,79 €",DANONE
Despensa,Lácteos y huevos,Bebida de Soja Brik 1 L,"1,89 € / 1 L","1,89 €",VIVESOY
Despensa,Lácteos y huevos,Bebida Soja Original Brik Sin Azúcares Añadidos 1 L,"0,80 € / 1 L","0,80 €",CONSUM
Despensa,Lácteos y huevos,Bebida de Soja Enriquecida con Calcio 1 L,"0,70 € / 1 L","0,70 €",CONSUM
Despensa,Lácteos y huevos,"Huevos Camperos 1/2 Docena 0,5 Dc","3,18 € / 1 Dc","1,59 €",MONTERDE
Despensa,Lácteos y huevos,Leche Semidesnatada sin Lactosa 1 L,"1,44 € / 1 L","1,44 €",PASCUAL
Despensa,Lácteos y huevos,Leche Desnatada sin Lactosa 1 L,"1,44 € / 1 L","1,44 €",PASCUAL
Despensa,Lácteos y huevos,Yogur Natural Azucarado S/Lactosa Pack de 4 Ud 4 x 125 Gr,"4,38 € / 1 Kg","2,19 €",KAIKU
Despensa,Lácteos y huevos,Caffè Latte Cappuccino 230 ml,"7,78 € / 1 L","1,79 €",KAIKU
Despensa,Lácteos y huevos,Caffè Latte Espresso 230 ml,"7,78 € / 1 L","1,79 €",KAIKU
Despensa,Lácteos y huevos,Leche Sin Lactosa Semidesnatada 1 L,"0,95 € / 1 L","0,95 €",CONSUM
Despensa,Lácteos y huevos,"Leche Semidesnatada Ecólogica, Brik 1 L","1,45 € / 1 L","1,45 €",PULEVA
Despensa,Lácteos y huevos,Bebida de Soja sabor Vainilla 1 L,"1,09 € / 1 L","1,09 €",CONSUM
Despensa,Lácteos y huevos,Bebida de Soja con Chocolate 1 L,"1,09 € / 1 L","1,09 €",CONSUM
Despensa,Lácteos y huevos,Flan de Huevo Equilibrio Desnatado Pack de 4 U. 4 x 100 Gr,"5,73 € / 1 Kg","2,29 €",REINA
Despensa,Lácteos y huevos,Postre Gelificado Sabor Fresa Pack de 6 U 6 x 100 Gr,"1,67 € / 1 Kg","1,00 €",CONSUM
Despensa,Lácteos y huevos,Leche Entera Sin Lactosa 1 L,"1,44 € / 1 L","1,44 €",PASCUAL
Despensa,Lácteos y huevos,Danonino Street Sabor Fresa Pack de 4 U 4 x 70 Gr,"9,25 € / 1 Kg","2,59 €",DANONE
Despensa,Lácteos y huevos,Batido de Fresa Pack de 6 6 x 200 ml,"1,29 € / 1 L","1,55 €",CONSUM KIDS
Despensa,Lácteos y huevos,Bebida de Arroz Brik 1 L,"1,70 € / 1 L","1,70 €",YOSOY
Despensa,Lácteos y huevos,Bebida de Avena Brik 1 L,"1,65 € / 1 L","1,65 €",YOSOY
Despensa,Lácteos y huevos,Natillas de Vainilla con Galleta Pack de 4 U. 4 x 125 Gr,"2,50 € / 1 Kg","1,25 €",CONSUM
Despensa,Lácteos y huevos,Arroz con Leche Pack de 4 Unidades 4 x 125 Gr,"2,82 € / 1 Kg","1,41 €",CONSUM
Despensa,Lácteos y huevos,Surtido de Flanes Pack de 6 Unidades 6 x 100 Gr,"5,42 € / 1 Kg","3,25 €",REINA
Despensa,Lácteos y huevos,Leche Evaporada Brik 525 Gr,"4,61 € / 1 Kg","2,42 €",IDEAL
Despensa,Lácteos y huevos,Leche de Cabra semidesnatada Botella 1 L,"2,15 € / 1 L","2,15 €",PULEVA
Despensa,Lácteos y huevos,Leche Condensada Entera Lata 1 Kg,"3,90 € / 1 Kg","3,90 €",CONSUM
Despensa,Lácteos y huevos,"Leche Condensada Desnatada Lata 1,04 Kg","3,85 € / 1 Kg","4,00 €",CONSUM
Despensa,Lácteos y huevos,Natillas de Vainilla Pack de 4 Unidades 4 x 125 Gr,"2,10 € / 1 Kg","1,05 €",CONSUM
Despensa,Lácteos y huevos,Natillas de Chocolate Pack de 4 Unidades 4 x 125 Gr,"2,10 € / 1 Kg","1,05 €",CONSUM
Despensa,Lácteos y huevos,Flan de Vainilla Pack de 6 Unidades 6 x 100 Gr,"1,67 € / 1 Kg","1,00 €",CONSUM
Despensa,Lácteos y huevos,Crema para Café Pack de 20 20 x 10 Gr,"5,50 € / 1 Kg","1,10 €",CAMPINA
Despensa,Lácteos y huevos,Danonino Petit Suisse Fresa y Plátano Pack 6 U 6 x 50 Gr,"4,77 € / 1 Kg","1,43 €",DANONE
Despensa,Lácteos y huevos,Danonino Petit Suisse Sabor Fresa Pack de 6 U 6 x 50 Gr,"4,77 € / 1 Kg","1,43 €",DANONE
Despensa,Lácteos y huevos,Postre de Soja Sabor Chocolate 4 x 100 Gr,"4,23 € / 1 Kg","1,69 €",CONSUM
Despensa,Lácteos y huevos,Yogur Natural Azucarado Pack de 12 Unidades 12 x 125 Gr,"1,53 € / 1 Kg","2,29 €",CONSUM
Despensa,Lácteos y huevos,Yogur Natural Pack de 12 Unidades 12 x 125 Gr,"1,53 € / 1 Kg","2,29 €",CONSUM
Despensa,Lácteos y huevos,Yogur 00% con Frutas Pack de 12 Unidades 12 x 125 Gr,"2,13 € / 1 Kg","3,19 €",CONSUM
Despensa,Lácteos y huevos,Cuajada Natural Pack de 4 Unidades 4 x 125 Gr,"2,58 € / 1 Kg","1,29 €",CONSUM
Despensa,Lácteos y huevos,Leche sin Lactosa Desnatada Brik 1 L,"0,93 € / 1 L","0,93 €",CONSUM
Despensa,Lácteos y huevos,Fresh Cream Nata Fresca 200 Gr,"12,25 € / 1 Kg","2,45 €",PRESIDENT
Despensa,Lácteos y huevos,Activia 0% Cremoso Frutas Silvestres Pack 4 4 x 120 Gr,"5,20 € / 1 Kg","2,39 €",DANONE
Despensa,Lácteos y huevos,Activia Cremoso Sabor Lima Limón 4 x 115 Gr,"5,20 € / 1 Kg","2,39 €",DANONE
Despensa,Lácteos y huevos,Cuajada de Oveja 140 Gr,"11,79 € / 1 Kg","1,65 €",GOSHUA
Despensa,Lácteos y huevos,Bebida de Avena Brik 1 L,"1,99 € / 1 L","1,99 €",VIVESOY
Despensa,Lácteos y huevos,Nata Líquida Cocinar Brik 500 ml,"2,90 € / 1 L","1,45 €",CONSUM
Despensa,Lácteos y huevos,Activia 0% Natural Bífidus Desnatado 12 x 120 Gr,"3,53 € / 1 Kg","5,09 €",DANONE
Despensa,Lácteos y huevos,Activia 0% Natural Edulcorado Pack 12 ud. 12 x 120 Gr,"3,53 € / 1 Kg","5,09 €",DANONE
Despensa,Lácteos y huevos,Bebida Avena Calcio Brik 1 L,"1,70 € / 1 L","1,70 €",YOSOY
Despensa,Lácteos y huevos,Bebida de Almendras Brik 1 L,"1,99 € / 1 L","1,99 €",ALMENDROLA
Despensa,Lácteos y huevos,Leche Entera Ecológica Brik 1 L,"1,45 € / 1 L","1,45 €",PULEVA
Despensa,Lácteos y huevos,Bebida de Coco Brik 1 L,"2,29 € / 1 L","2,29 €",ALPRO
Despensa,Lácteos y huevos,Mantequilla Tradicional Tarrina 250 Gr,"14,20 € / 1 Kg","3,55 €",ASTURIANA
Despensa,Lácteos y huevos,Nata sin Lactosa 200 ml,"8,25 € / 1 L","1,65 €",ASTURIANA
Despensa,Lácteos y huevos,Kéfir Vaca 500 Gr,"4,90 € / 1 Kg","2,45 €",EL PASTORET
Despensa,Lácteos y huevos,Preparado Lácteo Max sin Lactosa 1 L,"1,89 € / 1 L","1,89 €",PULEVA
Despensa,Lácteos y huevos,Yogur Sabor Macedonia Pack de 4 Unidades 4 x 120 Gr,"2,08 € / 1 Kg","1,00 €",DANONE
Despensa,Lácteos y huevos,Yogur Fresa Macedonia Plátano y Tarta de Queso 8 x 120 Gr,"2,07 € / 1 Kg","1,99 €",DANONE
Despensa,Lácteos y huevos,Danet de Chocolate Natillas Pack de 4 Und. 4 x 120 Gr,"4,15 € / 1 Kg","1,99 €",DANONE
Despensa,Lácteos y huevos,Danonino Petit Maxi Fresa y Plátano Pack 4 U 4 x 100 Gr,"5,28 € / 1 Kg","2,11 €",DANONE
Despensa,Lácteos y huevos,Flan de Huevo al Baño María 4 x 110 Gr,"4,98 € / 1 Kg","2,19 €",REINA
Despensa,Lácteos y huevos,Yogur Sabores Pack de 12 Unidades 12 x 125 Gr,"1,37 € / 1 Kg","2,05 €",CONSUM
Despensa,Lácteos y huevos,Batido Shake Vaso 200 ml,"8,20 € / 1 L","1,64 €",COLA CAO
Despensa,Lácteos y huevos,Leche Merengada Canela y Limón Brik 1 L,"1,90 € / 1 L","1,90 €",RAM
Despensa,Lácteos y huevos,Batido 0% Shake Vaso 200 ml,"8,20 € / 1 L","1,64 €",COLA CAO
Despensa,Lácteos y huevos,Yogur Desnatado Chocolate Fondant Pack4 4 x 125 Gr,"4,98 € / 1 Kg","2,49 €",SVELTESSE
Despensa,Lácteos y huevos,Caffè Latte Descafeinado 230 ml,"7,78 € / 1 L","1,79 €",KAIKU
Despensa,Lácteos y huevos,Caffè Latte Vainilla 230 ml,"7,78 € / 1 L","1,79 €",KAIKU
Despensa,Lácteos y huevos,Postre Gelificado Sabor Multifrutas Pack 6 6 x 100 Gr,"1,67 € / 1 Kg","1,00 €",CONSUM
Despensa,Lácteos y huevos,Natillas con Galleta Pack de 8 Unidades 8 x 125 Gr,"3,45 € / 1 Kg","3,45 €",REINA
Despensa,Lácteos y huevos,Bebida Avena Ecológica Brik 1 L,"1,99 € / 1 L","1,99 €",YOSOY
Despensa,Lácteos y huevos,Danet de Vainilla Natillas Pack de 8 Und. 8 x 120 Gr,"3,95 € / 1 Kg","3,79 €",DANONE
Despensa,Lácteos y huevos,Copa de Chocolate Nata Pack de 2 Unidades 2 x 110 Gr,"7,23 € / 1 Kg","1,59 €",DANONE
Despensa,Lácteos y huevos,Café Refrigerado Caramel Starbucks Macchiato 220 ml,"9,05 € / 1 L","1,99 €",STARBUCKS
Despensa,Lácteos y huevos,Arroz con Leche Pack de 4 Unidades 4 x 130 Gr,"4,02 € / 1 Kg","2,09 €",REINA
Despensa,Lácteos y huevos,Postre Sabor Galleta Pack de 2 Unidades 2 x 125 Gr,"6,36 € / 1 Kg","1,59 €",LA LECHERA
Despensa,Lácteos y huevos,Yogur Griego con Capa Mora - Frambuesa 4 x 125 Gr,"3,70 € / 1 Kg","1,85 €",CONSUM
Despensa,Lácteos y huevos,Activia 0% Cremoso Vainilla de Madagascar 4 x 115 Gr,"5,20 € / 1 Kg","2,39 €",DANONE
Despensa,Lácteos y huevos,Nata Cocina Pack de 3 Minibrik 3 x 200 ml,"2,92 € / 1 L","1,75 €",CONSUM
Despensa,Lácteos y huevos,Nata Montar Brik 500 ml,"3,30 € / 1 L","1,65 €",CONSUM
Despensa,Lácteos y huevos,"Huevo Campero L 1/2 Docena 0,5 Dc","4,02 € / 1 Dc","2,01 €",MONTERDE
Despensa,Lácteos y huevos,Yogur Sabor Coco Pack de 4 Unidades 4 x 120 Gr,"2,08 € / 1 Kg","1,00 €",DANONE
Despensa,Lácteos y huevos,Danacol Beber Natural 0% Azucares Añadidos 6 x 100 Gr,"7,48 € / 1 Kg","4,49 €",DANONE
Despensa,Lácteos y huevos,Nata Montar Pack de 3 Minibrik 3 x 200 ml,"3,25 € / 1 L","1,95 €",CONSUM
Despensa,Lácteos y huevos,Actimel Actikids 6+2 Sabor Fresa-Plátano 8 x 100 Gr,"4,74 € / 1 Kg","3,79 €",DANONE
Despensa,Lácteos y huevos,Leche en Polvo 1% de Materia Grasa 1 Kg,"8,45 € / 1 Kg","8,45 €",ASTURIANA
Despensa,Lácteos y huevos,Petit para Llevar Sabor Fresa Pack de 4 U 4 x 80 Gr,"4,66 € / 1 Kg","1,49 €",CONSUM KIDS
Despensa,Lácteos y huevos,Preparado cocinar Vegetal Soja 250 ml,"7,00 € / 1 L","1,75 €",ALPRO
Despensa,Lácteos y huevos,"Huevo XL Jumbo 1/2 Docena 0,5 Dc","4,04 € / 1 Dc","2,02 €",MONTERDE
Despensa,Lácteos y huevos,Preparado Lácteo Max con Cacao y Cereales P3 3 x 200 ml,"2,98 € / 1 L","1,79 €",PULEVA
Despensa,Lácteos y huevos,Batido al Cacao Botella 1 L,"2,05 € / 1 L","2,05 €",PULEVA
Despensa,Lácteos y huevos,Mantequilla Fácil Untar Ligera sin Lactosa Tarrina 250 Gr,"14,60 € / 1 Kg","3,65 €",ASTURIANA
Despensa,Lácteos y huevos,Danacol Beber Tropical 0% Azucares Añadidos 6 x 100 Gr,"7,48 € / 1 Kg","4,49 €",DANONE
Despensa,Lácteos y huevos,Danacol Natural 0% Azucares Añadidos 12 x 100 Gr,"6,08 € / 1 Kg","7,29 €",DANONE
Despensa,Lácteos y huevos,Danacol Sabor Fresa 0% Azucares Añadidos 12 x 100 Gr,"6,08 € / 1 Kg","7,29 €",DANONE
Despensa,Lácteos y huevos,Leche Condensada Entera 370 Gr,"6,22 € / 1 Kg","2,30 €",CONSUM
Despensa,Lácteos y huevos,Mousse de Café Pack de 4 Unidades 4 x 59 Gr,"8,43 € / 1 Kg","1,99 €",LA LECHERA
Despensa,Lácteos y huevos,Cuajada Natural Azucarada Pack de 2 U 2 x 135 Gr,"5,52 € / 1 Kg","1,49 €",DANONE
Despensa,Lácteos y huevos,Batido Cacao 0% Botella 1 L,"2,50 € / 1 L","2,50 €",CACAOLAT
Despensa,Lácteos y huevos,Bebida de Almendra sin Azúcar 1 L,"1,99 € / 1 L","1,99 €",ALMENDROLA
Despensa,Lácteos y huevos,Horchata Brik 1 L,"1,20 € / 1 L","1,20 €",OR XATA
Despensa,Lácteos y huevos,Leche Evaporada Pack de 3 3 x 200 ml,"2,72 € / 1 L","1,63 €",BENESTARE
Despensa,Lácteos y huevos,Leche Sin Lactosa Entera 1 L,"0,99 € / 1 L","0,99 €",CONSUM
Despensa,Lácteos y huevos,Nesquik Shake para Beber 180 ml,"8,28 € / 1 L","1,49 €",NESTLE
Despensa,Lácteos y huevos,Leche Sin Lactosa Desnatada Botella 1 L,"1,42 € / 1 L","1,42 €",PULEVA
Despensa,Lácteos y huevos,Leche Sin Lactosa Semidesnatada Botella 1 L,"1,42 € / 1 L","1,42 €",PULEVA
Despensa,Lácteos y huevos,Batido de Chocolate sin Lactosa Pack de 6 6 x 200 ml,"2,49 € / 1 L","2,99 €",PULEVA
Despensa,Lácteos y huevos,Yogur Original con Fresas Pack 2 Und. 2 x 135 Gr,"6,88 € / 1 Kg","1,79 €",DANONE
Despensa,Lácteos y huevos,Yogur Original Natural Azucarado Pack 2 Ud. 2 x 135 Gr,"6,12 € / 1 Kg","1,59 €",DANONE
Despensa,Lácteos y huevos,Yogur Original Natural Pack de 2 Unidades 2 x 135 Gr,"6,12 € / 1 Kg","1,59 €",DANONE
Despensa,Lácteos y huevos,Leche Condensada Entera Sirvefácil 450 Gr,"5,89 € / 1 Kg","2,65 €",CONSUM
Despensa,Lácteos y huevos,Leche Condensada Desnatada Sirvefácil 450 Gr,"6,56 € / 1 Kg","2,95 €",CONSUM
Despensa,Lácteos y huevos,Preparado Lácteo con Fibra Brik 1 L,"1,55 € / 1 L","1,55 €",PULEVA
Despensa,Lácteos y huevos,Yogur Cremoso 00% Natural Edulcorado 4 x 125 Gr,"2,10 € / 1 Kg","1,05 €",CONSUM
Despensa,Lácteos y huevos,Batido de Cacao Minibrik Pack de 6 6 x 200 ml,"2,90 € / 1 L","3,48 €",CACAOLAT
Despensa,Lácteos y huevos,Yogur Natural Artesano 500 Gr,"5,30 € / 1 Kg","2,65 €",EL PASTORET
Despensa,Lácteos y huevos,Leche Calcio sin Lactosa Semidesnatada Brik 1 L,"1,60 € / 1 L","1,60 €",PULEVA
Despensa,Lácteos y huevos,"Huevo Codorniz Cartón 18 Unidades 1,5 Dc","1,10 € / 1 Dc","1,65 €",MONTERDE
Despensa,Lácteos y huevos,Dulce de Leche Lata 397 Gr,"9,04 € / 1 Kg","3,59 €",LA LECHERA
Despensa,Lácteos y huevos,Tocino de Cielo Pack de 2 Unidades 2 x 100 Gr,"10,25 € / 1 Kg","2,05 €",REINA
Despensa,Lácteos y huevos,Bebida de Soja sin Azúcares Añadidos Brik 1 L,"1,35 € / 1 L","1,35 €",CONSUM ECO
Despensa,Lácteos y huevos,Bebida de Avena Brik 1 L,"1,49 € / 1 L","1,49 €",CONSUM ECO
Despensa,Lácteos y huevos,Yogur Griego Oikos con Manzana - Canela 2 x 110 Gr,"8,14 € / 1 Kg","1,79 €",DANONE
Despensa,Lácteos y huevos,Yogur Griego Oikos con Caramelo P-2 ud 2 x 110 Gr,"8,14 € / 1 Kg","1,79 €",DANONE
Despensa,Lácteos y huevos,Leche Entera Ecológica 1 L,"1,23 € / 1 L","1,23 €",CONSUM ECO
Despensa,Lácteos y huevos,Leche Semidesnatada Ecológica 1 L,"1,23 € / 1 L","1,23 €",CONSUM ECO
Despensa,Lácteos y huevos,Bebida de Almendras 0% Azúcar Brik 1 L,"1,35 € / 1 L","1,35 €",CONSUM
Despensa,Lácteos y huevos,Postre de Soja con Fruta Panaché de frutas 4 x 100 Gr,"4,63 € / 1 Kg","1,85 €",CONSUM
Despensa,Lácteos y huevos,Horchata Fresca Xufatopía 750 ml,"2,67 € / 1 L","2,00 €",BY PANACH
Despensa,Lácteos y huevos,Yogur Bífidus 00% con Melocotón P-4 ud. 4 x 125 Gr,"2,70 € / 1 Kg","1,35 €",CONSUM
Despensa,Lácteos y huevos,Yogur Bífidus 00% con Frutas del Bosque 4 x 125 Gr,"2,70 € / 1 Kg","1,35 €",CONSUM
Despensa,Lácteos y huevos,Yogur Bífidus 00% Natural Edulcorado 4 x 125 Gr,"1,98 € / 1 Kg","0,99 €",CONSUM
Despensa,Lácteos y huevos,Yogur Bífidus 00% Natural Pack 4 Unidades 4 x 125 Gr,"1,90 € / 1 Kg","0,95 €",CONSUM
Despensa,Lácteos y huevos,Yogur Bífidus con Cereales y Muesli 4 x 125 Gr,"2,70 € / 1 Kg","1,35 €",CONSUM
Despensa,Lácteos y huevos,Leche Entera Minibrick pack 6 6 x 200 ml,"2,34 € / 1 L","2,81 €",PASCUAL
Despensa,Lácteos y huevos,Leche sin Lactosa Entera Botella 1 L,"1,42 € / 1 L","1,42 €",PULEVA
Despensa,Lácteos y huevos,Yogur Bífidus 00% con Cereales y Muesli 4 x 125 Gr,"2,70 € / 1 Kg","1,35 €",CONSUM
Despensa,Lácteos y huevos,Bebida de Almendras Sin Azúcar Brik 1 L,"1,99 € / 1 L","1,99 €",ALPRO
Despensa,Lácteos y huevos,Jugo de Coco para Cocinar Lata 400 ml,"3,50 € / 1 L","1,40 €",AMPRO
Despensa,Lácteos y huevos,Batido Sabor Vainilla Botella 1 L,"1,20 € / 1 L","1,20 €",CONSUM
Despensa,Lácteos y huevos,Café Refrigerado Capuccino 250 ml,"3,16 € / 1 L","0,79 €",CONSUM
Despensa,Lácteos y huevos,Café Refrigerado Light 250 ml,"3,80 € / 1 L","0,95 €",CONSUM
Despensa,Lácteos y huevos,Café Refrigerado Machiatto 250 ml,"3,56 € / 1 L","0,89 €",CONSUM
Despensa,Lácteos y huevos,Bebida de Avena Minibrick 3 x 250 ml,"2,80 € / 1 L","2,10 €",YOSOY
Despensa,Lácteos y huevos,Café con Leche Deliss Botellín 220 ml,"5,77 € / 1 L","1,27 €",PULEVA
Despensa,Lácteos y huevos,Café con Leche Cappucino Botellín 220 ml,"5,77 € / 1 L","1,27 €",PULEVA
Despensa,Lácteos y huevos,Jugo de Coco Ligero para Cocinar Lata 400 ml,"3,98 € / 1 L","1,59 €",AMPRO
Despensa,Lácteos y huevos,Horchata Fresca Xufatopía 250 ml,"4,00 € / 1 L","1,00 €",BY PANACH
Despensa,Lácteos y huevos,Margarina Light Oliva Tarrina 250 Gr,"5,40 € / 1 Kg","1,35 €",CONSUM
Despensa,Lácteos y huevos,Fácil de Untar con Mantequilla 250 Gr,"8,60 € / 1 Kg","2,15 €",CONSUM
Despensa,Lácteos y huevos,Pannacotta Caramelo Pack de 2 Unidades 2 x 100 Gr,"9,25 € / 1 Kg","1,85 €",D.PASTICCERI
Despensa,Lácteos y huevos,"Huevo Campero Cocido 1/2 Docena 0,5 Dc","3,98 € / 1 Dc","1,99 €",MONTERDE
Despensa,Lácteos y huevos,Profiteroles de Nata Pack de 2 Unidades 2 x 90 Gr,"9,72 € / 1 Kg","1,75 €",D.PASTICCERI
Despensa,Lácteos y huevos,Skyr High Protein Desnatado Natural 150 Gr,"5,67 € / 1 Kg","0,85 €",EHRMANN
Despensa,Lácteos y huevos,Tiramisú Pack de 2 Unidades 2 x 80 Gr,"7,81 € / 1 Kg","1,25 €",CONSUM
Despensa,Lácteos y huevos,"Huevo Campero XL 1/2 Docena 0,5 Dc","4,42 € / 1 Dc","2,21 €",MONTERDE
Despensa,Lácteos y huevos,Yogur de Vaca Ecológico Natural Pack 2 Unidades 2 x 125 Gr,"6,20 € / 1 Kg","1,55 €",CONSUM ECO
Despensa,Lácteos y huevos,Postre Soja con Mango Sin Azúcares Añadidos 400 Gr,"6,48 € / 1 Kg","2,59 €",ALPRO
Despensa,Lácteos y huevos,Bebida de Avena sin Azúcar Brik 1 L,"1,99 € / 1 L","1,99 €",ALPRO
Despensa,Lácteos y huevos,Mousse de Chocolate con Leche 4 x 60 Gr,"4,38 € / 1 Kg","1,05 €",CONSUM
Despensa,Lácteos y huevos,Bebida de Arroz Ecológico Brik 1 L,"1,99 € / 1 L","1,99 €",YOSOY
Despensa,Lácteos y huevos,Bebida de Avena Chocolate Brik 1 L,"2,10 € / 1 L","2,10 €",YOSOY
Despensa,Lácteos y huevos,Café Espresso Refrigerado 250 ml,"3,16 € / 1 L","0,79 €",CONSUM
Despensa,Lácteos y huevos,Margarina Ligera Tarrina 500 Gr,"2,80 € / 1 Kg","1,40 €",CONSUM
Despensa,Lácteos y huevos,Margarina Vegetal Tarrina 500 Gr,"2,90 € / 1 Kg","1,45 €",CONSUM
Despensa,Lácteos y huevos,Bebida de Avena y Nueces Brik 1 L,"2,45 € / 1 L","2,45 €",YOSOY
Despensa,Lácteos y huevos,Kéfir Natural Pack 6 Unidades 6 x 100 Gr,"4,32 € / 1 Kg","2,59 €",NESTLE
Despensa,Lácteos y huevos,Yogur Griego Natural Pack de 4 Unidades 4 x 125 Gr,"2,24 € / 1 Kg","1,12 €",CONSUM
Despensa,Lácteos y huevos,Yogur Griego Natural Azucarado 4 x 125 Gr,"2,24 € / 1 Kg","1,12 €",CONSUM
Despensa,Lácteos y huevos,Yogur Griego Stracciatella P-4 ud 4 x 125 Gr,"2,66 € / 1 Kg","1,33 €",CONSUM
Despensa,Lácteos y huevos,Yogur Griego con Fresa Pack de 4 Unidades 4 x 125 Gr,"2,58 € / 1 Kg","1,29 €",CONSUM
Despensa,Lácteos y huevos,"Leche Entera Botella 1,5 L","0,98 € / 1 L","1,47 €",CONSUM
Despensa,Lácteos y huevos,"Leche Semidesnatada Botella 1,5 L","0,94 € / 1 L","1,41 €",CONSUM
Despensa,Lácteos y huevos,"Leche Desnatada Botella 1,5 L","0,92 € / 1 L","1,38 €",CONSUM
Despensa,Lácteos y huevos,Nata para Montar 500 ml - Refrigerada,"5,50 € / 1 L","2,75 €",ASTURIANA
Despensa,Lácteos y huevos,Yogur 00% Natural Pack de 4 Unidades 4 x 125 Gr,"1,54 € / 1 Kg","0,77 €",CONSUM
Despensa,Lácteos y huevos,Yogur 00% Natural Edulcorado 4 Unidades 4 x 125 Gr,"1,54 € / 1 Kg","0,77 €",CONSUM
Despensa,Lácteos y huevos,"Leche Semidesnatada Botella 2,2 L","1,11 € / 1 L","2,45 €",ASTURIANA
Despensa,Lácteos y huevos,Yogur Natural Pack de 4 Unidades 4 x 125 Gr,"1,58 € / 1 Kg","0,79 €",CONSUM
Despensa,Lácteos y huevos,Yogur Natural Azucarado Pack 4 Unidades 4 x 125 Gr,"1,58 € / 1 Kg","0,79 €",CONSUM
Despensa,Lácteos y huevos,Yogur 00% Sabor Fresa Pack de 4 Unidades 4 x 125 Gr,"1,90 € / 1 Kg","0,95 €",CONSUM
Despensa,Lácteos y huevos,Yogur 00% Sabor Limón Pack de 4 Unidades 4 x 125 Gr,"1,90 € / 1 Kg","0,95 €",CONSUM
Despensa,Lácteos y huevos,Yogur Sabor Fresa Pack 4 Unidades 4 x 125 Gr,"1,58 € / 1 Kg","0,79 €",CONSUM
Despensa,Lácteos y huevos,Yogur Sabor Macedonia Pack de 4 Unidades 4 x 125 Gr,"1,58 € / 1 Kg","0,79 €",CONSUM
Despensa,Lácteos y huevos,Yogur Sabor Coco Pack de 4 Unidades 4 x 125 Gr,"1,58 € / 1 Kg","0,79 €",CONSUM
Despensa,Lácteos y huevos,Yogur Sabor Limón Pack de 4 Unidades 4 x 125 Gr,"1,58 € / 1 Kg","0,79 €",CONSUM
Despensa,Lácteos y huevos,Batido de Chocolate 90% Leche Pack de 6 6 x 200 ml,"1,38 € / 1 L","1,65 €",CONSUM
Despensa,Lácteos y huevos,Batido de Chocolate Zero Minibrik Pack de 6 6 x 200 ml,"2,49 € / 1 L","2,99 €",PULEVA
Despensa,Lácteos y huevos,"Huevo Campero M Decena 0,83 Dc","2,64 € / 1 Dc","2,19 €",MONTERDE
Despensa,Lácteos y huevos,"Huevo Campero L Decena 0,83 Dc","3,65 € / 1 Dc","3,03 €",MONTERDE
Despensa,Lácteos y huevos,Yogur Sabor Fresa sin Lactosa P-4 unidades 4 x 125 Gr,"3,00 € / 1 Kg","1,50 €",CONSUM
Despensa,Lácteos y huevos,Bebida de Almendra sin Azúcar Brik 1 L,"1,99 € / 1 L","1,99 €",VIVESOY
Despensa,Lácteos y huevos,Kéfir Desnatado 0% Leche de Vaca 500 Gr,"4,90 € / 1 Kg","2,45 €",PASTORET
Despensa,Lácteos y huevos,Batido de Cacao Energy Minibrick Pack de 3 3 x 200 ml,"3,15 € / 1 L","1,89 €",COLA CAO
Despensa,Lácteos y huevos,Bebida de Arroz y Avellanas Brik 1 L,"2,10 € / 1 L","2,10 €",YOSOY
Despensa,Lácteos y huevos,Yogur Griego Oikos Sabor Lima Limón 4 x 110 Gr,"6,34 € / 1 Kg","2,79 €",DANONE
Despensa,Lácteos y huevos,Preparado para Cocinar Vegetal Avena Ecológico 200 ml,"8,95 € / 1 L","1,79 €",IDEAL
Despensa,Lácteos y huevos,Batido de Cacao Botellín Pack de 3 Más 1 4 x 200 ml,"3,33 € / 1 L","2,66 €",CACAOLAT
Despensa,Lácteos y huevos,Yogur Natural con Azúcar de Caña 4 x 125 Gr,"1,58 € / 1 Kg","0,79 €",CONSUM
Despensa,Lácteos y huevos,Kéfir Natural Líquido 500 Gr,"3,18 € / 1 Kg","1,59 €",CONSUM
Despensa,Lácteos y huevos,Yogur Natural 00% sin Lactosa 4 x 125 Gr,"2,80 € / 1 Kg","1,40 €",CONSUM
Despensa,Lácteos y huevos,Postre de Soja Natural 4 x 100 Gr,"3,13 € / 1 Kg","1,25 €",CONSUM
Despensa,Lácteos y huevos,Yogur Sabor Plátano Pack de 4 Unidades 4 x 120 Gr,"2,08 € / 1 Kg","1,00 €",DANONE
Despensa,Lácteos y huevos,"Huevo Ecológico L-XL 1/2 Docena 0,5 Dc","5,98 € / 1 Dc","2,99 €",MONTERDE
Despensa,Lácteos y huevos,Yogur Natural de Cabra Pack de 2 Unidades 2 x 125 Gr,"7,56 € / 1 Kg","1,89 €",GRANJA RINYA
Despensa,Lácteos y huevos,Flan de Café Pack de 4 Unidades 4 x 100 Gr,"5,48 € / 1 Kg","2,19 €",REINA
Despensa,Lácteos y huevos,Bebida de Avena con Calcio Brik 1 L,"1,20 € / 1 L","1,20 €",CONSUM
Despensa,Lácteos y huevos,Bebida de Arroz con Calcio Brik 1 L,"1,10 € / 1 L","1,10 €",CONSUM
Despensa,Lácteos y huevos,Nata Spray sin Lactosa Bote 250 ml,"11,00 € / 1 L","2,75 €",ASTURIANA
Despensa,Lácteos y huevos,Mousse Dúo Chocolate Blanco y con Leche 4 x 59 Gr,"8,43 € / 1 Kg","1,99 €",LA LECHERA
Despensa,Lácteos y huevos,Batido con Toppings de Galleta Vaso 200 ml,"8,80 € / 1 L","1,76 €",OREO
Despensa,Lácteos y huevos,Yogucol 0% Sabor Fresa 8 x 100 Gr,"3,74 € / 1 Kg","2,99 €",CONSUM
Despensa,Lácteos y huevos,Postre Gelificado 00% Sabor Fresa 4 x 100 Gr,"1,75 € / 1 Kg","0,70 €",CONSUM
Despensa,Lácteos y huevos,Postre Gelificado 00% Sabor Tropical 4 x 100 Gr,"1,75 € / 1 Kg","0,70 €",CONSUM
Despensa,Lácteos y huevos,Bebida Láctea 0%0% Proteína Sabor Chocolate 330 ml,"5,61 € / 1 L","1,85 €",CONSUM
Despensa,Lácteos y huevos,Bebida de Soja sin Azúcar Brik 1 L,"1,99 € / 1 L","1,99 €",ALPRO
Despensa,Lácteos y huevos,Bebida Avena con Café Vaso 230 ml,"5,00 € / 1 L","1,15 €",LA VEVIDA
Despensa,Lácteos y huevos,Gelatina Proteína 00% Plus Sabor Frutos Rojos 4 x 100 Gr - Refrigerado,"3,88 € / 1 Kg","1,55 €",CONSUM
Despensa,Lácteos y huevos,Flan Vainilla 00% Pack de 4 Unidades 4 x 100 Gr,"2,88 € / 1 Kg","1,15 €",CONSUM
Despensa,Lácteos y huevos,Yogur Natural Pack 2 Unidades 2 x 125 Gr,"4,76 € / 1 Kg","1,19 €",CONSUM
Despensa,Lácteos y huevos,Yogur Natural Azucarado 2 x 125 Gr,"4,76 € / 1 Kg","1,19 €",CONSUM
Despensa,Lácteos y huevos,Yogur con Fresa Pack 2 Unidades 2 x 125 Gr,"5,16 € / 1 Kg","1,29 €",CONSUM
Despensa,Lácteos y huevos,Yogur con Melocotón Pack 2 Unidad 2 x 125 Gr,"5,16 € / 1 Kg","1,29 €",CONSUM
Despensa,Lácteos y huevos,Leche Fresca Semidesnatada 1 L,"1,69 € / 1 L","1,69 €",PULEVA
Despensa,Lácteos y huevos,Yogur Plátano y Fresa Pack 2 Tarritos 240 Gr,"11,63 € / 1 Kg","2,79 €",HERO BABY
Despensa,Lácteos y huevos,Postre Proteico 0% Sabor Chocolate 200 Gr,"7,75 € / 1 Kg","1,55 €",CONSUM
Despensa,Lácteos y huevos,Postre Proteico 0% Sabor Vainilla 200 Gr,"7,75 € / 1 Kg","1,55 €",CONSUM
Despensa,Lácteos y huevos,Yogur Sabor Vainilla con Bolitas de Chocolate 2 x 122 Gr,"4,51 € / 1 Kg","1,10 €",CONSUM KIDS
Despensa,Lácteos y huevos,Huevos S/M Medianos 24 Unidades 2 Dc,"1,90 € / 1 Dc","3,80 €",MONTERDE
Despensa,Lácteos y huevos,"Maxi Petit Fresa, Plátano y Fresa-Plátano 6 x 100 Gr","2,48 € / 1 Kg","1,49 €",CONSUM KIDS
Despensa,Lácteos y huevos,Nata Montada Spray Bote 250 Gr,"6,00 € / 1 Kg","1,50 €",CHANTILLY
Despensa,Lácteos y huevos,Clara de Huevo Botella 300 ml,"5,17 € / 1 L","1,55 €",MONTERDE
Despensa,Lácteos y huevos,Clara de Huevo Botella 1 L,"2,60 € / 1 L","2,60 €",MONTERDE
Despensa,Lácteos y huevos,Margarina Oliva Tarrina 225 Gr,"8,84 € / 1 Kg","1,99 €",FLORA
Despensa,Lácteos y huevos,Bebida de Avena 0% Azúcar Brik 1 L,"1,85 € / 1 L","1,85 €",YOSOY
Despensa,Lácteos y huevos,Coulant de Chocolate 2 x 90 Gr,"13,61 € / 1 Kg","2,45 €",MAISON
Despensa,Lácteos y huevos,Fácil Untar con Sal Tarrina 200 Gr,"19,95 € / 1 Kg","3,99 €",LURPAK
Despensa,Lácteos y huevos,"Leche Entera Botella 2,2 L","1,11 € / 1 L","2,45 €",ASTURIANA
Despensa,Lácteos y huevos,Postre Soja Frutos Rojos con Datiles sin azúcar 400 Gr,"6,48 € / 1 Kg","2,59 €",ALPRO
Despensa,Lácteos y huevos,Mousse Proteína 0% Sabor Chocolate 150 Gr,"10,60 € / 1 Kg","1,59 €",VALIO
Despensa,Lácteos y huevos,Copa Chocolate Proteica 200 Gr - Refrigerado,"9,45 € / 1 Kg","1,89 €",EHRMANN
Despensa,Lácteos y huevos,Bebida de Avena Chocolate Minibrick 3 x 250 ml,"3,07 € / 1 L","2,30 €",YOSOY
Despensa,Lácteos y huevos,Yogur Líquido 00% Mango-Maracuyá 1000 Gr,"1,50 € / 1 Kg","1,50 €",CONSUM
Despensa,Lácteos y huevos,Yogur Líquido con Fresa 1000 Gr,"1,45 € / 1 Kg","1,45 €",CONSUM
Despensa,Lácteos y huevos,Yogur Líquido con Frutas del Bosque 1500 Gr,"1,37 € / 1 Kg","2,05 €",CONSUM
Despensa,Lácteos y huevos,Yogur Líquido con Fresa-Plátano 1500 Gr,"1,37 € / 1 Kg","2,05 €",CONSUM
Despensa,Lácteos y huevos,Yogur Líquido 00% con Fresa 1000 Gr,"1,50 € / 1 Kg","1,50 €",CONSUM
Despensa,Lácteos y huevos,Yogur Líquido con Piña-Coco 1000 Gr,"1,45 € / 1 Kg","1,45 €",CONSUM
Despensa,Lácteos y huevos,Yogur Líquido Melocotón-Maracuyá 1000 Gr,"1,45 € / 1 Kg","1,45 €",CONSUM
Despensa,Lácteos y huevos,Yogur Líquido con Fresa-Plátano 1000 Gr,"1,45 € / 1 Kg","1,45 €",CONSUM
Despensa,Lácteos y huevos,Margarina Proactive Tarrina 225 Gr,"13,11 € / 1 Kg","2,95 €",FLORA
Despensa,Lácteos y huevos,Yogur Líquido Natural Azucarado 1000 Gr,"1,45 € / 1 Kg","1,45 €",CONSUM
Despensa,Lácteos y huevos,Postre de Coco Natural 350 Gr,"7,40 € / 1 Kg","2,59 €",ALPRO
Despensa,Lácteos y huevos,Margarina Vegetal Tarrina 400 Gr,"7,38 € / 1 Kg","2,95 €",FLORA
Despensa,Lácteos y huevos,Bebida Láctea con Fresa 12 x 100 Gr,"2,04 € / 1 Kg","2,45 €",CONSUM
Despensa,Lácteos y huevos,Huevo L/XL Docena 1 Dc,"3,09 € / 1 Dc","3,09 €",MONTERDE
Despensa,Lácteos y huevos,Leche Semi sin Lactosa Minibrick Pack de 3 3 x 200 ml,"2,17 € / 1 L","1,30 €",ASTURIANA
Despensa,Lácteos y huevos,"Leche Desnatada Brik 1,5 L","1,03 € / 1 L","1,55 €",RIO
Despensa,Lácteos y huevos,"Leche Semidesnatada Brik 1,5 L","1,03 € / 1 L","1,55 €",RIO
Despensa,Lácteos y huevos,"Leche Entera Brik 1,5 L","1,03 € / 1 L","1,55 €",RIO
Despensa,Lácteos y huevos,Bebida de Almendra Barista Brik 1 L,"1,99 € / 1 L","1,99 €",ALMENDROLA
Despensa,Lácteos y huevos,Bebida No es Leche Avena y Soja Brik 1 L,"1,85 € / 1 L","1,85 €",YOSOY
Despensa,Lácteos y huevos,Bebida de Avena Sin Azúcar Brik 1 L,"1,99 € / 1 L","1,99 €",VIVESOY
Despensa,Lácteos y huevos,Proteico Natural 0%0% Plus 500 Gr - Refrigerado,"3,10 € / 1 Kg","1,55 €",CONSUM
Despensa,Lácteos y huevos,Yogur Griego Natural 500 Gr,"4,50 € / 1 Kg","2,25 €",REINA
Despensa,Lácteos y huevos,Yogur Griego con Nueces Azucarado 4 x 125 Gr,"3,18 € / 1 Kg","1,59 €",CONSUM
Despensa,Lácteos y huevos,Yogur Griego con Limón Azucarado 4 x 125 Gr,"2,58 € / 1 Kg","1,29 €",CONSUM
Despensa,Lácteos y huevos,Actimel Natural 0%0% Pack 6 6 x 100 Gr,"6,32 € / 1 Kg","3,79 €",DANONE
Despensa,Lácteos y huevos,Puleva Buenas Noches Brik 1 L,"1,65 € / 1 L","1,65 €",PULEVA
Despensa,Lácteos y huevos,Bebida Láctea 0%0% Proteína Sabor Vainilla 330 ml,"5,61 € / 1 L","1,85 €",CONSUM
Despensa,Lácteos y huevos,Bebida de Avena Barista Brik 1 L,"2,19 € / 1 L","2,19 €",VIVESOY
Despensa,Lácteos y huevos,Batido de Cacao Energy Botellin pack de4 4 x 188 ml,"3,52 € / 1 L","2,65 €",COLA CAO
Despensa,Lácteos y huevos,"Leche Desnatada Botella 2,2 L","1,11 € / 1 L","2,45 €",ASTURIANA
Despensa,Lácteos y huevos,Bebida de Soja Chocolate P3 3 x 250 ml,"3,72 € / 1 L","2,79 €",ALPRO
Despensa,Lácteos y huevos,Mousse Proteína 0% Sabor Capuccino 150 Gr,"10,60 € / 1 Kg","1,59 €",VALIO
Despensa,Lácteos y huevos,Proteico 0%0% Sabor Fresa 4 x 100 Gr,"3,48 € / 1 Kg","1,39 €",MARGUI
Despensa,Lácteos y huevos,Proteico 0%0% Sabor Arándano 4 x 100 Gr,"3,48 € / 1 Kg","1,39 €",MARGUI
Despensa,Lácteos y huevos,Leche Desnatada Sin Lactosa Proteina 1 L,"1,65 € / 1 L","1,65 €",PULEVA
Despensa,Lácteos y huevos,Bebida de Almendra con Calcio Brik 1 L,"1,35 € / 1 L","1,35 €",CONSUM
Despensa,Lácteos y huevos,Bebida de Avellana con Calcio Brik 1 L,"1,35 € / 1 L","1,35 €",CONSUM
Despensa,Lácteos y huevos,Postre de Soja con Coco 400 Gr,"5,73 € / 1 Kg","2,29 €",ALPRO
Despensa,Lácteos y huevos,Postre Soja Sabor Vainilla 400 Gr,"5,73 € / 1 Kg","2,29 €",ALPRO
Despensa,Lácteos y huevos,Postre de Soja con Arándanos 400 Gr,"5,73 € / 1 Kg","2,29 €",ALPRO
Despensa,Lácteos y huevos,Kéfir Natural 500 Gr,"2,80 € / 1 Kg","1,40 €",MARGUI
Despensa,Lácteos y huevos,Batido de Cacao Energy 0% pack 4 4 x 188 ml,"3,71 € / 1 L","2,79 €",COLA CAO
Despensa,Lácteos y huevos,Flan de Clara de Huevo Rico en Proteínas 0%0% 2 x 160 Gr,"6,53 € / 1 Kg","2,09 €",REINA
Despensa,Lácteos y huevos,"Huevo Ecológico Decena Diferentes Calibres 0,83 Dc","4,81 € / 1 Dc","3,99 €",MONTERDE
Despensa,Lácteos y huevos,Yogur 0%0% Proteína Sabor Stracciatella 4 x 105 Gr,"4,74 € / 1 Kg","1,99 €",DANONE
Despensa,Lácteos y huevos,Yogur 0%0% Proteína Natural 4 x 105 Gr,"4,74 € / 1 Kg","1,99 €",DANONE
Despensa,Lácteos y huevos,Copa Cacao y Nata 4 x 115 Gr,"3,04 € / 1 Kg","1,40 €",CONSUM
Despensa,Lácteos y huevos,Yogur con Frutas Pack de 8 unidades 8 x 125 Gr,"2,10 € / 1 Kg","2,10 €",CONSUM
Despensa,Lácteos y huevos,Yogur Sabor Galleta Pack de 4 unidades 4 x 120 Gr,"2,08 € / 1 Kg","1,00 €",DANONE
Despensa,Lácteos y huevos,Postre de Soja Skyr Sabor Fresa 400 Gr,"6,48 € / 1 Kg","2,59 €",ALPRO
Despensa,Lácteos y huevos,Crema Catalana Pack de 2 Unidades 2 x 100 Gr,"8,95 € / 1 Kg","1,79 €",DHUL
Despensa,Cocina internacional,Tortillas de Trigo Paquete 8 Unidades 326 Gr,"6,42 € / 1 Kg","2,45 €
2,09 €",OLD EL PASO
Despensa,Cocina internacional,Sazonador para Fajita 30 Gr,"3,96 € / 100 Gr","1,39 €
1,19 €",OLD EL PASO
Despensa,Cocina internacional,Fideos Orientales Pollo Yatekomo 60 Gr,"25,83 € / 1 Kg","1,55 €",G.BLANCA
Despensa,Cocina internacional,Gyoza de Carne al Vapor 170 Gr,"22,57 € / 1 Kg","3,79 €
3,25 €",TA-TUNG
Despensa,Cocina internacional,Fideos Orientales Curry Yatekomo 61 Gr,"26,07 € / 1 Kg","1,59 €",G.BLANCA
Despensa,Cocina internacional,Tortillas Wraps de Trigo Paquete 6 Unidades 350 Gr,"8,26 € / 1 Kg","3,39 €
2,89 €",OLD EL PASO
Despensa,Cocina internacional,Alga Sushi Nori 11 Gr,"16,27 € / 100 Gr","2,35 €
1,79 €",BLUE DRAGON
Despensa,Cocina internacional,Tortilla Pocket Paquete 8 Unidades 223 Gr,"12,96 € / 1 Kg","3,39 €
2,89 €",OLD EL PASO
Despensa,Cocina internacional,Tortillas Integrales 8 Unidades 320 Gr,"4,53 € / 1 Kg","1,55 €
1,45 €",CONSUM
Despensa,Cocina internacional,Tacos de Maíz y Trigo 8 Unidades 200 Gr,"8,25 € / 1 Kg","2,05 €
1,65 €",MISSION
Despensa,Cocina internacional,Nachos Tortilla Chips Bolsa 200 Gr,"11,25 € / 1 Kg","2,25 €",MISSION
Despensa,Cocina internacional,Arroz 3 Delicias 250 Gr,"10,20 € / 1 Kg","2,99 €
2,55 €",TA-TUNG
Despensa,Cocina internacional,Obleas de Arroz Paquete 150 Gr,"9,94 € / 1 Kg","1,99 €
1,49 €",YANG-TSE
Despensa,Cocina internacional,Tortilla Chip Sal 200 Gr,"8,25 € / 1 Kg","1,65 €",ZANUY
Despensa,Cocina internacional,Yakisoba de Pollo Yatekomo 93 Gr,"20,97 € / 1 Kg","1,95 €",G.BLANCA
Despensa,Cocina internacional,Yakisoba Classic Yatekomo 93 Gr,"20,97 € / 1 Kg","1,95 €",G.BLANCA
Despensa,Cocina internacional,Platanitos Maduros Bolsa 71 Gr,"19,01 € / 1 Kg","1,35 €",SOLDANZA
Despensa,Cocina internacional,Rollitos de Primavera 280 Gr,"9,96 € / 1 Kg","2,79 €",TA-TUNG
Despensa,Cocina internacional,Yuquitas Bolsa 45 Gr,"3,00 € / 100 Gr","1,35 €",SOLDANZA
Despensa,Cocina internacional,Tortillas de Trigo Integrales 6 Unidades 350 Gr,"9,69 € / 1 Kg","3,39 €",OLD EL PASO
Despensa,Cocina internacional,Chili con Carne Lata 418 Gr,"11,46 € / 1 Kg","4,79 €",OLD EL PASO
Despensa,Cocina internacional,Fajita Kit 500 Gr,"11,98 € / 1 Kg","5,99 €",OLD EL PASO
Despensa,Cocina internacional,Sazonador Guacamole 20 Gr,"6,95 € / 100 Gr","1,39 €",OLD EL PASO
Despensa,Cocina internacional,Harina de Maíz Paquete 1 Kg,"2,55 € / 1 Kg","2,55 €",DOÑAREPA
Despensa,Cocina internacional,Sazonador Burritos Sobre 40 Gr,"3,48 € / 100 Gr","1,39 €",OLD EL PASO
Despensa,Cocina internacional,Wasabi Pasta 45 Gr,"5,98 € / 100 Gr","2,69 €",BLUE DRAGON
Despensa,Cocina internacional,Tallarines de Arroz 250 Gr,"8,60 € / 1 Kg","2,15 €",GO-TAN
Despensa,Cocina internacional,"Sopa Deshidratada Thaï Fideos, Setas y Coco 69 Gr","24,49 € / 1 Kg","1,69 €",KNORR
Despensa,Cocina internacional,Tortilla Nachips Bolsa 185 Gr,"14,86 € / 1 Kg","2,75 €",OLD EL PASO
Despensa,Cocina internacional,Fideos Chinos Con Huevo 250 Gr,"6,68 € / 1 Kg","1,67 €",SOUBRY
Despensa,Cocina internacional,Nachos con Chia Paquete 130 Gr,"10,77 € / 1 Kg","1,40 €",ZANUY
Despensa,Cocina internacional,Nachos de Maíz Fritos Sabor Natural 300 Gr,"8,83 € / 1 Kg","2,65 €",MEXIFOODS
Despensa,Cocina internacional,Platanitos Salados Bolsa 71 Gr,"19,01 € / 1 Kg","1,35 €",SOLDANZA
Despensa,Cocina internacional,Fideos Vermicelli Bolsa 250 Gr,"7,96 € / 1 Kg","1,99 €",YANG-TSE
Despensa,Cocina internacional,Frijoles Negros Guisados Bote 425 Gr,"5,39 € / 1 Kg","2,29 €",GOYA
Despensa,Cocina internacional,Wraps Semillas Paqueta 6 Unidades 240 Gr,"7,04 € / 1 Kg","1,69 €",ZANUY
Despensa,Cocina internacional,Fideos Orientales Hot&Spicy Yatekomo 60 Gr,"26,50 € / 1 Kg","1,59 €",G.BLANCA
Despensa,Cocina internacional,Mini Tortilla Trigo Paquete 8 Unidades 220 Gr,"11,14 € / 1 Kg","2,45 €",OLD EL PASO
Despensa,Cocina internacional,"Prosecco D.O.C.Treviso GI17 0,75 L","12,92 € / 1 L","9,69 €",MIONETTO
Despensa,Cocina internacional,Arroz Sushi Paquete 500 Gr,"3,64 € / 1 Kg","1,82 €",TILDASUNDARI
Despensa,Cocina internacional,Crema de Sesamo Tahini Tarro 200 Gr,"14,75 € / 1 Kg","2,95 €",EOS
Despensa,Cocina internacional,Arroz con Pollo al Curry 280 Gr,"10,18 € / 1 Kg","2,85 €",DELINATUR
Despensa,Cocina internacional,Pollo y Almendras con arroz 280 Gr,"11,75 € / 1 Kg","3,29 €",DELINATUR
Despensa,Cocina internacional,Gyoza de Pollo al Vapor 170 Gr,"26,32 € / 1 Kg","3,79 €",TA-TUNG
Despensa,Cocina internacional,Salsa Tikka Masala Frasco 450 Gr,"6,64 € / 1 Kg","2,99 €",PATAK´S
Despensa,Cocina internacional,Salsa Guacamole Frasco 320 Gr,"10,59 € / 1 Kg","3,39 €",OLD EL PASO
Despensa,Cocina internacional,Salsa de Queso Frasco 320 Gr,"11,22 € / 1 Kg","3,59 €",OLD EL PASO
Despensa,Cocina internacional,Salsa Mejicana Frasco 312 Gr,"10,87 € / 1 Kg","3,39 €",OLD EL PASO
Despensa,Cocina internacional,Pollo Tikka Masala con Cuscús 280 Gr,"11,75 € / 1 Kg","3,29 €",DELINATUR
Despensa,Cocina internacional,Cochinita Pibil 180 Gr,"19,44 € / 1 Kg","3,50 €",PEKIS
Despensa,Cocina internacional,Tortillas de Maíz Sin Gluten 6 Unidades 216 Gr,"15,69 € / 1 Kg","3,39 €",OLD EL PASO
Despensa,Cocina internacional,Salsa Mexicana Queso Tarro 300 Gr,"5,63 € / 1 Kg","1,69 €",CONSUM
Despensa,Cocina internacional,Salsa Mexicana Tarro 300 Gr,"5,63 € / 1 Kg","1,69 €",CONSUM
Despensa,Cocina internacional,Salsa Guacamole Tarro 300 Gr,"5,63 € / 1 Kg","1,69 €",CONSUM
Despensa,Cocina internacional,Tortillas de Maíz y Trigo de Trigo. 8 Unidades 335 Gr,"10,12 € / 1 Kg","3,39 €",OLD EL PASO
Despensa,Cocina internacional,Nachos Mexican Bolsa 150 Gr,"6,33 € / 1 Kg","0,95 €",CONSUM
Despensa,Cocina internacional,Sazonador para Burritos 30 Gr,"3,30 € / 100 Gr","0,99 €",CONSUM
Despensa,Cocina internacional,Sazonador para Fajitas 30 Gr,"3,30 € / 100 Gr","0,99 €",CONSUM
Despensa,Cocina internacional,Tortillas de Trigo 8 Unidades 320 Gr,"3,59 € / 1 Kg","1,15 €",CONSUM
Despensa,Cocina internacional,Tortillas de Maíz 10 Unidades 250 Gr,"7,96 € / 1 Kg","1,99 €",CONSUM
Despensa,Cocina internacional,Tortillas Wrap de Trigo 6 Unidades 370 Gr,"4,32 € / 1 Kg","1,60 €",CONSUM
Despensa,Cocina internacional,Nachos Blancos Bolsa 150 Gr,"6,00 € / 1 Kg","0,90 €",CONSUM
Despensa,Cocina internacional,Jalapeños en Rodajas Bote 125 Gr,"18,32 € / 1 Kg","2,29 €",CONSUM
Despensa,Cocina internacional,Frijoles Rojos Guisados en Salsa 425 Gr,"5,39 € / 1 Kg","2,29 €",GOYA
Despensa,Cocina internacional,Doritos Dippas Bolsa 150 Gr,"13,27 € / 1 Kg","1,99 €",DORITOS
Despensa,Cocina internacional,Fideos Vermicellis de Arroz 250 Gr,"9,40 € / 1 Kg","2,35 €",TIGER KHAN
Despensa,Cocina internacional,Salsa Agripicante con Chili Dulce 300 ml,"9,67 € / 1 L","2,90 €",TIGER KHAN
Despensa,Cocina internacional,Aceite de Sésamo Botella 200 ml,"19,00 € / 1 L","3,80 €",TIGER KHAN
Despensa,Cocina internacional,Sriracha Mayo Botella 200 ml,"16,45 € / 1 L","3,29 €",FLYING DRAGO
Despensa,Cocina internacional,Fideos Asiáticos Udon Paquete 300 Gr,"8,50 € / 1 Kg","2,55 €",TIGER KHAN
Despensa,Cocina internacional,Vinagre de Arroz Botella 200 ml,"11,45 € / 1 L","2,29 €",TIGER KHAN
Despensa,Cocina internacional,Pan de Gamba Bolsa 50 Gr,"27,00 € / 1 Kg","1,35 €",ZANUY
Despensa,Cocina internacional,Salsa de Ostras Botella 300 ml,"9,50 € / 1 L","2,85 €",TIGER KHAN
Despensa,Cocina internacional,Salsa Hoisin Botella 300 ml,"11,97 € / 1 L","3,59 €",TIGER KHAN
Despensa,Cocina internacional,Salsa Soja Baja en Sal y Sin Gluten 150 ml,"13,27 € / 1 L","1,99 €",TIGER KHAN
Despensa,Cocina internacional,Tortillas Wraps Finas Paquete 6 Unidades 192 Gr,"17,66 € / 1 Kg","3,39 €",OLD EL PASO
Despensa,Cocina internacional,Fideos Orientales Sabor Teriyaki 130 Gr,"15,00 € / 1 Kg","1,95 €",MAGGI
Despensa,Cocina internacional,Salsa Teriyaki Botella 300 ml,"9,17 € / 1 L","2,75 €",TIGER KHAN
Despensa,Cocina internacional,Tallarines al Wok 250 Gr,"11,96 € / 1 Kg","2,99 €",TA-TUNG
Despensa,Cocina internacional,Fideos Yakisoba 250 Gr,"15,96 € / 1 Kg","3,99 €",TA-TUNG
Despensa,Cocina internacional,Salsa Agridulce Frasco 300 ml,"9,83 € / 1 L","2,95 €",TIGER KHAN
Despensa,Cocina internacional,Yatekomo de Gambas Vaso 60 Gr,"25,83 € / 1 Kg","1,55 €",G.BLANCA
Despensa,Cocina internacional,Jengibre Rosa Bote 110 Gr,"24,09 € / 1 Kg","2,65 €",TIGER KHAN
Despensa,Cocina internacional,Tostones Patacones Bolsa 60 Gr,"22,50 € / 1 Kg","1,35 €",SOLDANZA
Despensa,Nutrición y dietética,"Tortitas Arroz Sabor Yogur Paquete 130,4 Gr","14,19 € / 1 Kg","2,29 €
1,85 €",BICENTURY
Despensa,Nutrición y dietética,Tortitas de Arroz Chocolate Negro 130 Gr,"14,23 € / 1 Kg","2,29 €
1,85 €",BICENTURY
Despensa,Nutrición y dietética,Tortitas de Arroz Chocolate con Leche 130 Gr,"14,23 € / 1 Kg","2,29 €
1,85 €",BICENTURY
Despensa,Nutrición y dietética,Yogur Líquido 0%0% Proteina Fresa-Frambuesa 300 ml,"6,63 € / 1 L","2,49 €
1,99 €",YOPRO DANONE
Despensa,Nutrición y dietética,Real Whey Chocolate 100% Whey Protein 400 Gr,"37,25 € / 1 Kg","14,90 €",PROZIS
Despensa,Nutrición y dietética,Monohidrato de Creatina 150 Gr,"119,93 € / 1 Kg","17,99 €",PROZIS
Despensa,Nutrición y dietética,Tortita Arroz Integral con Chocolate Negro 130 Gr,"15,77 € / 1 Kg","2,55 €
2,05 €",BICENTURY
Despensa,Nutrición y dietética,Postre 0%0% Proteico Plátano y Cacahuete 2 x 160 Gr,"6,22 € / 1 Kg","2,69 €
1,99 €",YOPRO DANONE
Despensa,Nutrición y dietética,100% Real Whey Protein Cookies and Cream 400 Gr,"37,25 € / 1 Kg","14,90 €",PROZIS
Despensa,Nutrición y dietética,30% Protein Bar Brownie 3 uds 90 Gr,"35,56 € / 1 Kg","3,20 €",JUST LOADING
Despensa,Nutrición y dietética,30% Protein Bar Stracciatella 3 uds 90 Gr,"35,00 € / 1 Kg","3,15 €",JUST LOADING
Despensa,Nutrición y dietética,Aminoácidos BCAA Cápsulas 90 U,"0,11 € / 1 U","9,99 €",PROZIS
Despensa,Nutrición y dietética,Postre 0% Proteico Pudding Caramelo 180 Gr,"7,72 € / 1 Kg","1,79 €
1,39 €",YOPRO DANONE
Despensa,Nutrición y dietética,Postre 0%0% Proteico Stracciatella 2 x 160 Gr,"6,22 € / 1 Kg","2,69 €
1,99 €",YOPRO DANONE
Despensa,Nutrición y dietética,Bebida Láctea 0%0% Proteína Plátano 4 x 100 Gr,"6,23 € / 1 Kg","2,99 €
2,49 €",YOPRO DANONE
Despensa,Nutrición y dietética,Bebida Láctea 0%0% Proteína Frutos Rojos 4 x 100 ml,"6,23 € / 1 L","2,99 €
2,49 €",YOPRO DANONE
Despensa,Nutrición y dietética,Bebida láctea 0%0% Proteína Stracciatella 300 ml,"6,63 € / 1 L","2,49 €
1,99 €",YOPRO DANONE
Despensa,Nutrición y dietética,Postre Proteico 0%0% Sabor Vainilla 2 x 160 Gr,"6,22 € / 1 Kg","2,69 €
1,99 €",YOPRO DANONE
Despensa,Nutrición y dietética,Tortitas de Arroz Integral Paquete 130 Gr,"13,46 € / 1 Kg","1,75 €",BICENTURY
Despensa,Nutrición y dietética,Tortitas Maiz Sin Glutén Paquete 130 Gr,"13,46 € / 1 Kg","1,75 €",BICENTURY
Despensa,Nutrición y dietética,"Tortita Maíz Jordi Cruz Seta, Trufa y Queso 123,5 Gr","18,54 € / 1 Kg","2,29 €",BICENTURY
Despensa,Nutrición y dietética,Tortitas Mini de Maíz Sabor Jamón Ibérico 70 Gr,"22,71 € / 1 Kg","1,59 €",BICENTURY
Despensa,Nutrición y dietética,"Tortitas Sabor Tomate Paquete 123,5 Gr","18,54 € / 1 Kg","2,29 €",BICENTURY
Despensa,Nutrición y dietética,"Tortitas Sabor Queso Paquete 123,5 Gr","18,54 € / 1 Kg","2,29 €",BICENTURY
Despensa,Nutrición y dietética,"Tortitas Arroz Vitalday 115,2 Gr","9,55 € / 1 Kg","1,10 €",GULLON
Despensa,Nutrición y dietética,"Tortitas Maíz Vitalday 108,8 Gr","12,78 € / 1 Kg","1,39 €",GULLON
Despensa,Nutrición y dietética,Galletas Leche Chocolate Yoghourt 230 Gr,"11,26 € / 1 Kg","2,59 €",GERBLE
Despensa,Nutrición y dietética,Levadura de Cerveza Bolsa 150 Gr,"25,27 € / 1 Kg","3,79 €",NATURTIERRA
Despensa,Nutrición y dietética,Sabor Chocolate 225 Gr,"32,40 € / 1 Kg","7,29 €",BICENTURY
Despensa,Nutrición y dietética,Galletas Soja y Naranja 280 Gr,"9,25 € / 1 Kg","2,59 €",GERBLE
Despensa,Nutrición y dietética,Crema Sustitutiva Chocolate Intenso 2 x 210 Gr,"17,36 € / 1 Kg","7,29 €",BIMANAN
Despensa,Nutrición y dietética,Lecitina de Soja con Chía 200 Gr,"23,95 € / 1 Kg","4,79 €",NATURTIERRA
Despensa,Nutrición y dietética,Snack cereales Chocolate Negro 120 Gr,"24,92 € / 1 Kg","2,99 €",BICENTURY
Despensa,Nutrición y dietética,Snack cereales Chocolate con Leche 120 Gr,"24,92 € / 1 Kg","2,99 €",BICENTURY
Despensa,Nutrición y dietética,Snack cereales Chocolate Blanco 120 Gr,"24,92 € / 1 Kg","2,99 €",BICENTURY
Despensa,Nutrición y dietética,Tortita Arroz y Quinoa Ecológica 120 Gr,"15,75 € / 1 Kg","1,89 €",ECOCESTA
Despensa,Nutrición y dietética,Tortitas Arroz Chocolate Blanco y Frutos Rojos 184 Gr,"19,32 € / 1 Kg","2,55 €",BICENTURY
Despensa,Nutrición y dietética,Tortitas Arroz Chocolate Con Trozos de Avellana 198 Gr,"17,96 € / 1 Kg","2,55 €",BICENTURY
Despensa,Nutrición y dietética,Tortita maíz Jordi Cruz Jamón Ibérico 123.5 gr,"18,54 € / 1 Kg","2,29 €",BICENTURY
Despensa,Nutrición y dietética,Skyr High Protein Desnatado Natural 150 Gr,"5,67 € / 1 Kg","0,85 €",EHRMANN
Despensa,Nutrición y dietética,"Tortita Sabor Miel y Mostaza 123,5 Gr","18,54 € / 1 Kg","2,29 €",BICENTURY
Despensa,Nutrición y dietética,Barrita Proteína Chocolate Corny 35 Gr,"5,11 € / 100 Gr","1,79 €",CORNY
Despensa,Nutrición y dietética,Crema de Cacahuete 500 Gr,"5,90 € / 1 Kg","2,95 €",JUST LOADING
Despensa,Nutrición y dietética,Energy Flapjack Avena y Capuccino 60 Gr,"20,00 € / 1 Kg","1,20 €",JUST LOADING
Despensa,Nutrición y dietética,Energy Bars Almendra y Banana Pack de 3 75 Gr,"30,00 € / 1 Kg","2,25 €",JUST LOADING
Despensa,Nutrición y dietética,Energy Gels Fresa y Kiwi Pack de 3 90 Gr,"21,67 € / 1 Kg","1,95 €",JUST LOADING
Despensa,Nutrición y dietética,Gummy Power Cafeína Pack de 3 90 Gr,"30,56 € / 1 Kg","2,75 €",JUST LOADING
Despensa,Nutrición y dietética,"Tortitas Jordi Cruz Barbacoa 123,5 Gr","18,54 € / 1 Kg","2,29 €",BICENTURY
Despensa,Nutrición y dietética,Snack Chocolate Blanco y Trocitos Frutos Rojos 90 Gr,"33,22 € / 1 Kg","2,99 €",BICENTURY
Despensa,Nutrición y dietética,Tortitas de Arroz Integral Paquete 130 Gr,"9,15 € / 1 Kg","1,19 €",CONSUM
Despensa,Nutrición y dietética,Tortitas de Maíz Paquete 130 Gr,"9,15 € / 1 Kg","1,19 €",CONSUM
Despensa,Nutrición y dietética,Tortitas Arroz Integral con Chocolate Negro 130 Gr,"12,69 € / 1 Kg","1,65 €",CONSUM
Despensa,Nutrición y dietética,"Tortitas de Maíz con Chocolate Negro 90,4 Gr","13,83 € / 1 Kg","1,25 €",CONSUM
Despensa,Nutrición y dietética,Bebida Láctea 0%0% Proteína Sabor Chocolate 330 ml,"5,61 € / 1 L","1,85 €",CONSUM
Despensa,Nutrición y dietética,Semillas Molidas de Lino 200 Gr,"20,95 € / 1 Kg","4,19 €",ECOCESTA
Despensa,Nutrición y dietética,Gelatina Proteína 00% Plus Sabor Frutos Rojos 4 x 100 Gr - Refrigerado,"3,88 € / 1 Kg","1,55 €",CONSUM
Despensa,Nutrición y dietética,Energy Gels Cola con Cafeína Pack de 3 120 Gr,"22,92 € / 1 Kg","2,75 €",JUST LOADING
Despensa,Nutrición y dietética,Semilla Sésamo Tostado Ecológico 250 Gr,"11,96 € / 1 Kg","2,99 €",CONSUM ECO
Despensa,Nutrición y dietética,Semilla Lino Dorado Ecológico 250 Gr,"7,12 € / 1 Kg","1,78 €",CONSUM ECO
Despensa,Nutrición y dietética,Energy Bars Dátiles Coco y Nueces Pack 3 120 Gr,"22,92 € / 1 Kg","2,75 €",JUST LOADING
Despensa,Nutrición y dietética,Semilla Chía Ecológica 250 Gr,"8,80 € / 1 Kg","2,20 €",CONSUM ECO
Despensa,Nutrición y dietética,Postre Proteico 0% Sabor Chocolate 200 Gr,"7,75 € / 1 Kg","1,55 €",CONSUM
Despensa,Nutrición y dietética,Postre Proteico 0% Sabor Vainilla 200 Gr,"7,75 € / 1 Kg","1,55 €",CONSUM
Despensa,Nutrición y dietética,Cacahuete Desgrasado en Polvo 180 Gr,"15,28 € / 1 Kg","2,75 €",JUST LOADING
Despensa,Nutrición y dietética,Choco Butter Whey Protein 200 Gr,"22,45 € / 1 Kg","4,49 €",PROZIS
Despensa,Nutrición y dietética,Mousse Proteína 0% Sabor Chocolate 150 Gr,"10,60 € / 1 Kg","1,59 €",VALIO
Despensa,Nutrición y dietética,Copa Chocolate Proteica 200 Gr - Refrigerado,"9,45 € / 1 Kg","1,89 €",EHRMANN
Despensa,Nutrición y dietética,Jalea Real con Ginseng Caja 12 Unidades 120 ml,"41,25 € / 1 L","4,95 €",NATURTIERRA
Despensa,Nutrición y dietética,Jalea Real con Propóleo Caja 12 Unidades 120 ml,"41,25 € / 1 L","4,95 €",NATURTIERRA
Despensa,Nutrición y dietética,Barrita 30% Proteina Chocolate 50 Gr,"35,80 € / 1 Kg","1,79 €",CORNY
Despensa,Nutrición y dietética,Batido OptiPro Chocolate 330 ml,"4,82 € / 1 L","1,59 €",RIO
Despensa,Nutrición y dietética,Batido Optipro Vainilla 330 ml,"4,82 € / 1 L","1,59 €",RIO
Despensa,Nutrición y dietética,Batido Optipro Café con Leche 330 ml,"4,82 € / 1 L","1,59 €",RIO
Despensa,Nutrición y dietética,L-Carnitine 60 U,"0,15 € / 1 U","8,99 €",JUST LOADING
Despensa,Nutrición y dietética,Proteico Natural 0%0% Plus 500 Gr - Refrigerado,"3,10 € / 1 Kg","1,55 €",CONSUM
Despensa,Nutrición y dietética,Barrita Proteica de Cacahuete Billion 65 Gr,"26,00 € / 1 Kg","1,69 €",PROZIS
Despensa,Nutrición y dietética,Bebida Láctea 0%0% Proteína Sabor Vainilla 330 ml,"5,61 € / 1 L","1,85 €",CONSUM
Despensa,Nutrición y dietética,Mousse Proteína 0% Sabor Capuccino 150 Gr,"10,60 € / 1 Kg","1,59 €",VALIO
Despensa,Nutrición y dietética,Proteico 0%0% Sabor Fresa 4 x 100 Gr,"3,48 € / 1 Kg","1,39 €",MARGUI
Despensa,Nutrición y dietética,Proteico 0%0% Sabor Arándano 4 x 100 Gr,"3,48 € / 1 Kg","1,39 €",MARGUI
Despensa,Nutrición y dietética,Flan de Clara de Huevo Rico en Proteínas 0%0% 2 x 160 Gr,"6,53 € / 1 Kg","2,09 €",REINA
Despensa,Nutrición y dietética,Yogur 0%0% Proteína Sabor Stracciatella 4 x 105 Gr,"4,74 € / 1 Kg","1,99 €",DANONE
Despensa,Nutrición y dietética,Yogur 0%0% Proteína Natural 4 x 105 Gr,"4,74 € / 1 Kg","1,99 €",DANONE
Bebidas,Aguas,"Agua Mineral Natural. Botella 1,5 L","0,39 € / 1 L","0,59 €",LANJARON
Bebidas,Aguas,"Agua Mineral Natural. Botella 1,5 L","0,49 € / 1 L","0,73 €",FONT VELLA
Bebidas,Aguas,"Agua Mineral Natural Tapón Sport 0,33 L","1,18 € / 1 L","0,49 €
0,39 €",AQUAREL
Bebidas,Aguas,Agua Mineral Natural Botella 1 L,"0,65 € / 1 L","0,69 €
0,65 €",FONT VELLA
Bebidas,Aguas,"Agua Mineral Natural Garrafa 6,25 L","0,32 € / 1 L","2,29 €
1,99 €",FONT VELLA
Bebidas,Aguas,"Agua Mineral Natural Botella 1,5 L","0,60 € / 1 L","0,90 €",SOLAN CABRAS
Bebidas,Aguas,"Refresco Agua Aromatiza Limón Botella 1,5 L","0,69 € / 1 L","1,15 €
1,03 €",F.PRIMAVERA
Bebidas,Aguas,Agua Mineral Natural de Mineralización Muy débil Bezoya 5 L,"0,40 € / 1 L","2,21 €
1,99 €",BEZOYA
Bebidas,Aguas,"Agua Mineral Natural de Mineralización Muy débil Bezoya 0,5 L","1,08 € / 1 L","0,59 €
0,54 €",BEZOYA
Bebidas,Aguas,Agua Mineral Natural Botella 1 L,"0,56 € / 1 L","0,75 €
0,56 €",CABREIROA
Bebidas,Aguas,"Agua Mineral Natural de Mineralización Muy débil Bezoya 1,5 L","0,49 € / 1 L","0,74 €",BEZOYA
Bebidas,Aguas,Agua Mineral con Gas Botella Cristal 1 L,"1,49 € / 1 L","1,49 €",VICHY
Bebidas,Aguas,"Agua Mineral Natural Tapón Rosca 0,5 L","1,28 € / 1 L","0,64 €",FONT VELLA
Bebidas,Aguas,"Agua Mineral Natural Tapón Sport 0,33 L","1,64 € / 1 L","0,54 €",FONT VELLA
Bebidas,Aguas,Agua Mineral Natural Garrafa 5 L,"0,34 € / 1 L","1,70 €",AQUAREL
Bebidas,Aguas,"Agua Mineral Natural. Botella 1,5 L","0,39 € / 1 L","0,59 €",AQUAREL
Bebidas,Aguas,"Agua Mineral Natural Tapón Sport 0,33 L","0,73 € / 1 L","0,24 €",CONSUM
Bebidas,Aguas,"Agua Mineral Natural. Tapón Rosca 0,5 L","0,44 € / 1 L","0,22 €",CONSUM
Bebidas,Aguas,"Agua Mineral Natural. Botella 1,5 L","0,17 € / 1 L","0,25 €",CONSUM
Bebidas,Aguas,Agua Mineral Natural Garrafa 8 L,"0,11 € / 1 L","0,89 €",CONSUM
Bebidas,Aguas,"Agua Mineral Natural. Botella 1,5 L","0,39 € / 1 L","0,59 €",AQUABONA
Bebidas,Aguas,"Agua Mineral Natural Tapón Rosca 0,5 L","1,50 € / 1 L","0,75 €",SOLAN CABRAS
Bebidas,Aguas,"Agua Mineral con Gas Botella 1,5 L","0,27 € / 1 L","0,41 €",CONSUM
Bebidas,Aguas,"Agua Mineral con Gas Botella 0,5 L","0,54 € / 1 L","0,27 €",CONSUM
Bebidas,Aguas,"Agua Mineral Natural de Mineralización Muy débil Bezoya T.Sport 0,33 L","1,64 € / 1 L","0,54 €",BEZOYA
Bebidas,Aguas,"Agua Mineral Natural Botella 2,5 L","0,56 € / 1 L","1,39 €",FONT VELLA
Bebidas,Aguas,"Agua Mineral Natural. Botella 1,5 L","0,53 € / 1 L","0,79 €",BENASAL
Bebidas,Aguas,Agua Mineral con Gas Botella Pet 1 L,"1,36 € / 1 L","1,36 €",S.PELLEGRINO
Bebidas,Aguas,Agua Mineral Con Gas Botella 1 L,"1,14 € / 1 L","1,14 €",FONTER
Bebidas,Aguas,"Agua con Gas Lata 0,33 L","3,24 € / 1 L","1,07 €",VICHY
Bebidas,Aguas,"Agua Mineral con Gas Botella Pet 0,5 L","2,08 € / 1 L","1,04 €",PERRIER
Bebidas,Aguas,"Agua con Gas Pet 1,2 L","1,46 € / 1 L","1,75 €",VICHY
Bebidas,Aguas,"Agua Mineral con Gas Botella 0,5 L","1,58 € / 1 L","0,79 €",FONTER
Bebidas,Aguas,Agua Mineral con Gas Botella Pet 1 L,"1,46 € / 1 L","1,46 €",PERRIER
Bebidas,Aguas,"Agua Mineral con Gas Pack de 6 6 x 0,25 L","3,27 € / 1 L","5,89 €",VICHY
Bebidas,Aguas,"Agua con Gas Botella 0,5 L","2,46 € / 1 L","1,23 €",VICHY
Bebidas,Aguas,Agua Mineral Natural Botella 1 L,"0,40 € / 1 L","0,40 €",CONSUM
Bebidas,Aguas,Agua Mineral Natural Garrafa 5 L,"0,14 € / 1 L","0,69 €",CONSUM
Bebidas,Aguas,"Refresco Agua Con Gas Limón Botella 1,2 L","1,59 € / 1 L","1,91 €",VICHY
Bebidas,Aguas,"Agua Mineral Natural Botella 0,75 L","1,25 € / 1 L","0,94 €",FONT VELLA
Bebidas,Aguas,"Refresco Agua con Gas Limón Botella 0,5 L","2,00 € / 1 L","1,00 €",M. PERRIER
Bebidas,Aguas,"Agua Mineral Natural Tapón Sport 0,75 L","0,93 € / 1 L","0,70 €",AQUAREL
Bebidas,Aguas,"Refresco Agua y Zumo Limón Zero Botella 1,25 L","1,43 € / 1 L","1,79 €",FONT VELLA
Bebidas,Aguas,"Agua Mineral con Gas Botella Cristal 0,75 L","2,13 € / 1 L","1,60 €",SOLAN CABRAS
Bebidas,Aguas,Agua Mineral Natural de Mineralización Muy débil Bezoya 1 L,"0,67 € / 1 L","0,67 €",BEZOYA
Bebidas,Aguas,"Agua Mineral Natural Botella 1,5 L","1,49 € / 1 L","2,24 €",EVIAN
Bebidas,Aguas,Agua Mineral Natural de Mineralización muy débil Bezoya Bag in Box 8 L,"0,44 € / 1 L","3,49 €",BEZOYA
Bebidas,Aguas,"Agua Natural Mineralización Muy Débil 1,5 L","0,26 € / 1 L","0,39 €",TELENO
Bebidas,Aguas,"Agua Natural Mineralización Muy Débil 0,5 L","0,54 € / 1 L","0,27 €",TELENO
Bebidas,Aguas,"Agua Mineral con Gas Botella Pet 0,5 L","2,12 € / 1 L","1,06 €",PELLEGRINO
Bebidas,Aguas,"Agua Mineral Natural Pet 0,5 L","1,10 € / 1 L","0,55 €",AQUABONA
Bebidas,Aguas,Agua Mineral Natural Garrafa 5 L,"0,22 € / 1 L","1,08 €",TELENO
Bebidas,Aguas,"Agua Mineral Natural Tapón Sport 0,5 L","1,18 € / 1 L","0,59 €",CABREIROA
Bebidas,Cavas y sidras,"Cava Brut Nature D.O.Cava 0,75 L","8,65 € / 1 L","7,59 €
6,49 €",DOM.THARSYS
Bebidas,Cavas y sidras,"Cava Brut Gran Cremant D.O.Cava 0,75 L","7,00 € / 1 L","5,95 €
5,25 €",CODORNIU
Bebidas,Cavas y sidras,"Cava Brut Nature D.O.Cava 0,75 L","5,99 € / 1 L","4,95 €
4,49 €",CONDE CARALT
Bebidas,Cavas y sidras,"Cava Brut D.O.Cava 0,75 L","8,65 € / 1 L","7,59 €
6,49 €",DOM.THARSYS
Bebidas,Cavas y sidras,"Cava Brut Pack 3 D.O.Cava 3 x 0,2 L","14,98 € / 1 L","9,95 €
8,99 €",ANNA CODORNI
Bebidas,Cavas y sidras,"Cava Brut Nature D.O.Cava 0,75 L","6,66 € / 1 L","5,99 €
4,99 €",BISILA
Bebidas,Cavas y sidras,"Cava Brut D.O. Cava 0,75 L","6,66 € / 1 L","5,99 €
4,99 €",JAUME SERRA
Bebidas,Cavas y sidras,"Espumoso Brut Blanc de Blancs 0,75 L","3,59 € / 1 L","2,99 €
2,69 €",CAST. LIRIA
Bebidas,Cavas y sidras,"C.Semi Nevada P3 D.O.Cava 3 x 0,2 L","11,58 € / 1 L","6,95 €",FREIXENET
Bebidas,Cavas y sidras,"Vino espumoso Semi Seco 0,75 L","4,33 € / 1 L","3,25 €",DUBOIS
Bebidas,Cavas y sidras,"Cava Brut Nature D.O.Cava 0,75 L","5,67 € / 1 L","4,25 €",JAUME SERRA
Bebidas,Cavas y sidras,"Cava Semi Carta Nevada D.O.Cava 0,75 L","9,27 € / 1 L","6,95 €",FREIXENET
Bebidas,Cavas y sidras,"Cava Brut Nature D.O.Cava 0,75 L","4,40 € / 1 L","3,30 €",DOMN.DUQUES
Bebidas,Cavas y sidras,"Sidra Extra Dorada 0,75 L","4,07 € / 1 L","3,05 €",EL GAITERO
Bebidas,Cavas y sidras,"Cava Brut Nature G.Rsva D.O.Cava 0,75 L","27,27 € / 1 L","20,45 €",JUVE CAMPS
Bebidas,Cavas y sidras,"Cava Brut Nature D.O.Cava 0,75 L","6,60 € / 1 L","4,95 €",BACH
Bebidas,Cavas y sidras,"Cava Brut D.O.Cava 0,75 L","12,47 € / 1 L","9,35 €",CODORNIU
Bebidas,Cavas y sidras,"Cava Brut D.O.Cava 0,75 L","7,07 € / 1 L","5,30 €",C. NUBIOLA
Bebidas,Cavas y sidras,"Cava Brut Reserva D.O.Cava 0,75 L","12,67 € / 1 L","9,50 €",SEG.VIUDAS
Bebidas,Cavas y sidras,"Cava Brut Nature Reserv D.O.Cava 0,75 L","13,32 € / 1 L","9,99 €",FREIXENET
Bebidas,Cavas y sidras,"Moscatel Espumoso 0,75 L","5,93 € / 1 L","4,45 €",REYMOS
Bebidas,Cavas y sidras,"Cava Brut D.O.Cava 0,75 L","9,27 € / 1 L","6,95 €",CARTA NEVADA
Bebidas,Cavas y sidras,"Cava Brut D.O.Cava 0,75 L","10,65 € / 1 L","7,99 €",CORDON NEGRO
Bebidas,Cavas y sidras,"Cava Rosado Brut D.O.Cava 0,75 L","6,60 € / 1 L","4,95 €",BACH
Bebidas,Cavas y sidras,"Agua de Valencia 0,75 L","9,32 € / 1 L","6,99 €",GALA D'OR
Bebidas,Cavas y sidras,"Cava Brut Nature D.O.Cava 0,75 L","12,47 € / 1 L","9,35 €",CODORNIU
Bebidas,Cavas y sidras,"Cava Semi Seco D.O.Cava 0,75 L","4,40 € / 1 L","3,30 €",DOMN.DUQUES
Bebidas,Cavas y sidras,"Cava Brut Nature D.O.Cava 0,75 L","14,39 € / 1 L","10,79 €",D.DE LA VEGA
Bebidas,Cavas y sidras,"Sidra Natural Asturiana 0,7 L","2,79 € / 1 L","1,95 €",GOBERNADOR
Bebidas,Cavas y sidras,"Cava Brut D.O.Cava 0,75 L","8,79 € / 1 L","6,59 €",IDILICUM
Bebidas,Cavas y sidras,"Ice Cuvee Rosado D.O.Cava 0,75 L","13,32 € / 1 L","9,99 €",FREIXENET
Bebidas,Cavas y sidras,"Freixenet sin Alcohol 0,75 L","9,27 € / 1 L","6,95 €",FREIXENET
Bebidas,Cavas y sidras,"Sidra Plateada 0,75 L","3,13 € / 1 L","2,35 €",EL GAITERO
Bebidas,Cavas y sidras,"Cava Brut Reserva D.O.Cava 0,37 L","15,97 € / 1 L","5,99 €",EXPRESSION
Bebidas,Cavas y sidras,"Sidra sin Alcohol 0,75 L","3,27 € / 1 L","2,45 €",EL GAITERO
Bebidas,Cavas y sidras,"Cava Rose D.O. Cava 0,75 L","9,27 € / 1 L","6,95 €",CARTA NEVADA
Bebidas,Cavas y sidras,"Sidra Extra Ecológica y Vegana 0,75 L","3,72 € / 1 L","2,79 €",MAELOC
Bebidas,Cavas y sidras,"Sidra 0,75 L","2,13 € / 1 L","1,60 €",MAYADOR
Bebidas,Cavas y sidras,"Sidra sin Alcohol 0,75 L","2,47 € / 1 L","1,85 €",MAYADOR
Bebidas,Cavas y sidras,"Sidra Pack 6 unidades 6 x 0,25 L","3,33 € / 1 L","4,99 €",MAYADOR
Bebidas,Cavas y sidras,"Sidra Natural 0,7 L","2,79 € / 1 L","1,95 €",M.BUSTO
Bebidas,Cavas y sidras,"Cava Brut Nature D.O. Cava 0,75 L","7,32 € / 1 L","5,49 €",LADRON LUNAS
Bebidas,Cavas y sidras,"Sidra Rosé 0,75 L","4,47 € / 1 L","3,35 €",EL GAITERO
Bebidas,Cavas y sidras,"Espumoso Blue Moscato 0,75 L","3,00 € / 1 L","2,25 €",PLATINO
Bebidas,Cavas y sidras,"Cava Brut D.O. Cava 0,75 L","3,93 € / 1 L","2,95 €",MONTECASINO
Bebidas,Cavas y sidras,Cava Semi Seco D.O. Cava 200 ml,"8,25 € / 1 L","1,65 €",MONTECASINO
Bebidas,Cavas y sidras,"Cava Brut Nature D.O. Cava 0,75 L","5,33 € / 1 L","4,00 €",MONTECASINO
Bebidas,Cavas y sidras,"Cava Semi Seco D.O. Cava 0,75 L","3,93 € / 1 L","2,95 €",MONTECASINO
Bebidas,Cavas y sidras,"Cava Rosado D.O. Cava 0,75 L","4,33 € / 1 L","3,25 €",MONTECASINO
Bebidas,Cavas y sidras,Cava Brut D.O. Cava 200 ml,"8,25 € / 1 L","1,65 €",MONTECASINO
Bebidas,Cavas y sidras,Cava Benjamín D.O. Cava 3 x 200 ml,"11,25 € / 1 L","6,75 €",CODORNIU
Bebidas,Cavas y sidras,"Cava Rose D.O. Cava 0,75 L","9,00 € / 1 L","6,75 €",CODORNIU
Bebidas,Cavas y sidras,"Champagne Brut Región de Champagne 0,75 L","34,65 € / 1 L","25,99 €",D'ARMANVILLE
Bebidas,Cavas y sidras,"Cava Brut Reserva D.O. Cava 0,75 L","26,60 € / 1 L","19,95 €",ARS COLLECTA
Bebidas,Cavas y sidras,"Cava Brut D.O. Cava 0,75 L","6,60 € / 1 L","4,95 €",TORRE ORIA
Bebidas,Cervezas,"Cerveza Botella Cristal Pack de 12 12 x 0,25 L","2,13 € / 1 L","6,39 €",SAN MIGUEL
Bebidas,Cervezas,"Cerveza Danesa Lata 0,33 L","2,09 € / 1 L","0,85 €
0,69 €",CARLSBERG
Bebidas,Cervezas,"Cerveza Lata 0,33 L","2,24 € / 1 L","0,74 €",MAHOU CLASIC
Bebidas,Cervezas,"Cerveza Botella Cristal pack-6 6 x 0,25 L","2,13 € / 1 L","4,15 €
3,19 €",MAHOU 5 ESTR
Bebidas,Cervezas,"Cerveza Extra Lata 0,33 L","2,39 € / 1 L","0,99 €
0,79 €",VOLL DAMM
Bebidas,Cervezas,"Cerveza Lata 0,33 L","1,79 € / 1 L","0,59 €",SAN MIGUEL
Bebidas,Cervezas,"Cerveza Holandesa Pack de 6 Botellas 6 x 0,25 L","2,39 € / 1 L","3,99 €
3,59 €",HEINEKEN
Bebidas,Cervezas,"Cerveza Lata 5 Estrellas 0,33 L","2,58 € / 1 L","0,85 €",MAHOU 5 ESTR
Bebidas,Cervezas,"Cerveza Shandy Lata. 0,33 L","2,00 € / 1 L","0,85 €
0,66 €",CRUZCAMPO
Bebidas,Cervezas,"Cerveza Lata 0,33 L","2,21 € / 1 L","0,73 €",ALHAMBRA
Bebidas,Cervezas,Cerveza Mexicana Botella 355 ml,"3,58 € / 1 L","1,50 €
1,27 €",CORONA
Bebidas,Cervezas,"Cerveza Clasica Lata. 0,33 L","1,48 € / 1 L","0,49 €",AMSTEL
Bebidas,Cervezas,"Cerveza Celiacos Botella 0,33 L","3,24 € / 1 L","1,25 €
1,07 €",AMBAR
Bebidas,Cervezas,"Cerveza Tostada Lata 0,33 L","1,97 € / 1 L","0,85 €
0,65 €",AMSTEL ORO
Bebidas,Cervezas,Cerveza Botella Cristal 1 L,"1,39 € / 1 L","1,39 €",AMSTEL
Bebidas,Cervezas,"Cerveza Especial Lata 0,33 L","1,97 € / 1 L","0,85 €
0,65 €",CRUZCAMPO
Bebidas,Cervezas,"Cerveza Artesana Botellín 0,33 L","4,10 € / 1 L","1,49 €
1,35 €",LA MARI
Bebidas,Cervezas,"Cerveza Artesana Botellín 0,33 L","3,79 € / 1 L","1,39 €
1,25 €",BORINOT
Bebidas,Cervezas,"Cerveza Export Lata 0,33 L","2,30 € / 1 L","0,95 €
0,76 €",AMBAR
Bebidas,Cervezas,"Cerveza Barrica Original Botella 0,33 L","5,91 € / 1 L","1,95 €",MAHOU
Bebidas,Cervezas,Cerveza Lata 330 ml,"1,79 € / 1 L","0,59 €",AMSTEL
Bebidas,Cervezas,"Cerveza con Tequila Lata 0,33 L","2,88 € / 1 L","1,25 €
0,95 €",DESPERADOS
Bebidas,Cervezas,"Cerveza Tostada 0,0 Lata 0,33 L","1,91 € / 1 L","0,79 €
0,63 €",MAHOU
Bebidas,Cervezas,"Cerveza Tostada Botella 12 x 0,25 L","2,12 € / 1 L","7,44 €
6,36 €",TURIA
Bebidas,Cervezas,"Cerveza Holandesa 0,0 Botella 6 x 0,25 L","2,39 € / 1 L","3,99 €
3,59 €",HEINEKEN
Bebidas,Cervezas,"Cerveza Botella Cristal Pack-12 12 x 0,25 L","2,30 € / 1 L","7,80 €
6,90 €",E.GALICIA
Bebidas,Cervezas,"Cerveza Lata 0,33 L","1,97 € / 1 L","0,85 €
0,65 €",EL ÁGUILA
Bebidas,Cervezas,"Cerveza sin Filtrar Botella 0,33 L","2,70 € / 1 L","0,99 €
0,89 €",EL ÁGUILA
Bebidas,Cervezas,"Cider Lata Manzana 0,33 L","3,60 € / 1 L","1,45 €
1,19 €",L.MANZANAS
Bebidas,Cervezas,"Cerveza Magna Lata 0,33 L","1,97 € / 1 L","0,81 €
0,65 €",SAN MIGUEL
Bebidas,Cervezas,"Cerveza 0,0% Tostada Lata 0,33 L","1,97 € / 1 L","0,85 €
0,65 €",AMSTEL ORO
Bebidas,Cervezas,"Cerveza Tostada 0,0 Pack de 6 botellas 6 x 0,25 L","2,29 € / 1 L","4,29 €
3,43 €",MAHOU
Bebidas,Cervezas,"Cerveza Americana Botella 0,33 L","3,49 € / 1 L","1,29 €
1,15 €",MILLER
Bebidas,Cervezas,"Cerveza Checa Botella 0,33 L","3,49 € / 1 L","1,29 €
1,15 €",STAROPRAMEN
Bebidas,Cervezas,"Cerveza Clásica Tostada Lata 0,33 L","1,27 € / 1 L","0,42 €",AMSTEL
Bebidas,Cervezas,"Cerveza Holandesa Lata 0,33 L","1,88 € / 1 L","0,82 €
0,62 €",HEINEKEN SIL
Bebidas,Cervezas,"Cerveza Artesana Rubia Botella 0,33 L","3,30 € / 1 L","1,25 €
1,09 €",18/70 RUBIA
Bebidas,Cervezas,"Cerveza Botella Pack de 6 6 x 0,25 L","2,17 € / 1 L","4,05 €
3,25 €",EST.DAMM
Bebidas,Cervezas,"Cerveza Rosé Lata 0,33 L","2,24 € / 1 L","0,89 €
0,74 €",MAHOU
Bebidas,Cervezas,"C.Artesanal Pale Ale Sin Gluten 0,33 L","2,39 € / 1 L","0,99 €
0,79 €",C.VOLADORES
Bebidas,Cervezas,"Cerveza Lata. 0,33 L","2,58 € / 1 L","0,85 €",EST.DAMM
Bebidas,Cervezas,Cerveza Botella Cristal 1 L,"1,79 € / 1 L","1,79 €",SAN MIGUEL
Bebidas,Cervezas,"Cerveza Lata 0,5 L","2,30 € / 1 L","1,15 €",SAN MIGUEL
Bebidas,Cervezas,"Cerveza Holandesa Lata 0,33 L","2,48 € / 1 L","0,82 €",HEINEKEN
Bebidas,Cervezas,"Cerveza Botella Cristal Pack-6 6 x 0,25 L","2,39 € / 1 L","3,59 €",MAHOU CLASIC
Bebidas,Cervezas,Cerveza Botella Cristal 1 L,"1,85 € / 1 L","1,85 €",MAHOU CLASIC
Bebidas,Cervezas,"Cerveza Americana Lata 0,33 L","2,76 € / 1 L","0,91 €",BUDWEISER
Bebidas,Cervezas,"Cerveza sin Alcohol 0,0 Pack de 6 Botellas 6 x 0,25 L","2,16 € / 1 L","3,24 €",SAN MIGUEL
Bebidas,Cervezas,"Cerveza con Tequila Botella 0,33 L","4,52 € / 1 L","1,49 €",DESPERADOS
Bebidas,Cervezas,"Cerveza sin Alcohol Lata 0,33 L","2,12 € / 1 L","0,70 €",MAHOU
Bebidas,Cervezas,"Cerveza sin Alcohol 0,0 Lata 0,33 L","2,09 € / 1 L","0,69 €",SAN MIGUEL
Bebidas,Cervezas,"Cerveza Reserva 1925 Botella Cristal Pack-6 6 x 0,33 L","4,00 € / 1 L","7,92 €",ALHAMBRA
Bebidas,Cervezas,"Cerveza Trigo Alemana Botella 0,5 L","3,50 € / 1 L","1,75 €",FRANZISKANER
Bebidas,Cervezas,"Cerveza Especial Botella. 0,33 L","4,30 € / 1 L","1,42 €",A.K.DAMM
Bebidas,Cervezas,"Cerveza Especial Lata 0,33 L","2,58 € / 1 L","0,85 €",ALHAMBRA
Bebidas,Cervezas,Cerveza Botella Cristal 1 L,"1,05 € / 1 L","1,05 €",ADLERBRAU
Bebidas,Cervezas,"Cerveza Botella Cristal Pack de 6 6 x 0,25 L","1,43 € / 1 L","2,15 €",ADLERBRAU
Bebidas,Cervezas,"Cerveza sin Alcohol Lata 0,33 L","1,06 € / 1 L","0,35 €",ADLERBRAU
Bebidas,Cervezas,"Cerveza Lata 0,33 L","0,94 € / 1 L","0,31 €",ADLERBRAU
Bebidas,Cervezas,"Cerveza Lata 0,5 L","0,98 € / 1 L","0,49 €",ADLERBRAU
Bebidas,Cervezas,"Cerveza sin Alcohol Limón Lata 0,33 L","1,36 € / 1 L","0,45 €",ADLERBRAU
Bebidas,Cervezas,"Cerveza Especial Lata 0,33 L","1,15 € / 1 L","0,38 €",ADLERBRAU
Bebidas,Cervezas,"Cerveza Especial Abadía Botella 0,33 L","5,91 € / 1 L","1,95 €",GRIMBERGEN
Bebidas,Cervezas,"Cerveza Gran Reserva 0,33 L","3,91 € / 1 L","1,29 €",CRUZCAMPO
Bebidas,Cervezas,"Cerveza Lata 0,33 L","0,91 € / 1 L","0,30 €",AGUILA NEGRA
Bebidas,Cervezas,"Cerveza Radler Limón Lata 0,33 L","2,27 € / 1 L","0,75 €",AMSTEL
Bebidas,Cervezas,"Cerveza Botella Cristal Pack-6 6 x 0,2 L","3,08 € / 1 L","3,69 €",E.GALICIA
Bebidas,Cervezas,"Cerveza Tostada Lata 0,33 L","2,48 € / 1 L","0,82 €",TURIA
Bebidas,Cervezas,"Cerveza Lata 0,5 L","2,30 € / 1 L","1,15 €",AMSTEL
Bebidas,Cervezas,"Cerveza 0,0% Lata 0,33 L","2,27 € / 1 L","0,75 €",AMSTEL
Bebidas,Cervezas,"Cerveza sin Gluten Botella 0,33 L","3,18 € / 1 L","1,05 €",SAN MIGUEL
Bebidas,Cervezas,"Cerveza Maestra Lata 0,33 L","3,00 € / 1 L","0,99 €",MAHOU
Bebidas,Cervezas,"Cerveza Botella Cristal Pack 12 12 x 0,25 L","2,04 € / 1 L","6,12 €",AMSTEL
Bebidas,Cervezas,"Cerveza Shandy Pack de 6 Botellas 6 x 0,25 L","2,17 € / 1 L","3,25 €",CRUZCAMPO
Bebidas,Cervezas,"Cerveza Danesa Pack de 6 Botellas 6 x 0,25 L","3,43 € / 1 L","5,15 €",CARLSBERG
Bebidas,Cervezas,"Cerveza Celiacos S/A 00 Botella 0,33 L","3,79 € / 1 L","1,25 €","AMBAR 0,0"
Bebidas,Cervezas,"Cerveza Negra Irlandesa Lata 0,44 L","6,57 € / 1 L","2,89 €",GUINNESS
Bebidas,Cervezas,"Cerveza Reserva Roja Botella Cristal Pack-4 4 x 0,33 L","4,54 € / 1 L","5,99 €",ALHAMBRA
Bebidas,Cervezas,"Cerveza Holandesa 0,0 Lata 0,33 L","2,48 € / 1 L","0,82 €",HEINEKEN
Bebidas,Cervezas,"Cerveza Artesana Botella 0,33 L","4,70 € / 1 L","1,55 €",TYRIS
Bebidas,Cervezas,"Cerveza sin Gluten Lata 0,33 L","2,76 € / 1 L","0,91 €",DAURA
Bebidas,Cervezas,"Cerveza con Mojito Botella 0,33 L","4,52 € / 1 L","1,49 €",DESPERADOS
Bebidas,Cervezas,Cerveza Clásica Botella Cristal 1 L,"1,39 € / 1 L","1,39 €",AMSTEL
Bebidas,Cervezas,"Cerveza Tostada Lata 0,33 L","1,67 € / 1 L","0,55 €",ADLERBRAU
Bebidas,Cervezas,"Cider Manzana 0,25 L","4,60 € / 1 L","1,15 €",L.MANZANAS
Bebidas,Cervezas,"Cider Red Berries 0,25 L","4,60 € / 1 L","1,15 €",L.MANZANAS
Bebidas,Cervezas,"Cerveza Radler 0,0 Lata 0,33 L","1,97 € / 1 L","0,65 €",AMSTEL
Bebidas,Cervezas,"Cerveza sin Alcohol 0,0 Pack de 6 Botellas 6 x 0,25 L","2,43 € / 1 L","3,65 €",E.GALICIA
Bebidas,Cervezas,"Cerveza Artesana 0,33 L","8,94 € / 1 L","2,95 €",LA SOCARRADA
Bebidas,Cervezas,"Cerveza Maestra Dunkel Botella 0,33 L","4,52 € / 1 L","1,49 €",MAHOU
Bebidas,Cervezas,"Cerveza IPA Artesana Botella 0,33 L","5,12 € / 1 L","1,69 €",TYRIS
Bebidas,Cervezas,"Cerveza Red Vintage Botella Cristal Pack-6 6 x 0,33 L","3,98 € / 1 L","7,89 €",1906
Bebidas,Cervezas,"Cerveza Blonde Abadía Botella 0,33 L","6,64 € / 1 L","2,19 €",LEFFE
Bebidas,Cervezas,"Cerveza IPA Lata 5 Estrelllas 0,33 L","3,61 € / 1 L","1,19 €",MAHOU
Bebidas,Cervezas,"Cerveza Especial Lata 0,33 L","2,58 € / 1 L","0,85 €",AMBAR
Bebidas,Cervezas,"Cerveza IPA Yakima V. Lata 0,33 L","4,39 € / 1 L","1,45 €",SAN MIGUEL
Bebidas,Cervezas,"Cerveza sin Filtrar Lata 0,33 L","2,88 € / 1 L","0,95 €",EL ÁGUILA
Bebidas,Cervezas,"Cerveza Radler 0,0 Tostada Lata 0,33 L","2,27 € / 1 L","0,75 €",AMSTEL
Bebidas,Cervezas,"Cerveza Artesana 0,33 L","6,03 € / 1 L","1,99 €",MALA VIDA
Bebidas,Cervezas,"Cerveza Belga Chrome Lata 0,5 L","2,78 € / 1 L","1,39 €",GORDON
Bebidas,Cervezas,"Cerveza Selecta Lata 0,33 L","3,00 € / 1 L","0,99 €",SAN MIGUEL
Bebidas,Cervezas,"Cerveza Lata 0,33 L","2,70 € / 1 L","0,89 €",ROSA BLANCA
Bebidas,Cervezas,"Cerveza Artesana Botella 0,33 L","3,00 € / 1 L","0,99 €",CONSENTIDA
Bebidas,Cervezas,"Cerveza Artesana Botella 0,33 L","3,00 € / 1 L","0,99 €",MANITO
Bebidas,Cervezas,"Cerveza Artesana IPA Lata 0,33 L","3,61 € / 1 L","1,19 €",C.VOLADORES
Bebidas,Cervezas,"Cerveza Trigo Alemana Lata 0,5 L","3,98 € / 1 L","1,99 €",PAULANER
Bebidas,Cervezas,"Cerveza Dorada Pack de 6 botellas 6 x 0,2 L","2,63 € / 1 L","3,15 €",EL ÁGUILA
Bebidas,Cervezas,"Cerveza Sabor Mezcal Botella 0,33 L","3,00 € / 1 L","0,99 €",MESCALINA
Bebidas,Cervezas,"Cerveza Tostada 0,0 Pack de 6 botellas 6 x 0,25 L","2,86 € / 1 L","4,29 €",E.GALICIA
Bebidas,Cervezas,"Cerveza Ipa Lata 0,5 L","4,30 € / 1 L","2,15 €",HOBGOBLIN
Bebidas,Cervezas,"Cerveza Tostada 0,0 Lata 0,33 L","2,27 € / 1 L","0,75 €",SAN MIGUEL
Bebidas,Cervezas,"Cerveza 0,0 Tostada Pack de 6 botellas 6 x 0,25 L","3,19 € / 1 L","4,79 €",AMSTEL ORO
Bebidas,Cervezas,"Cerveza Tostada Pack de 6 botellas 6 x 0,25 L","3,19 € / 1 L","4,79 €",AMSTEL ORO
Bebidas,Cervezas,"Cerveza Lata 0,33 L","2,61 € / 1 L","0,86 €",E.GALICIA
Bebidas,Cervezas,"Cerveza Reserva 1925 Botella Cristal Pack-6 6 x 0,22 L","4,05 € / 1 L","5,34 €",ALHAMBRA
Bebidas,Cervezas,"Cerveza Holandesa Lata 0,5 L","2,98 € / 1 L","1,49 €",HEINEKEN
Bebidas,Cervezas,"Cerveza Lata 0,5 L","2,38 € / 1 L","1,19 €",EL ÁGUILA
Bebidas,Cervezas,"Cerveza sin Filtrar Lata 0,5 L","2,98 € / 1 L","1,49 €",EL ÁGUILA
Bebidas,Cervezas,"Cerveza Extra Pack de 6 Botellas 6 x 0,25 L","3,59 € / 1 L","5,39 €",VOLL DAMM
Bebidas,Cervezas,"Cerveza Tostada 0,0 Lata 0,33 L","1,45 € / 1 L","0,48 €",HOCHSTER
Bebidas,Cervezas,"Cerveza Radler Limón Lata 0,33 L","1,21 € / 1 L","0,40 €",HOCHSTER
Bebidas,Cervezas,"Cerveza 0,0% Lata 0,33 L","1,06 € / 1 L","0,35 €",HOCHSTER
Bebidas,Cervezas,"Cerveza Tostada Pack de 6 Botellas 6 x 0,25 L","2,59 € / 1 L","3,89 €",TURIA
Bebidas,Cervezas,"Cerveza Lager Lata 0,33 L","1,09 € / 1 L","0,36 €",HOCHSTER
Bebidas,Cervezas,"Cerveza 0%0 Pack de 6 Botellas 6 x 0,25 L","1,40 € / 1 L","2,10 €",HOCHSTER
Bebidas,Cervezas,"Cerveza Doble IPA Lata 0,33 L","4,09 € / 1 L","1,35 €",HOPPY FLOWER
Bebidas,Cervezas,"Cerveza Reserva botella Pack 6 6 x 0,2 L","4,16 € / 1 L","4,99 €",1906
Bebidas,Finos y dulces,"Mistela Moscatel D.O. Valencia 0,75 L","5,32 € / 1 L","4,25 €
3,99 €",TURIS
Bebidas,Finos y dulces,"Mistela Selección D.O. Valencia 0,75 L","5,32 € / 1 L","4,25 €
3,99 €",TURIS
Bebidas,Finos y dulces,"Moscatel 0,75 L","4,80 € / 1 L","3,60 €",SOL MEDITERR
Bebidas,Finos y dulces,"Vino Fino D.O.Montilla Moriles 0,75 L","3,53 € / 1 L","2,65 €",SOÑADOR
Bebidas,Finos y dulces,Vino Dulce Kina 1 L,"6,35 € / 1 L","6,35 €",SAN CLEMENTE
Bebidas,Finos y dulces,"Vino Tinto Dulce D.O.Malaga 0,75 L","11,72 € / 1 L","8,79 €",MAL.VIRGEN
Bebidas,Finos y dulces,"Vino Fino D.O.Jerez 0,75 L","9,73 € / 1 L","7,30 €",TIO PEPE
Bebidas,Finos y dulces,"Vino Oporto Fine Tawny 0,75 L","12,92 € / 1 L","9,69 €",OSBORNE
Bebidas,Finos y dulces,"Vino Dulce Pedro Ximene D.O.Montilla Moriles 0,75 L","7,67 € / 1 L","5,75 €",CRUZ CONDE
Bebidas,Finos y dulces,"Vino Fino Seco D.O.Montilla Moriles 0,75 L","3,60 € / 1 L","2,70 €",CRUZ CONDE
Bebidas,Finos y dulces,"Vino Cream Dulce 0,75 L","4,25 € / 1 L","3,19 €",CRUZ CONDE
Bebidas,Finos y dulces,"Manzanilla D.O.Sanlucar Barrameda 0,75 L","5,53 € / 1 L","4,15 €",LA SEÑORITA
Bebidas,Gaseosas y sodas,"Gaseosa. Botella 1,5 L","0,80 € / 1 L","1,20 €",LA CASERA
Bebidas,Gaseosas y sodas,"Gaseosa Botella 0,5 L","1,62 € / 1 L","0,81 €",LA CASERA
Bebidas,Gaseosas y sodas,"Gaseosa Lata 0,33 L","1,88 € / 1 L","0,62 €",LA CASERA
Bebidas,Gaseosas y sodas,"Gaseosa Botella 1,5 L","0,33 € / 1 L","0,50 €",CONSUM
Bebidas,Gaseosas y sodas,"Gaseosa Botella 0,5 L","0,64 € / 1 L","0,32 €",CONSUM
Bebidas,Gaseosas y sodas,"Soda Sifón Botella 1,5 L","1,07 € / 1 L","1,60 €",SANI
Bebidas,Isotónicas y energéticas,"Bebida Energética Lata 0,25 L","6,36 € / 1 L","1,59 €",RED BULL
Bebidas,Isotónicas y energéticas,"Bebida Isotónica Naranja Lata 0,33 L","2,42 € / 1 L","0,80 €",AQUARIUS
Bebidas,Isotónicas y energéticas,"Bebida Isotónica Limón Lata 0,33 L","2,42 € / 1 L","0,80 €",AQUARIUS
Bebidas,Isotónicas y energéticas,"Bebida Energética Green Lata 0,5 L","2,90 € / 1 L","1,79 €
1,45 €",MONSTER
Bebidas,Isotónicas y energéticas,"Bebida Isotónica Limón Zero Lata 0,33 L","2,43 € / 1 L","0,89 €
0,80 €",AQUARIUS
Bebidas,Isotónicas y energéticas,"Bebida Energetica 0,5 L","2,50 € / 1 L","1,25 €",BURN
Bebidas,Isotónicas y energéticas,"Bebida Energética Lata 0,25 L","1,60 € / 1 L","0,45 €
0,40 €",CONTACT
Bebidas,Isotónicas y energéticas,"Bebida Energética Light Lata 0,25 L","1,60 € / 1 L","0,45 €
0,40 €",CONTACT
Bebidas,Isotónicas y energéticas,"Bebida Energética Light Lata 0,25 L","6,36 € / 1 L","1,59 €",RED BULL
Bebidas,Isotónicas y energéticas,"Bebida Energética Light Ultra Lata 0,5 L","2,90 € / 1 L","1,79 €
1,45 €",MONSTER
Bebidas,Isotónicas y energéticas,"Bebida Isotónica Naranja Zero Lata 0,33 L","2,43 € / 1 L","0,89 €
0,80 €",AQUARIUS
Bebidas,Isotónicas y energéticas,"Bebida Energética Sandía Lata 0,25 L","4,96 € / 1 L","1,35 €
1,24 €",RED BULL
Bebidas,Isotónicas y energéticas,"Bebida Energética Albaricoque Lata 0,25 L","4,96 € / 1 L","1,35 €
1,24 €",RED BULL
Bebidas,Isotónicas y energéticas,"Bebida Isotónica Ice Storm Botella 0,5 L","2,90 € / 1 L","1,45 €",POWERADE
Bebidas,Isotónicas y energéticas,"Bebida Isotónica Naranja Botella 0,5 L","2,90 € / 1 L","1,45 €",AQUARIUS
Bebidas,Isotónicas y energéticas,"Bebida Isotónica Limón Botella 0,5 L","2,90 € / 1 L","1,45 €",AQUARIUS
Bebidas,Isotónicas y energéticas,"Bebida Isotónica Limón Botella 1,5 L","1,33 € / 1 L","1,99 €",AQUARIUS
Bebidas,Isotónicas y energéticas,"Bebida Isotónica Naranja Botella 1,5 L","1,33 € / 1 L","1,99 €",AQUARIUS
Bebidas,Isotónicas y energéticas,"Bebida Isotónica Limón Zero Botella 1,5 L","1,33 € / 1 L","1,99 €",AQUARIUS
Bebidas,Isotónicas y energéticas,"Bebida Isotónica Naranja Zero Botella 1,5 L","1,33 € / 1 L","1,99 €",AQUARIUS
Bebidas,Isotónicas y energéticas,"Bebida Energética Lata 0,35 L","5,69 € / 1 L","1,99 €",RED BULL
Bebidas,Isotónicas y energéticas,"Bebida Energética Lata 0,5 L","1,50 € / 1 L","0,75 €",CONTACT
Bebidas,Isotónicas y energéticas,"Bebida Energética Light Absolutely Zero Lata 0,5 L","3,58 € / 1 L","1,79 €",MONSTER
Bebidas,Isotónicas y energéticas,"Bebida Energética Pet 1,5 L","1,07 € / 1 L","1,60 €",CONTACT
Bebidas,Isotónicas y energéticas,"Iso Go! Red Botella 0,5 L","1,20 € / 1 L","0,60 €",CONSUM
Bebidas,Isotónicas y energéticas,"Iso Go! Blue Botella 0,5 L","1,20 € / 1 L","0,60 €",CONSUM
Bebidas,Isotónicas y energéticas,"Iso Go! Naranja Botella 1,5 L","0,67 € / 1 L","1,00 €",CONSUM
Bebidas,Isotónicas y energéticas,"Iso Go! Cítrico Botella 1,5 L","0,67 € / 1 L","1,00 €",CONSUM
Bebidas,Isotónicas y energéticas,"Iso Go! Cítrico Lata 0,33 L","1,36 € / 1 L","0,45 €",CONSUM
Bebidas,Isotónicas y energéticas,"Iso Go! Naranja Lata 0,33 L","1,36 € / 1 L","0,45 €",CONSUM
Bebidas,Isotónicas y energéticas,"Iso Go! Cítrico Cero Botella 1,5 L","0,67 € / 1 L","1,00 €",CONSUM
Bebidas,Isotónicas y energéticas,"Isotonico Azul Botella 1,5 L","1,03 € / 1 L","1,55 €",UPGRADE
Bebidas,Isotónicas y energéticas,"Bebida Energética Mango Loco Lata 0,5 L","3,58 € / 1 L","1,79 €",MONSTER
Bebidas,Isotónicas y energéticas,Isotónico Limón Polvo 5 x 30 Gr,"30,00 € / 1 Kg","4,50 €",LOADING
Bebidas,Isotónicas y energéticas,"Bebida Alto Rendimiento Melón Manía 0,5 L","3,98 € / 1 L","1,99 €",REIGN
Bebidas,Isotónicas y energéticas,"Bebida Energética Ultra Fiesta 0,5 L","3,58 € / 1 L","1,79 €",MONSTER
Bebidas,Isotónicas y energéticas,"Bebida Alto Rendimiento Berry 0,5 L","3,98 € / 1 L","1,99 €",REIGN
Bebidas,Isotónicas y energéticas,"Bebida Energética Watermelon 0,5 L","3,58 € / 1 L","1,79 €",MONSTER
Bebidas,Isotónicas y energéticas,"Bebida Energética Piña-Coco Lata 0,25 L","1,96 € / 1 L","0,49 €",CONTACT
Bebidas,Isotónicas y energéticas,"Bebida Energetica Lata Monarch 0,5 L","3,58 € / 1 L","1,79 €",MONSTER
Bebidas,Isotónicas y energéticas,"Bebida Energética Zero Hamilton Lata 0,5 L","3,58 € / 1 L","1,79 €",MONSTER
Bebidas,Isotónicas y energéticas,"Bebida Energetica Lata Ultra Gold Zero 0,5 L","3,58 € / 1 L","1,79 €",MONSTER
Bebidas,Isotónicas y energéticas,"Bebida Energética Cero Green lata 0,5 L","3,58 € / 1 L","1,79 €",MONSTER
Bebidas,Licores y vermouth,"Ginebra 0,7 L","18,50 € / 1 L","13,95 €
12,95 €",BEEFEATER
Bebidas,Licores y vermouth,Centenario 1 L,"8,89 € / 1 L","9,35 €
8,89 €",TERRY
Bebidas,Licores y vermouth,"Vodka 0,7 L","6,64 € / 1 L","4,95 €
4,65 €",SHARUSKA
Bebidas,Licores y vermouth,Vermut Blanco 1 L,"9,69 € / 1 L","10,69 €
9,69 €",MARTINI
Bebidas,Licores y vermouth,"Licor Vodka Red 0,7 L","7,84 € / 1 L","6,00 €
5,49 €",SHARUSKA
Bebidas,Licores y vermouth,"Whisky Scotch 0,7 L","17,13 € / 1 L","12,99 €
11,99 €",J&B
Bebidas,Licores y vermouth,"Crema de Whisky 0,7 L","19,99 € / 1 L","15,49 €
13,99 €",BAILEYS
Bebidas,Licores y vermouth,Vermut Rojo 1 L,"9,69 € / 1 L","10,69 €
9,69 €",MARTINI
Bebidas,Licores y vermouth,"Ginebra 0,7 L","14,27 € / 1 L","11,50 €
9,99 €",GORDON'S
Bebidas,Licores y vermouth,"Ron Añejo Dominicano 0,7 L","7,84 € / 1 L","5,95 €
5,49 €",CALIBRE 38
Bebidas,Licores y vermouth,"Licor Vodka Blue 0,7 L","7,84 € / 1 L","6,00 €
5,49 €",SHARUSKA
Bebidas,Licores y vermouth,"Licor de Hierbas 0,7 L","12,50 € / 1 L","10,29 €
8,75 €",RUAVIEJA
Bebidas,Licores y vermouth,"Whisky Scotch 0,7 L","17,79 € / 1 L","12,99 €
12,45 €",BALLANTINES
Bebidas,Licores y vermouth,Anisette Dulce 1 L,"9,95 € / 1 L","10,25 €
9,95 €",M.BRIZARD
Bebidas,Licores y vermouth,Whisky Scotch 1 L,"19,35 € / 1 L","19,35 €",BALLANTINES
Bebidas,Licores y vermouth,Bebida Espirituosa 1 L,"8,89 € / 1 L","9,79 €
8,89 €",SOBERANO
Bebidas,Licores y vermouth,"Brandy Reserva 0,7 L","37,86 € / 1 L","26,50 €",CARLOS I
Bebidas,Licores y vermouth,"Brandy 0,7 L","17,13 € / 1 L","11,99 €",MAGNO
Bebidas,Licores y vermouth,"Whisky Regal Scotch Premiun 12 Años 0,7 L","37,84 € / 1 L","29,55 €
26,49 €",CHIVAS
Bebidas,Licores y vermouth,"Whisky Scocth Black. 12 Años 0,7 L","38,55 € / 1 L","29,99 €
26,99 €",J.WALKER
Bebidas,Licores y vermouth,"Whisky Scotch 0,7 L","18,55 € / 1 L","14,99 €
12,99 €",WHITE LABEL
Bebidas,Licores y vermouth,"Licor Cointreau 0,7 L","24,41 € / 1 L","17,95 €
17,09 €",COINTREAU
Bebidas,Licores y vermouth,"Ron Venezolano 0,7 L","18,56 € / 1 L","14,49 €
12,99 €",CACIQUE
Bebidas,Licores y vermouth,"Tequila Especial Oro 0,7 L","23,57 € / 1 L","16,50 €",JOSE CUERVO
Bebidas,Licores y vermouth,"Ginebra 0,7 L","28,50 € / 1 L","22,39 €
19,95 €",BOMBAY SAPPH
Bebidas,Licores y vermouth,"Aperitivo de Anís 0,7 L","16,41 € / 1 L","12,70 €
11,49 €",RICARD
Bebidas,Licores y vermouth,"Crema Orujo 0,7 L","15,98 € / 1 L","13,19 €
11,19 €",RUAVIEJA
Bebidas,Licores y vermouth,"Mojito 0,7 L","7,43 € / 1 L","5,49 €
5,20 €",PERLA CARIBE
Bebidas,Licores y vermouth,"Licor de Ponche 0,7 L","16,43 € / 1 L","11,50 €",CABALLERO
Bebidas,Licores y vermouth,"Ron Blanco 0,7 L","18,28 € / 1 L","13,99 €
12,79 €",BACARDI
Bebidas,Licores y vermouth,Vermut Rojo 1 L,"7,95 € / 1 L","7,95 €",YZAGUIRRE
Bebidas,Licores y vermouth,Whisky Scotch 1 L,"16,99 € / 1 L","18,49 €
16,99 €",J&B
Bebidas,Licores y vermouth,"Ginebra Valenciana 0,7 L","17,85 € / 1 L","13,90 €
12,49 €",69 BROSSES
Bebidas,Licores y vermouth,"Vodka Caramelo 0,7 L","7,84 € / 1 L","5,70 €
5,49 €",SHARUSKA
Bebidas,Licores y vermouth,"Ginebra Strawberry 0,7 L","23,50 € / 1 L","16,45 €",P.DE INDIAS
Bebidas,Licores y vermouth,"Licor Crema de Arroz 0,7 L","13,50 € / 1 L","10,50 €
9,45 €",5FANECADES
Bebidas,Licores y vermouth,"Ron Especial 7 Años 0,7 L","28,56 € / 1 L","23,99 €
19,99 €",HAVANA CLUB
Bebidas,Licores y vermouth,"Ginebra 0,7 L","37,86 € / 1 L","26,50 €",NORDÉS
Bebidas,Licores y vermouth,"Licor Crema de Arroz con Cazalla 0,7 L","13,50 € / 1 L","10,50 €
9,45 €",5FANECADES
Bebidas,Licores y vermouth,Vermut Blanco 1 L,"7,95 € / 1 L","7,95 €",CINZANO
Bebidas,Licores y vermouth,Vermut Rojo 1 L,"7,95 € / 1 L","7,95 €",CINZANO
Bebidas,Licores y vermouth,"Vermut Blanco 0,75 L","6,12 € / 1 L","5,19 €
4,59 €",VITTORE
Bebidas,Licores y vermouth,"Vermut Rojo 0,75 L","6,12 € / 1 L","5,19 €
4,59 €",VITTORE
Bebidas,Licores y vermouth,"Ginebra Cítrica 0,7 L","9,99 € / 1 L","7,49 €
6,99 €",PREMIUM 38
Bebidas,Licores y vermouth,Anís Dulce Botella 1 L,"11,35 € / 1 L","11,89 €
11,35 €",CHINCHON
Bebidas,Licores y vermouth,"Aperitivo Fiero 0,75 L","12,25 € / 1 L","10,39 €
9,19 €",MARTINI
Bebidas,Licores y vermouth,Whisky Nacional 1 L,"15,25 € / 1 L","15,25 €",DYC
Bebidas,Licores y vermouth,"Gin Strawberry Botella Pet 0,7 L","9,98 € / 1 L","8,99 €
6,99 €",ROSEE
Bebidas,Licores y vermouth,"Ginebra Light 0,7 L","18,50 € / 1 L","13,95 €
12,95 €",BEEFEATER
Bebidas,Licores y vermouth,"Ginebra Blackberry 0,7 L","23,50 € / 1 L","16,45 €",P.DE INDIAS
Bebidas,Licores y vermouth,"Gin-Tonic Lata 0,25 L","12,40 € / 1 L","3,10 €",BOMBAY SAPPH
Bebidas,Licores y vermouth,"Licor Café 0,7 L","7,85 € / 1 L","5,99 €
5,49 €",CANTEIRA N.
Bebidas,Licores y vermouth,"Crema Whisky 0,7 L","8,57 € / 1 L","6,25 €
6,00 €",ALEMBIC
Bebidas,Licores y vermouth,"Orujo Blanco 0,7 L","9,55 € / 1 L","7,10 €
6,69 €",CANTEIRA N.
Bebidas,Licores y vermouth,"Licor de Hierbas 0,7 L","8,27 € / 1 L","6,10 €
5,79 €",CANTEIRA N.
Bebidas,Licores y vermouth,"Whisky Scotch 10 Años 0,7 L","27,13 € / 1 L","20,99 €
18,99 €",BALLANTINES
Bebidas,Licores y vermouth,"Ron Dominicano Imperial 0,7 L","42,85 € / 1 L","33,50 €
29,99 €",BARCELÓ
Bebidas,Licores y vermouth,"Whisky 8 Años 0,7 L","20,14 € / 1 L","14,10 €",DYC
Bebidas,Licores y vermouth,"Combinado Whisky Cola Lata 0,33 L","6,67 € / 1 L","2,70 €
2,20 €",COCA-COLA
Bebidas,Licores y vermouth,"Vermut Rojo 0,75 L","6,66 € / 1 L","5,99 €
4,99 €",CON UN PAR
Bebidas,Refrescos,"Tónica Zero Lata 0,33 L","2,88 € / 1 L","0,95 €",SCHWEPPES
Bebidas,Refrescos,"Refresco Cola Light Lata 0,33 L","2,70 € / 1 L","0,89 €",COCA-COLA
Bebidas,Refrescos,"Refresco Cola Lata 0,33 L","2,27 € / 1 L","0,75 €",PEPSI-COLA
Bebidas,Refrescos,"Tónica Lata 0,33 L","2,88 € / 1 L","0,95 €",SCHWEPPES
Bebidas,Refrescos,"Refresco Lima Limón Lata 0,33 L","1,79 € / 1 L","0,59 €",SEVEN UP
Bebidas,Refrescos,"Refresco Cola Sin Cafeina Lata 0,33 L","2,09 € / 1 L","0,89 €
0,69 €",COCA-COLA
Bebidas,Refrescos,Refresco Limón Botella 2 L,"0,78 € / 1 L","1,79 €
1,55 €",FANTA
Bebidas,Refrescos,"Refresco Te Lata 0,33 L","3,00 € / 1 L","0,99 €",NESTEA
Bebidas,Refrescos,"Refresco Cola Zero Lata 0,33 L","2,27 € / 1 L","0,75 €",PEPSI-COLA
Bebidas,Refrescos,Tónica Botella 1 L,"1,70 € / 1 L","1,90 €
1,70 €",SCHWEPPES
Bebidas,Refrescos,Refresco Cola Bipack Indivisible 2 x 2 L,"0,93 € / 1 L","3,90 €
3,70 €",COCA-COLA
Bebidas,Refrescos,"Tónica Lata 0,25 L","2,00 € / 1 L","0,50 €",NORDIC MIST
Bebidas,Refrescos,Refresco Cola Light Bipack Indivisible 2 x 2 L,"0,93 € / 1 L","3,90 €
3,70 €",COCA-COLA
Bebidas,Refrescos,"Refresco Limón Lata 0,33 L","2,88 € / 1 L","0,95 €",SCHWEPPES
Bebidas,Refrescos,Refresco Cola Zero Bipack Indivisible 2 x 2 L,"0,93 € / 1 L","3,90 €
3,70 €",COCA-COLA
Bebidas,Refrescos,"Refresco Té Limón Botella 1,5 L","1,17 € / 1 L","1,99 €
1,75 €",NESTEA
Bebidas,Refrescos,"Refresco Té Limón sin Azúcar Botella 1,5 L","1,17 € / 1 L","1,99 €
1,75 €",NESTEA
Bebidas,Refrescos,"Refresco Naranja Sin Gas Botella 1,5 L","0,87 € / 1 L","1,69 €
1,30 €",TRINA
Bebidas,Refrescos,"Tónica Lata 0,25 L","3,16 € / 1 L","0,79 €",SCHWEPPES
Bebidas,Refrescos,Refresco Limón Original Botella 1 L,"1,70 € / 1 L","1,90 €
1,70 €",SCHWEPPES
Bebidas,Refrescos,"Refresco de Lima-Limón Lata 0,33 L","1,79 € / 1 L","0,59 €",SPRITE
Bebidas,Refrescos,Refresco Naranja Bipack Indivisible 2 x 2 L,"0,75 € / 1 L","3,50 €
3,00 €",FANTA
Bebidas,Refrescos,"Refresco Limón Pet Zero 1,5 L","0,87 € / 1 L","1,69 €
1,30 €",TRINA
Bebidas,Refrescos,Refresco Lima Limón Botella 2 L,"0,65 € / 1 L","1,59 €
1,29 €",SEVEN UP
Bebidas,Refrescos,"Refresco Limón Sin Gas Botella 1,5 L","0,87 € / 1 L","1,69 €
1,30 €",TRINA
Bebidas,Refrescos,"Refresco Naranja Pet Zero 1,5 L","0,87 € / 1 L","1,69 €
1,30 €",TRINA
Bebidas,Refrescos,"Refresco Tropical Sin Gas Botella 1,5 L","0,87 € / 1 L","1,69 €
1,30 €",TRINA
Bebidas,Refrescos,"Ginger Ale Lata 0,25 L","3,16 € / 1 L","0,79 €",SCHWEPPES
Bebidas,Refrescos,Té Limón Instantáneo Sin Azúcar 8 sobres 8 L,"0,23 € / 1 L","1,85 €",LOADING
Bebidas,Refrescos,Refresco Fr. Rojos Instantáneo Sin Azúcar 8 L,"0,23 € / 1 L","1,85 €",LOADING
Bebidas,Refrescos,"Tónica Hibiscus Botellín 0,2 L","8,75 € / 1 L","1,75 €",SCHWEPPES
Bebidas,Refrescos,"Refresco Cola Zero Cherry Lata 0,33 L","2,09 € / 1 L","0,89 €
0,69 €",COCA-COLA
Bebidas,Refrescos,Refresco Cola Zero Zero Bipack Indivisible 2 x 2 L,"0,93 € / 1 L","3,90 €
3,70 €",COCA-COLA
Bebidas,Refrescos,Tónica Zero Botella 1 L,"1,70 € / 1 L","1,90 €
1,70 €",SCHWEPPES
Bebidas,Refrescos,"Refresco Té Melocotón Botella 1,5 L","0,66 € / 1 L","1,30 €
0,99 €",DON SIMON
Bebidas,Refrescos,"Refresco Té Limón Botella 1,5 L","0,66 € / 1 L","1,30 €
0,99 €",DON SIMON
Bebidas,Refrescos,"Refresco Cola Zero Lata 0,33 L","2,70 € / 1 L","0,89 €",COCA-COLA
Bebidas,Refrescos,"Refresco Cola Zero Zero Lata 0,33 L","2,70 € / 1 L","0,89 €",COCA-COLA
Bebidas,Refrescos,"Refresco Cola Lata 0,33 L","2,70 € / 1 L","0,89 €",COCA-COLA
Bebidas,Refrescos,Refresco Cola Zero Botella 1 L,"1,00 € / 1 L","1,25 €
1,00 €",PEPSI-COLA
Bebidas,Refrescos,Refresco Cola Botella 1 L,"1,00 € / 1 L","1,25 €
1,00 €",PEPSI-COLA
Bebidas,Refrescos,"Tónica Botella 0,2 L","5,30 € / 1 L","1,06 €",SCHWEPPES
Bebidas,Refrescos,"Tónica Pink Botella 0,2 L","5,30 € / 1 L","1,06 €",SCHWEPPES
Bebidas,Refrescos,"Tonica Zero Lata 0,25 L","2,00 € / 1 L","0,65 €
0,50 €",NORDIC MIST
Bebidas,Refrescos,"Tonica Toque Lima Botellin 0,2 L","8,75 € / 1 L","1,75 €",SCHWEPPES
Bebidas,Refrescos,"Tonica Pink Zero Lata 0,33 L","2,88 € / 1 L","0,95 €",SCHWEPPES
Bebidas,Refrescos,"Kombucha Frutos Rojos Botella 0,25 L","7,80 € / 1 L","1,95 €",MUN
Bebidas,Refrescos,"Kombucha Jengibre Y Limón Botella 0,25 L","7,80 € / 1 L","1,95 €",MUN
Bebidas,Refrescos,"Refresco Cola Botella 0,5 L","2,90 € / 1 L","1,45 €",COCA-COLA
Bebidas,Refrescos,"Bitter sin Alcohol Lata 0,33 L","3,00 € / 1 L","0,99 €",KAS
Bebidas,Refrescos,Refresco Cola Botella 2 L,"1,00 € / 1 L","1,99 €",COCA-COLA
Bebidas,Refrescos,"Refresco Naranja Lata 0,33 L","2,27 € / 1 L","0,75 €",FANTA
Bebidas,Refrescos,Refresco Naranja Botella 2 L,"0,90 € / 1 L","1,79 €",FANTA
Bebidas,Refrescos,"Refresco Limón Lata 0,33 L","2,27 € / 1 L","0,75 €",FANTA
Bebidas,Refrescos,Refresco Cola sin Cafeína Botella 2 L,"1,00 € / 1 L","1,99 €",COCA-COLA
Bebidas,Refrescos,"Refresco Cola Light Lata 0,33 L","2,27 € / 1 L","0,75 €",PEPSI-COLA
Bebidas,Refrescos,"Refresco Cola Light sin Cafeína Lata 0,33 L","2,70 € / 1 L","0,89 €",COCA-COLA
Bebidas,Refrescos,"Refresco Té sin Azúcar Lata 0,33 L","3,00 € / 1 L","0,99 €",NESTEA
Bebidas,Refrescos,"Refresco Naranja sin Gas Lata. 0,33 L","2,00 € / 1 L","0,66 €",TRINA
Bebidas,Refrescos,"Refresco Limón sin Gas Lata. 0,33 L","2,00 € / 1 L","0,66 €",TRINA
Bebidas,Refrescos,"Refresco Naranja Botella 0,5 L","2,90 € / 1 L","1,45 €",FANTA
Bebidas,Refrescos,Refresco Naranja Zero Botella 2 L,"0,90 € / 1 L","1,79 €",FANTA
Bebidas,Refrescos,"Refresco Naranja Zero Lata 0,33 L","2,27 € / 1 L","0,75 €",FANTA
Bebidas,Refrescos,"Refresco Limón Zero Lata 0,33 L","2,27 € / 1 L","0,75 €",FANTA
Bebidas,Refrescos,Refresco Cola Zero Botella 2 L,"1,00 € / 1 L","1,99 €",COCA-COLA
Bebidas,Refrescos,"Tónica Botella 1,5 L","0,60 € / 1 L","0,90 €",CONSUM
Bebidas,Refrescos,"Refresco Limón Zero Lata 0,33 L","2,88 € / 1 L","0,95 €",SCHWEPPES
Bebidas,Refrescos,"Refresco Cola Zero Botella 0,5 L","2,90 € / 1 L","1,45 €",COCA-COLA
Bebidas,Refrescos,"Tónica Lata 0,33 L","1,12 € / 1 L","0,37 €",CONSUM
Bebidas,Refrescos,"Refresco Cola Light Lata 0,33 L","1,03 € / 1 L","0,34 €",CONSUM
Bebidas,Refrescos,Refresco Cola Zero Zero Pet 2 L,"1,00 € / 1 L","1,99 €",COCA-COLA
Bebidas,Refrescos,Refresco Cola Cero Botella 2 L,"0,35 € / 1 L","0,70 €",CONSUM
Bebidas,Refrescos,"Refresco Naranja sin Gas Zero Lata. 0,33 L","2,00 € / 1 L","0,66 €",TRINA
Bebidas,Refrescos,"Refresco Manzana Lata Sin Gas. 0,33 L","2,00 € / 1 L","0,66 €",TRINA
Bebidas,Refrescos,"Refresco Cola Cero Lata 0,33 L","0,97 € / 1 L","0,32 €",CONSUM
Bebidas,Refrescos,"Cola Cero sin Cafeína Lata 0,33 L","0,97 € / 1 L","0,32 €",CONSUM
Bebidas,Refrescos,"Refresco Bitter Lata 0,25 L","1,96 € / 1 L","0,49 €",CONSUM
Bebidas,Refrescos,"Refresco Guaraná 0,33 L","2,70 € / 1 L","0,89 €",ANTARCTICA
Bebidas,Refrescos,Refresco Limón Zero Botella 2 L,"0,90 € / 1 L","1,79 €",FANTA
Bebidas,Refrescos,Refresco de Lima-Limón Botella 2 L,"0,48 € / 1 L","0,95 €",CONSUM
Bebidas,Refrescos,Refresco Cola Cero sin Cafeína Botella 2 L,"0,35 € / 1 L","0,70 €",CONSUM
Bebidas,Refrescos,"Bitter sin Alcohol Pack de 6 6 x 0,2 L","4,58 € / 1 L","5,49 €",KAS
Bebidas,Refrescos,"Refresco Naranja Cero sin Gas Botella 1,5 L","0,70 € / 1 L","1,05 €",CONSUM
Bebidas,Refrescos,"Refresco Aloe Fresa Botella 0,5 L","3,10 € / 1 L","1,55 €",OKF
Bebidas,Refrescos,Refresco Limón Cero Botella 2 L,"0,48 € / 1 L","0,95 €",CONSUM
Bebidas,Refrescos,Refresco Naranja Cero Botella 2 L,"0,48 € / 1 L","0,95 €",CONSUM
Bebidas,Refrescos,"Refresco Aloe Vera Botella 0,5 L","3,10 € / 1 L","1,55 €",OKF
Bebidas,Refrescos,"Agua de Coco 100% Botella 0,5 L","3,98 € / 1 L","1,99 €",TESORO NATUR
Bebidas,Refrescos,"Refresco Cola Zero Zero Botella 1,25 L","1,19 € / 1 L","1,49 €",COCA-COLA
Bebidas,Refrescos,"Limonada Light Botella 1,5 L","0,77 € / 1 L","1,15 €",DON SIMON
Bebidas,Refrescos,Refresco Lima-Limón Botella 2 L,"0,80 € / 1 L","1,59 €",SPRITE
Bebidas,Refrescos,Refresco de Lima-Limón Zero Botella 2 L,"0,80 € / 1 L","1,59 €",SPRITE
Bebidas,Refrescos,"Refresco Cola Botella 1,25 L","1,19 € / 1 L","1,49 €",COCA-COLA
Bebidas,Refrescos,"Refresco Cola Zero Botella 1,25 L","1,19 € / 1 L","1,49 €",COCA-COLA
Bebidas,Refrescos,"Refresco Cola Light Botella 1,25 L","1,19 € / 1 L","1,49 €",COCA-COLA
Bebidas,Refrescos,"Refresco Cola Zero Lima Lata 0,33 L","2,27 € / 1 L","0,75 €",PEPSI-COLA
Bebidas,Refrescos,"Refresco Té Limón Cero Botella 1,5 L","0,63 € / 1 L","0,95 €",CONSUM
Bebidas,Refrescos,"Refresco Té Melocotón Cero Lata 0,33 L","1,21 € / 1 L","0,40 €",CONSUM
Bebidas,Refrescos,"Refresco Té Limón Botella 1,5 L","0,63 € / 1 L","0,95 €",CONSUM
Bebidas,Refrescos,"Refresco Té Limón Cero Lata 0,33 L","1,21 € / 1 L","0,40 €",CONSUM
Bebidas,Refrescos,"Refresco Té Melocotón Botella 1,5 L","0,63 € / 1 L","0,95 €",CONSUM
Bebidas,Refrescos,"Refresco Té Verde Botella 1,5 L","0,63 € / 1 L","0,95 €",CONSUM
Bebidas,Refrescos,"Refresco Cola Zero Sin Cafeína Lata 0,33 L","2,27 € / 1 L","0,75 €",PEPSI-COLA
Bebidas,Refrescos,"Refresco Aloe Vera sin Azúcar Botella 0,5 L","3,10 € / 1 L","1,55 €",OKF
Bebidas,Refrescos,Agua de Coco 100% Botella 1 L,"2,60 € / 1 L","2,60 €",TESORO NATUR
Bebidas,Refrescos,"Refresco Cola Zero Zero Pet 0,5 L","2,90 € / 1 L","1,45 €",COCA-COLA
Bebidas,Refrescos,"Refresco Cola Lata 0,33 L","1,03 € / 1 L","0,34 €",CONSUM
Bebidas,Refrescos,"Refresco Limón Botella 1,25 L","1,19 € / 1 L","1,49 €",FANTA
Bebidas,Refrescos,"Refresco Naranja Botella 1,25 L","1,19 € / 1 L","1,49 €",FANTA
Bebidas,Refrescos,Refresco Cola Botella 2 L,"0,40 € / 1 L","0,80 €",CONSUM
Bebidas,Refrescos,Refresco Limón Botella 2 L,"0,48 € / 1 L","0,95 €",CONSUM
Bebidas,Refrescos,"Refresco Limón Lata 0,33 L","1,06 € / 1 L","0,35 €",CONSUM
Bebidas,Refrescos,"Refresco Manzana sin Gas Botella 1,5 L","0,67 € / 1 L","1,00 €",ENJOY
Bebidas,Refrescos,"Refresco Naranja Lata 0,33 L","1,06 € / 1 L","0,35 €",CONSUM
Bebidas,Refrescos,Refresco Naranja Botella 2 L,"0,48 € / 1 L","0,95 €",CONSUM
Bebidas,Refrescos,"Refresco Cola Regular Pack Indivisible 6 Latas 6 x 0,2 L","3,33 € / 1 L","3,99 €",COCA-COLA
Bebidas,Refrescos,"Refresco Cola Zero Pack Indivisible 6 Latas 6 x 0,2 L","3,33 € / 1 L","3,99 €",COCA-COLA
Bebidas,Refrescos,"Refresco Cola Pack de 4 Botellas Vidrio 4 x 0,2 L","5,00 € / 1 L","4,00 €",COCA-COLA
Bebidas,Refrescos,"Refresco Multifrutas Cero sin Gas 35% Zumo 1,5 L","0,70 € / 1 L","1,05 €",CONSUM
Bebidas,Refrescos,"Refresco Fresa Cero sin Gas 35% Zumo 1,5 L","0,70 € / 1 L","1,05 €",CONSUM
Bebidas,Refrescos,"Refresco Mandarina Lima, Naranja y Pomelo 0,33 L","2,88 € / 1 L","0,95 €",SCHWEPPES
Bebidas,Refrescos,"Refresco Tropical sin Gas 1,5 L","0,70 € / 1 L","1,05 €",CONSUM
Bebidas,Refrescos,"Refresco Limón Cero sin Gas Botella 1,5 L","0,70 € / 1 L","1,05 €",CONSUM
Bebidas,Refrescos,"Refresco Sandía Zero Lata 0,33 L","2,27 € / 1 L","0,75 €",FANTA
Bebidas,Refrescos,"Refresco Cola Zero Pack 4 Botellas Vidrio 4 x 0,2 L","5,00 € / 1 L","4,00 €",COCA-COLA
Bebidas,Refrescos,"Refresco Naranja sin Gas 16% Zumo 1,5 L","0,70 € / 1 L","1,05 €",CONSUM
Bebidas,Refrescos,"Refresco Té Limón Botella 0,5 L","2,90 € / 1 L","1,45 €",NESTEA
Bebidas,Refrescos,"Refresco Cola Light Botella 1,75 L","0,97 € / 1 L","1,69 €",PEPSI-COLA
Bebidas,Refrescos,"Refresco Cola Zero Bipack Indivisible 2 x 1,75 L","0,94 € / 1 L","3,30 €",PEPSI-COLA
Bebidas,Refrescos,"Refresco de Cola Bipack Indivisible 2 x 1,75 L","0,94 € / 1 L","3,30 €",PEPSI-COLA
Bebidas,Refrescos,"Refresco Cola Zero Zero Pack 6 Latas 6 x 0,2 L","3,33 € / 1 L","3,99 €",COCA-COLA
Bebidas,Refrescos,"Refresco Kiwi con Chía Botella 0,45 L","3,44 € / 1 L","1,55 €",TESORO NATUR
Bebidas,Refrescos,"Refresco Cola Zero Sin Cafeína Pet 1,75 L","0,97 € / 1 L","1,69 €",PEPSI-COLA
Bebidas,Refrescos,"Mixer Berry Lata 0,25 L","3,00 € / 1 L","0,75 €",ROYAL BLISS
Bebidas,Refrescos,"Refresco Lima-Limón Lata 0,33 L","2,58 € / 1 L","0,85 €",LAIMON
Bebidas,Refrescos,"Tonica Limon Lata 0,33 L","2,88 € / 1 L","0,95 €",SCHWEPPES
Bebidas,Refrescos,"Refresco Cola Zero Lata Creations 0,33 L","2,58 € / 1 L","0,85 €",COCA-COLA
Bebidas,Refrescos,"Tonica Mediterránea Botella de Cristal 0,2 L","7,95 € / 1 L","1,59 €",FEVER TREE
Bebidas,Refrescos,"Tónica Indian Botella de Cristal 0,2 L","7,95 € / 1 L","1,59 €",FEVER TREE
Bebidas,Refrescos,"Refresco Naranja Zero Lata 0,33 L","2,88 € / 1 L","0,95 €",SCHWEPPES
Bebidas,Refrescos,"Té Limón Zero Pet 0,5 L","1,24 € / 1 L","0,62 €",S.BENEDETTO
Bebidas,Refrescos,"Té Melocotón Zero Pet 0,5 L","1,24 € / 1 L","0,62 €",S.BENEDETTO
Bebidas,Sangrías y combinados base vino,"Tinto de Verano Limón 0,0%Azúcar 0,0%Alcohol 1,5 L","0,79 € / 1 L","1,55 €
1,19 €",SANDEVID
Bebidas,Sangrías y combinados base vino,Sangría Brik 1 L,"1,65 € / 1 L","1,85 €
1,65 €",DON SIMON
Bebidas,Sangrías y combinados base vino,"Tinto Verano Clasico sin Alcohol Botella Pet 1,5 L","1,03 € / 1 L","1,55 €",DON SIMON
Bebidas,Sangrías y combinados base vino,"Tinto Verano Limon Sin Alcohol Botella Pet 1,5 L","1,03 € / 1 L","1,55 €",DON SIMON
Bebidas,Sangrías y combinados base vino,"Tinto Verano Limón Botella Pet 1,5 L","1,23 € / 1 L","1,85 €",DON SIMON
Bebidas,Sangrías y combinados base vino,"Sangría Botella Pet 1,5 L","1,40 € / 1 L","2,10 €",DON SIMON
Bebidas,Sangrías y combinados base vino,"Tinto Verano Clásico Botella Pet 1,5 L","1,23 € / 1 L","1,85 €",DON SIMON
Bebidas,Sangrías y combinados base vino,"Tinto Verano Limón Lata 0,33 L","2,70 € / 1 L","0,89 €",LA CASERA
Bebidas,Sangrías y combinados base vino,"Tinto de Verano Clásico Botella Pet 1,5 L","1,13 € / 1 L","1,69 €",SANDEVID
Bebidas,Sangrías y combinados base vino,"Tinto de Verano Limón Botella Pet 1,5 L","1,13 € / 1 L","1,69 €",SANDEVID
Bebidas,Sangrías y combinados base vino,"Tinto de Verano Limón 1,5 L","1,53 € / 1 L","2,29 €",LA CASERA
Bebidas,Sangrías y combinados base vino,"Tinto de Verano Clasico 1,5 L","1,53 € / 1 L","2,29 €",LA CASERA
Bebidas,Sangrías y combinados base vino,"Tinto de Verano Limón 0,0 sin Alcohol Lata 0,33 L","2,70 € / 1 L","0,89 €",LA CASERA
Bebidas,Sangrías y combinados base vino,"Tinto de Verano Limón 0,0%Azúcar 0,0%Alcohol 1,5 L","1,03 € / 1 L","1,55 €",DON SIMON
Bebidas,Sangrías y combinados base vino,Sangría Brik 1 L,"1,15 € / 1 L","1,15 €",PEÑASOL
Bebidas,Sangrías y combinados base vino,"Tinto de Verano Clásico Lata 0,33 L","2,70 € / 1 L","0,89 €",LA CASERA
Bebidas,Vinos blancos,Vino Blanco de Mesa Brik 1 L,"0,95 € / 1 L","1,00 €
0,95 €",ROIXELA
Bebidas,Vinos blancos,"Vino Blanco D.O.Utiel-Requena 0,75 L","2,93 € / 1 L","2,49 €
2,20 €",V.ENTERIZO
Bebidas,Vinos blancos,"Vino Blanco Verdejo D.O.Rueda 0,75 L","4,65 € / 1 L","5,25 €
3,49 €",BLUME
Bebidas,Vinos blancos,"Vino Blanco Aguja Espumoso 0,75 L","6,66 € / 1 L","5,99 €
4,99 €",SANDARA
Bebidas,Vinos blancos,"Vino Blanco D.O.Cataluña 0,75 L","6,66 € / 1 L","5,90 €
4,99 €",VIÑA SOL
Bebidas,Vinos blancos,"Vino Blanco Ecológico D.O.Penedes 0,75 L","10,65 € / 1 L","8,50 €
7,99 €",V. ESMERALDA
Bebidas,Vinos blancos,"Vino Blanco con Barrica D.O.Utiel-Requena 0,75 L","5,98 € / 1 L","5,29 €
4,49 €",P.DE THARSYS
Bebidas,Vinos blancos,"Vino Blanco Verdejo D.O.Valdepeñas 0,75 L","3,72 € / 1 L","3,19 €
2,79 €",VIÑA ALBALI
Bebidas,Vinos blancos,"Vino Blanco Verdejo D.O.Rueda 0,75 L","6,66 € / 1 L","6,29 €
4,99 €",VIÑA MAYOR
Bebidas,Vinos blancos,"Vino Blanco Canallas D.O.Valencia 0,75 L","4,52 € / 1 L","3,99 €
3,39 €",ARRAEZ
Bebidas,Vinos blancos,"Vino Blanco Sauvignon D.O.Rueda 0,75 L","7,99 € / 1 L","7,65 €
5,99 €",MELIOR
Bebidas,Vinos blancos,"Vino Blanco D.O.Valencia 0,75 L","5,32 € / 1 L","4,35 €
3,99 €",LA TRACA
Bebidas,Vinos blancos,"Vino Blanco Sauvignon D.O. Utiel Requena 0,75 L","6,66 € / 1 L","6,59 €
4,99 €",CON UN PAR
Bebidas,Vinos blancos,"Vino BlancoGewuztramine D.O.Somontano 0,75 L","5,53 € / 1 L","4,65 €
4,15 €",VINITIUM
Bebidas,Vinos blancos,"Vino Blanco Albariño D.O.Rías Baixas 0,75 L","11,98 € / 1 L","10,15 €
8,99 €",FAUST.RIVERO
Bebidas,Vinos blancos,"Vino Blanco Verdejo D.O. Rueda 0,75 L","2,54 € / 1 L","2,00 €
1,90 €",ALIJARES
Bebidas,Vinos blancos,"Vino Blanco Varietal Reg. Castilla La Mancha 0,75 L","5,72 € / 1 L","5,29 €
4,29 €",MUCHO MAS
Bebidas,Vinos blancos,"Vino Blanco D.O. Valencia 0,75 L","9,32 € / 1 L","7,99 €
6,99 €",HUELLA
Bebidas,Vinos blancos,"Vino Blanco Chardonnay D.O. Utiel Requena 0,75 L","3,99 € / 1 L","3,99 €
2,99 €",NEBLA
Bebidas,Vinos blancos,"Vino Blanco Vino de la Tiera de Cádiz 0,75 L","5,80 € / 1 L","4,35 €",A.BARBADILLO
Bebidas,Vinos blancos,"Vino Blanco D.O.Valdepeñas 0,75 L","3,19 € / 1 L","2,39 €",LOS MOLINOS
Bebidas,Vinos blancos,"Vino Blanco Aguja 0,75 L","5,67 € / 1 L","4,25 €",B. PESCADOR
Bebidas,Vinos blancos,Vino Blanco de Mesa Brik 1 L,"1,45 € / 1 L","1,45 €",DON SIMON
Bebidas,Vinos blancos,"Vino Blanco D.O.Alicante 0,75 L","6,60 € / 1 L","4,95 €",MARINA ALTA
Bebidas,Vinos blancos,"Vino Blanco D.O. Utiel Requena 0,75 L","4,13 € / 1 L","3,10 €",CAST.LIRIA
Bebidas,Vinos blancos,"Vino Blanco de Mesa Pack de 3 Unidades 3 x 0,2 L","2,67 € / 1 L","1,50 €",DON SIMON
Bebidas,Vinos blancos,"Vino Blanco Verdejo D.O.Rueda 0,75 L","5,07 € / 1 L","3,80 €",DEHES.VIEJAS
Bebidas,Vinos blancos,"Vino Blanco Verdejo D.O.Rueda 0,75 L","6,65 € / 1 L","4,99 €",PATA NEGRA
Bebidas,Vinos blancos,Vino Blanco de Mesa Botella 1 L,"1,69 € / 1 L","1,69 €",ROIXELA
Bebidas,Vinos blancos,"Vino Blanco Joven Botella 0,75 L","3,00 € / 1 L","2,25 €",PLUVIUM
Bebidas,Vinos blancos,"Vino Blanco Joven D.O.Mancha 0,75 L","1,87 € / 1 L","1,40 €",CARLADES
Bebidas,Vinos blancos,"Vino Blanco Semi Dulce D.O. Utiel Requena 0,75 L","4,13 € / 1 L","3,10 €",CAST.LIRIA
Bebidas,Vinos blancos,"Vino Blanco D.O.Rioja 0,75 L","4,00 € / 1 L","3,00 €",DUQUE NARDOS
Bebidas,Vinos blancos,"Vino Blanco D.O.Valencia 0,75 L","3,05 € / 1 L","2,29 €",BARON TURIS
Bebidas,Vinos blancos,"Vino Blanco Semi Dulce D.O.Valencia 0,75 L","2,67 € / 1 L","2,00 €",JARDIN REAL
Bebidas,Vinos blancos,"Vino Blanco D.O.Rioja 0,75 L","5,53 € / 1 L","4,15 €",EL COTO
Bebidas,Vinos blancos,Vino Blanco de Mesa Brik 1 L,"1,59 € / 1 L","1,59 €",PEÑASOL
Bebidas,Vinos blancos,"Vino para Cocinar Blanco Seco Botella 0,75 L","3,85 € / 1 L","2,89 €",LA ABUELA
Bebidas,Vinos blancos,"Vino Blanco Alma Mística D.O.Valencia 0,75 L","5,85 € / 1 L","4,39 €",MURVIEDRO
Bebidas,Vinos blancos,"Vino Blanco Seco D.O.Cataluña 0,75 L","6,60 € / 1 L","4,95 €",BACH
Bebidas,Vinos blancos,"Vino Blanco Semi D.O.Cataluña 0,75 L","6,60 € / 1 L","4,95 €",BACH
Bebidas,Vinos blancos,"Vino Blanco Semi Dulce D.O.Rioja 0,75 L","5,73 € / 1 L","4,30 €",DIAMANTE
Bebidas,Vinos blancos,"Vino Blanco Verdejo D.O.Rueda 0,75 L - Marqués de Riscal","12,33 € / 1 L","9,25 €",MARQ.RISCAL
Bebidas,Vinos blancos,"Vino Blanco Verdejo D.O.Rueda 0,75 L","10,20 € / 1 L","7,65 €",PROTOS
Bebidas,Vinos blancos,"Vino Blanco Aguja 0,75 L","3,19 € / 1 L","2,39 €",CASTELFINO
Bebidas,Vinos blancos,"Vino Blanco D.O.Alicante 0,75 L","8,39 € / 1 L","6,29 €",LA TREMENDA
Bebidas,Vinos blancos,"Vino Blanco D.O.Rioja 0,75 L - Marqués de Cáceres","7,27 € / 1 L","5,45 €",MQ.CACERES
Bebidas,Vinos blancos,"Vino Blanco Palomino D.O.Ribeiro 0,75 L","6,52 € / 1 L","4,89 €",PAZO
Bebidas,Vinos blancos,"Vino Blanco Semi Dulce D.O.Rioja 0,75 L","5,80 € / 1 L","4,35 €",CAMPO VIEJO
Bebidas,Vinos blancos,"Vino Blanco Chardonnay D.O.Utiel-Requena 0,75 L","8,39 € / 1 L","6,29 €",HOYA CADENAS
Bebidas,Vinos blancos,"Vino Blanco D.O.Somontano 0,75 L","12,65 € / 1 L","9,49 €",VIÑAS D VERO
Bebidas,Vinos blancos,"Vino Blanco D.O. Rioja 0,18 L","9,04 € / 1 L","1,69 €",FAUSTINO VII
Bebidas,Vinos blancos,"Vino Blanco D.O.Valencia 0,75 L","5,85 € / 1 L","4,39 €",MURVIEDRO
Bebidas,Vinos blancos,"Vino Blanco Albariño D.O.Rías Baixas 0,75 L","19,33 € / 1 L","14,50 €",MARTIN CODAX
Bebidas,Vinos blancos,"Vino Blanco D.O.Alicante 0,75 L","6,53 € / 1 L","4,90 €",BAHIA DENIA
Bebidas,Vinos blancos,"Vino Blanco Verdejo Tierra de Castilla 0,75 L","2,65 € / 1 L","1,99 €",A.MERCIER
Bebidas,Vinos blancos,"Vino Blanco Con Barrica D.O.Rioja 0,75 L","6,92 € / 1 L","5,19 €",LOPEZ HARO
Bebidas,Vinos blancos,Vino Blanco Bag & Box 3 L,"2,00 € / 1 L","5,99 €",PEÑASOL
Bebidas,Vinos blancos,"Vino Blanco Madurado D.O.Utiel-Requena 0,75 L","4,60 € / 1 L","3,45 €",BARRICA 88
Bebidas,Vinos blancos,"Vino Blanco Roble D.O.Somontano 0,75 L","7,72 € / 1 L","5,79 €",SOMMOS
Bebidas,Vinos blancos,"Vino Blanco Verdejo D.O.Rueda 0,75 L","5,32 € / 1 L","3,99 €",MAY.CASTILLA
Bebidas,Vinos blancos,"Vino Blanco Vino de Mesa 0,5 L","1,70 € / 1 L","0,85 €",D. SIMON
Bebidas,Vinos blancos,"Vino Blanco D.O.Rioja 0,75 L","4,65 € / 1 L","3,49 €",CAST.ALBAI
Bebidas,Vinos blancos,"Vino Blanco Albariño D.O.Rias Baixas 0,75 L","25,07 € / 1 L","18,80 €",MAR D.FRADES
Bebidas,Vinos blancos,"Vino Blanco Godello D.O.Valdeorras 0,75 L","9,99 € / 1 L","7,49 €",VERDES CASTR
Bebidas,Vinos blancos,"Vino Blanco Verdejo D.O.Rueda 0,75 L","9,27 € / 1 L","6,95 €",OINOZ
Bebidas,Vinos blancos,"Vino Blanco D.O.Valencia 0,75 L","9,32 € / 1 L","6,99 €",MALA VIDA
Bebidas,Vinos blancos,"Vino Blanco D.O. Utiel Requena 0,75 L","9,72 € / 1 L","7,29 €",EL MIRACLE
Bebidas,Vinos blancos,"Vino Blanco Sauvignon D.O.Rueda 0,75 L","4,00 € / 1 L","3,00 €",OVACION
Bebidas,Vinos blancos,"Vino Blanco D.O.Rueda 0,75 L","10,13 € / 1 L","7,60 €",CELESTE
Bebidas,Vinos blancos,"Vino Blanco D.O.Valencia 0,75 L","4,33 € / 1 L","3,25 €",J. DE JUANES
Bebidas,Vinos blancos,"Vino Tinto Sin sulfitos D.O. Rioja 0,75 L","5,59 € / 1 L","4,19 €",MOARE
Bebidas,Vinos blancos,"Frizzante Verdejo 0,75 L","3,53 € / 1 L","2,65 €",FIZZY
Bebidas,Vinos blancos,"Vino Blanco Ribeiro D.O. Ribeiro 0,75 L","5,99 € / 1 L","4,49 €",V.D.INFERNO
Bebidas,Vinos blancos,"Vino Blanco Turbio 0,75 L","2,67 € / 1 L","2,00 €",
Bebidas,Vinos blancos,"Vino Blanco Albariño D.O. Rias Baixas 0,75 L","8,00 € / 1 L","6,00 €",ABILLEIRA
Bebidas,Vinos blancos,"Vino Blanco Verdejo D.O. Rueda 0,75 L","4,52 € / 1 L","3,39 €",CASTILLO GUI
Bebidas,Vinos blancos,"Vino Blanco Dulce Afrutado 0,75 L","2,80 € / 1 L","2,10 €",V. MARINERA
Bebidas,Vinos blancos,"Vino Blanco Verdejo Vino Varietal 0,75 L","5,99 € / 1 L","4,49 €",OBEJITA VERD
Bebidas,Vinos blancos,"Vino Blanco Verdejo D.O.Rueda 0,75 L","15,99 € / 1 L","11,99 €",PERRO VERDE
Bebidas,Vinos blancos,"Vino Blanco Chardonnay D.O. Somontano 0,75 L","4,79 € / 1 L","3,59 €",ARIÑO
Bebidas,Vinos blancos,"Vino Blanco Verdejo D.O. Rueda 0,75 L","7,05 € / 1 L","5,29 €",CUATRO RAYAS
Bebidas,Vinos blancos,"Vino Blanco Godello D.O. Monterrei 0,75 L","13,27 € / 1 L","9,95 €",MARA MARTIN
Bebidas,Vinos blancos,"Vino Blanco Barrica D.O. Rueda 0,75 L","9,32 € / 1 L","6,99 €",CUATRO RAYAS
Bebidas,Vinos blancos,"Vino Blanco Albariño D.O. Rias Baixas 0,75 L","11,99 € / 1 L","8,99 €",LOLO
Bebidas,Vinos blancos,"Vino Blanco Verdejo Reg. Castilla La Mancha 0,75 L","3,00 € / 1 L","2,25 €",EL GARABATO
Bebidas,Vinos blancos,"Vino Blanco Albariño D.O. Rías Baixas 0,75 L","19,93 € / 1 L","14,95 €",SANTIAG.RUIZ
Bebidas,Vinos blancos,"Vino Verde Region Vinho Verde 0,75 L","7,99 € / 1 L","5,99 €",AZEVEDO
Bebidas,Vinos blancos,"Vino Blanco Verdejo Region Castilla la Mancha 0,75 L","4,79 € / 1 L","3,59 €",FAUSTINO
Bebidas,Vinos blancos,"Vino Blanco Godello Vino de la Tierra 0,75 L","6,65 € / 1 L","4,99 €",GALIZEUS
Bebidas,Vinos blancos,"Vino Blanco Semi Dulce 0,75 L","5,32 € / 1 L","3,99 €",CANALLAS
Bebidas,Vinos rosados,"Vino Rosado Aguja Espumoso 0,75 L","6,66 € / 1 L","5,99 €
4,99 €",SANDARA
Bebidas,Vinos rosados,"Vino Rosado D.O.Utiel-Requena 0,75 L","2,93 € / 1 L","2,49 €
2,20 €",V.ENTERIZO
Bebidas,Vinos rosados,"Frizzante Rosso Dolce Sangue Di Giuda 0,75 L","5,32 € / 1 L","4,75 €
3,99 €",B.MARTI
Bebidas,Vinos rosados,"Vino Rosado D.O.Rioja 0,75 L","6,52 € / 1 L","5,45 €
4,89 €",MQ.CACERES
Bebidas,Vinos rosados,"Vino Rosado Aguja V.T.Castilla y León 0,75 L","4,87 € / 1 L","3,65 €",PEÑASCAL
Bebidas,Vinos rosados,Vino Rosado de Mesa Brik 1 L,"1,05 € / 1 L","1,05 €",ROIXELA
Bebidas,Vinos rosados,"Vino Rosado Lambrusco 0,75 L","4,20 € / 1 L","3,15 €",BAUTIS.MARTI
Bebidas,Vinos rosados,"Vino Rosado Lambrusco 0,75 L","2,53 € / 1 L","1,90 €",I LOVE ITALY
Bebidas,Vinos rosados,"Vino Rosado D.O. Utiel Requena 0,75 L","4,13 € / 1 L","3,10 €",CAST.LIRIA
Bebidas,Vinos rosados,Vino Rosado de Mesa Brik 1 L,"1,45 € / 1 L","1,45 €",DON SIMON
Bebidas,Vinos rosados,Vino Rosado de Mesa Botella 1 L,"1,69 € / 1 L","1,69 €",ROIXELA
Bebidas,Vinos rosados,"Vino Rosado Aguja 0,75 L","5,99 € / 1 L","4,49 €",MATEUS
Bebidas,Vinos rosados,"Vino Rosado Aguja 0,75 L","3,19 € / 1 L","2,39 €",CASTELFINO
Bebidas,Vinos rosados,"Vino Rosado D.O.Rioja 0,75 L","3,20 € / 1 L","2,40 €",DUQUE NARDOS
Bebidas,Vinos rosados,"Vino Rosado D.O.Navarra 0,75 L","2,80 € / 1 L","2,10 €",VIÑA LERDEN
Bebidas,Vinos rosados,Vino Rosado de Mesa Brik 1 L,"1,59 € / 1 L","1,59 €",PEÑASOL
Bebidas,Vinos rosados,"Vino Rosado D.O.Valdepeñas 0,75 L","3,19 € / 1 L","2,39 €",LOS MOLINOS
Bebidas,Vinos rosados,"Vino Rosado D.O.Rioja 0,75 L","6,80 € / 1 L","5,10 €",CUNE
Bebidas,Vinos rosados,"Fragolino 0,75 L","5,85 € / 1 L","4,39 €",B.MARTI
Bebidas,Vinos rosados,"Vino Rosado D.O.Rioja 0,75 L","5,53 € / 1 L","4,15 €",EL COTO
Bebidas,Vinos rosados,"Vino Rosado Pálido D.O.Valencia 0,75 L","4,33 € / 1 L","3,25 €",J. DE JUANES
Bebidas,Vinos rosados,Vino Rosado Garrafa 2 L,"1,40 € / 1 L","2,80 €",VIÑA CORBA
Bebidas,Vinos rosados,"Vino Rosado D.O.Navarra 0,75 L","5,85 € / 1 L","4,39 €",HOMENAJE
Bebidas,Vinos rosados,"Vino Rosado D.O. Utiel Requena 0,75 L","9,72 € / 1 L","7,29 €",EL MIRACLE
Bebidas,Vinos rosados,Vino Rosado Aguja Espumoso 250 ml,"9,00 € / 1 L","2,25 €",SANDARA
Bebidas,Vinos rosados,Vino Rosado LATA 250 ml,"7,40 € / 1 L","1,85 €",PEÑASCAL
Bebidas,Vinos rosados,"Vino Rosado Palido Tierra de Castilla 0,75 L","3,32 € / 1 L","2,49 €",A.MERCIER
Bebidas,Vinos tintos,"Vino Tinto Reserva D.O.Valdepeñas 0,75 L","4,47 € / 1 L","3,69 €
3,35 €",VIÑA ALBALI
Bebidas,Vinos tintos,"Vino Tinto Joven D.O.Utiel-Requena 0,75 L","2,93 € / 1 L","2,49 €
2,20 €",V.ENTERIZO
Bebidas,Vinos tintos,"Vino Tinto Selección Oro Vino de la Tierra Castill 0,75 L","4,65 € / 1 L","4,89 €
3,49 €",BERBERANA
Bebidas,Vinos tintos,"Vino Tinto Crianza D.O.Ribera del Duero 0,75 L","6,00 € / 1 L","4,60 €
4,50 €",DEHES.VIEJAS
Bebidas,Vinos tintos,"Vino Tinto Roble D.O.Ribera del Duero 0,75 L","4,87 € / 1 L","3,80 €
3,65 €",DEHES.VIEJAS
Bebidas,Vinos tintos,"Vino Tinto Barrica D.O.Cariñena 0,75 L","3,40 € / 1 L","3,29 €
2,55 €",MONAST.VIÑAS
Bebidas,Vinos tintos,"Vino Tinto Ecológico D.O.Valencia 0,75 L","5,32 € / 1 L","4,65 €
3,99 €",LA TRACA
Bebidas,Vinos tintos,"Vino Tinto Roble D.O.Ribera del Duero 0,75 L","7,99 € / 1 L","6,99 €
5,99 €",PATA NEGRA
Bebidas,Vinos tintos,"Vino Tinto Joven V.T. Castilla y León 0,75 L","3,99 € / 1 L","3,59 €
2,99 €",ALT.TAMARON
Bebidas,Vinos tintos,"Vino TInto Crianza D.O.Rioja 0,75 L","7,99 € / 1 L","6,99 €
5,99 €",EDERRA
Bebidas,Vinos tintos,"Vino Tinto Reserva D.O.Rioja 0,75 L","14,60 € / 1 L","12,25 €
10,95 €",MARQ.CACERES
Bebidas,Vinos tintos,"Vino Tinto Gran Reserva D.O.Valdepeñas 0,75 L","5,85 € / 1 L","4,99 €
4,39 €",VIÑA ALBALI
Bebidas,Vinos tintos,"Vino Tinto D.O.Cataluña 0,75 L","5,32 € / 1 L","4,90 €
3,99 €",SANGRE TORO
Bebidas,Vinos tintos,"Vino Tinto Crianza D.O.Rioja 0,75 L","6,34 € / 1 L","5,75 €
4,75 €",CAMPO VIEJO
Bebidas,Vinos tintos,"Vino Tinto Crianza D.O.Ribera del Duero 0,75 L","31,13 € / 1 L","24,55 €
23,35 €",MATARROMERA
Bebidas,Vinos tintos,"Vino Tinto Crianza D.O.Rioja 0,75 L","9,93 € / 1 L","8,79 €
7,45 €",AZPILICUETA
Bebidas,Vinos tintos,"Vino Tinto Roble D.O.Somontano 0,75 L","6,66 € / 1 L","5,99 €
4,99 €",VIÑAS D VERO
Bebidas,Vinos tintos,"Vinto Tinto Gran Reserva D.O.Rioja 0,75 L","21,98 € / 1 L","19,99 €
16,49 €",FAUSTINO I
Bebidas,Vinos tintos,"Vino Tinto Shiraz D.O.Valencia 0,75 L","6,65 € / 1 L","6,39 €
4,99 €",ICONO
Bebidas,Vinos tintos,"Vinto Tinto D.O.Jumilla 0,75 L","5,27 € / 1 L","3,95 €",CASA ERMITA
Bebidas,Vinos tintos,"Vino Tinto Reserva D.O. Utiel Requena 0,75 L","3,45 € / 1 L","2,95 €
2,59 €",BARRICA 88
Bebidas,Vinos tintos,"Vino Tinto Monastrell-Peti D.O. Alicante 0,75 L","6,66 € / 1 L","6,59 €
4,99 €",CON UN PAR
Bebidas,Vinos tintos,"Vino Tinto Roble D.O.Ribera del Duero 0,75 L","11,32 € / 1 L","9,35 €
8,49 €",CELESTE
Bebidas,Vinos tintos,"Vino Tinto 12 Meses V.T.Castilla y León 0,75 L","7,99 € / 1 L","7,19 €
5,99 €",YLLERA
Bebidas,Vinos tintos,"Vino Tinto Canallas D.O.Valencia 0,75 L","4,52 € / 1 L","3,99 €
3,39 €",ARRAEZ
Bebidas,Vinos tintos,"Vino Tinto Roble D.O.Somontano 0,75 L","7,00 € / 1 L","5,79 €
5,25 €",SOMMOS
Bebidas,Vinos tintos,"Vino Tinto Bobal D.O.Utiel-Requena 0,75 L","6,52 € / 1 L","6,59 €
4,89 €",BO
Bebidas,Vinos tintos,"Vino Tinto Crianza D.O.Ribera del Duero 0,75 L","10,60 € / 1 L","8,99 €
7,95 €",CLEA
Bebidas,Vinos tintos,"Vino Tinto Bobal D.O.Utiel Requena 0,75 L","8,66 € / 1 L","7,79 €
6,49 €",CEPAS VIEJAS
Bebidas,Vinos tintos,"Vino Tinto D.O. Toro 0,75 L","9,99 € / 1 L","8,79 €
7,49 €",MATSU
Bebidas,Vinos tintos,"Vino Tinto Barrica V.T. Castilla 0,75 L","4,40 € / 1 L","4,49 €
3,30 €",M.GRIÑON
Bebidas,Vinos tintos,"Vino Tinto Reserva D.O. Somontano 0,75 L","4,92 € / 1 L","4,55 €
3,69 €",ALIUS
Bebidas,Vinos tintos,"Vino Tinto 0,75 L","5,72 € / 1 L","5,29 €
4,29 €",MUCHO MAS
Bebidas,Vinos tintos,"Vino Tinto Garnacha D.O. Valencia 0,75 L","9,32 € / 1 L","7,99 €
6,99 €",HUELLA
Bebidas,Vinos tintos,"Vino Tinto Garnacha D.O. Utiel Requena 0,75 L","3,99 € / 1 L","3,99 €
2,99 €",NEBLA
Bebidas,Vinos tintos,"Vino Tinto Joven D.O.Valencia 0,75 L","3,05 € / 1 L","2,29 €",BARON TURIS
Bebidas,Vinos tintos,"Vino Tinto Crianza D.O.Rioja 0,75 L","8,40 € / 1 L","6,30 €",EL COTO
Bebidas,Vinos tintos,Vino Tinto de Mesa Brik 1 L,"1,45 € / 1 L","1,45 €",DON SIMON
Bebidas,Vinos tintos,"Vino Tinto Crianza D.O.Rioja 0,75 L","9,27 € / 1 L","6,95 €",CUNE
Bebidas,Vinos tintos,"Vino Tinto Joven D.O.Valdepeñas 0,75 L","3,19 € / 1 L","2,39 €",LOS MOLINOS
Bebidas,Vinos tintos,"Vino Tinto Reserva D.O.Utiel-Requena 0,75 L","6,65 € / 1 L","4,99 €",V.ENTERIZO
Bebidas,Vinos tintos,"Vino Tinto Crianza D.O.Cariñena 0,75 L","5,85 € / 1 L","4,39 €",MONAST.VIÑAS
Bebidas,Vinos tintos,"Vino Tinto Crianza D.O.Rioja 0,75 L","9,99 € / 1 L","7,49 €",LAGUNILLA
Bebidas,Vinos tintos,"Vino Tinto Crianza D.O.Utiel-Requena 0,75 L","3,27 € / 1 L","2,45 €",V.ENTERIZO
Bebidas,Vinos tintos,"Vino Tino Reserva D.O.Mancha 0,75 L","5,19 € / 1 L","3,89 €",ESTOLA
Bebidas,Vinos tintos,"Vino Tinto Reserva D.O.Utiel-Requena 0,75 L","5,53 € / 1 L","4,15 €",HOYA CADENAS
Bebidas,Vinos tintos,"Vino Tinto Joven D.O. Alicante 0,75 L","4,13 € / 1 L","3,10 €",CAST.LIRIA
Bebidas,Vinos tintos,"Vino Tinto Crianza D.O.Valencia 0,75 L","4,47 € / 1 L","3,35 €",BARON TURIS
Bebidas,Vinos tintos,Vino Tinto de Mesa Brik 1 L,"1,05 € / 1 L","1,05 €",ROIXELA
Bebidas,Vinos tintos,Vino Tinto Garrafa 2 L,"1,40 € / 1 L","2,80 €",VIÑA CORBA
Bebidas,Vinos tintos,"Vino Tinto Crianza D.O.Mancha 0,75 L","4,39 € / 1 L","3,29 €",ESTOLA
Bebidas,Vinos tintos,"Vino Tinto Joven D.O. Utiel Requena 0,75 L","9,19 € / 1 L","6,89 €",EL MIRACLE
Bebidas,Vinos tintos,"Vino Tinto Crianza D.O.Valdepeñas 0,75 L","2,65 € / 1 L","1,99 €",SEÑOR.LLANOS
Bebidas,Vinos tintos,"Vino Tinto Crianza D.O.Valdepeñas 0,75 L","3,93 € / 1 L","2,95 €",VIÑA ALBALI
Bebidas,Vinos tintos,"Vino Tinto Joven D.O.Valdepeñas 0,75 L","3,13 € / 1 L","2,35 €",SEÑOR.LLANOS
Bebidas,Vinos tintos,Vino Tinto Botellín D.O.Rioja 187 ml,"9,04 € / 1 L","1,69 €",FAUSTINO VII
Bebidas,Vinos tintos,"Vino Tinto Joven D.O.Utiel-Requena 0,75 L","1,99 € / 1 L","1,49 €",M.VERDELLANO
Bebidas,Vinos tintos,"Vino Tinto Tierra de Castilla 0,75 L","2,65 € / 1 L","1,99 €",A.MERCIER
Bebidas,Vinos tintos,"Vino Tinto Vendimia Plata D.O.Valencia 0,75 L","6,20 € / 1 L","4,65 €",J. DE JUANES
Bebidas,Vinos tintos,"Vino TInto Joven D.O.Rioja 0,75 L","3,27 € / 1 L","2,45 €",DUQUE NARDOS
Bebidas,Vinos tintos,"Vinto Tinto Crianza D.O.Rioja 0,75 L","7,59 € / 1 L","5,69 €",FAUST.RIVERO
Bebidas,Vinos tintos,"Vino Tinto Reserva D.O.Valencia 0,75 L","5,85 € / 1 L","4,39 €",MURVIEDRO
Bebidas,Vinos tintos,"Vino Tinto Joven D.O.Mancha 0,75 L","1,93 € / 1 L","1,45 €",CARLADES
Bebidas,Vinos tintos,"Vino Tinto Joven Botella 0,75 L","3,00 € / 1 L","2,25 €",PLUVIUM
Bebidas,Vinos tintos,Vino Tinto de Mesa Botella 1 L,"1,69 € / 1 L","1,69 €",ROIXELA
Bebidas,Vinos tintos,Vino Tinto de Mesa Brik 1 L,"1,59 € / 1 L","1,59 €",PEÑASOL
Bebidas,Vinos tintos,"Vino Tinto Premium V.T. Castilla 0,75 L","5,32 € / 1 L","3,99 €",FLAVIUM
Bebidas,Vinos tintos,"Vino Tinto Joven D.O.Campo de Borja 0,75 L","3,99 € / 1 L","2,99 €",DON RAMON
Bebidas,Vinos tintos,"Vino Tinto Joven D.O.Alicante 0,75 L","3,32 € / 1 L","2,49 €",VIÑA ALCANTA
Bebidas,Vinos tintos,"Vino Tinto Joven D.O.Jumilla 0,75 L","3,27 € / 1 L","2,45 €",C. COVANEGRA
Bebidas,Vinos tintos,"Vino Tinto Lambrusco 0,75 L","4,20 € / 1 L","3,15 €",BAUTIS.MARTI
Bebidas,Vinos tintos,"Vino Tinto D.O.Navarra 0,75 L","3,00 € / 1 L","2,25 €",VIÑA LERDEN
Bebidas,Vinos tintos,"Vino Tinto C.V.C. D.O.Rioja 0,75 L","5,32 € / 1 L","3,99 €",CAMPO VIEJO
Bebidas,Vinos tintos,"Vino Tinto Joven D.O.Rioja 0,75 L","5,32 € / 1 L","3,99 €",FAUSTINO VII
Bebidas,Vinos tintos,Vino Tinto Garrafa 5 L,"1,11 € / 1 L","5,55 €",VIÑA CORBA
Bebidas,Vinos tintos,"Vino Tinto Roble D.O.Ribera del Duero 0,75 L","12,67 € / 1 L","9,50 €",PROTOS
Bebidas,Vinos tintos,"Vino Tinto Crianza D.O.Rioja 0,75 L","10,53 € / 1 L","7,90 €",MARQ.CACERES
Bebidas,Vinos tintos,"Vino Tinto de Mesa Botella 0,75 L","3,27 € / 1 L","2,45 €",VALDEOLIVA
Bebidas,Vinos tintos,Vino Tinto Garrafa 5 L,"1,11 € / 1 L","5,55 €",PARQUE REAL
Bebidas,Vinos tintos,"Vino Tinto Monastrell D.O.Alicante 0,75 L","8,39 € / 1 L","6,29 €",LA TREMENDA
Bebidas,Vinos tintos,"Vino Tinto Crianza D.O.Rioja 0,75 L","3,93 € / 1 L","2,95 €",DUQUE NARDOS
Bebidas,Vinos tintos,"Vino Tinto Reserva D.O.Rioja 0,75 L","23,33 € / 1 L","17,50 €",MARQ.RISCAL
Bebidas,Vinos tintos,"Vino Tinto D.O.Cataluña 0,75 L","6,60 € / 1 L","4,95 €",BACH
Bebidas,Vinos tintos,"Vino Tinto Reserva D.O.Rioja 0,75 L","11,47 € / 1 L","8,60 €",COTO IMAZ
Bebidas,Vinos tintos,"Vino Tinto Crianza D.O.Ribera del Duero 0,75 L","9,32 € / 1 L","6,99 €",ALT.TAMARON
Bebidas,Vinos tintos,"Vino Tinto Crianza D.O.Alicante 0,75 L","4,65 € / 1 L","3,49 €",VIÑA ALCANTA
Bebidas,Vinos tintos,Vino Tinto Crianza D.O.Rioja 375 ml,"12,13 € / 1 L","4,55 €",CUNE
Bebidas,Vinos tintos,"Vino Tinto Roble D.O.Ribera del Duero 0,75 L","12,87 € / 1 L","9,65 €",MELIOR
Bebidas,Vinos tintos,"Vino Tinto Crianza D.O.Somontano 0,75 L","11,13 € / 1 L","8,35 €",VIÑAS D VERO
Bebidas,Vinos tintos,"Vino Tinto D.O.Somontano 0,75 L","9,85 € / 1 L","7,39 €",ENATE
Bebidas,Vinos tintos,"Vino Tinto Crianza D.O.Ribera del Duero 0,75 L","25,27 € / 1 L","18,95 €",PROTOS
Bebidas,Vinos tintos,"Vino Tinto Crianza D.O.Jumilla 0,75 L","3,72 € / 1 L","2,79 €",CAST.S.SIMON
Bebidas,Vinos tintos,"Vino Tinto Roble D.O.Ribera del Duero 0,75 L","11,99 € / 1 L","8,99 €",LEGARIS
Bebidas,Vinos tintos,"Vino Tinto Crianza D.O.Rioja 0,75 L","7,05 € / 1 L","5,29 €",CAST.ALBAI
Bebidas,Vinos tintos,Vino Tinto Bag&Box 3 L,"2,00 € / 1 L","5,99 €",PEÑASOL
Bebidas,Vinos tintos,"Vino Tinto Crianza D.O.Ribera del Duero 0,75 L","7,99 € / 1 L","5,99 €",MAY.CASTILLA
Bebidas,Vinos tintos,"Vino Tinto Reserva D.O.Rioja 0,75 L","16,67 € / 1 L","12,50 €",LAGUNILLA
Bebidas,Vinos tintos,"Vino Tinto Vendimia Oro D.O.Valencia 0,75 L","7,59 € / 1 L","5,69 €",J. DE JUANES
Bebidas,Vinos tintos,Vino Tinto Crianza D.O.Rioja 375 ml,"5,31 € / 1 L","1,99 €",DUQUE NARDOS
Bebidas,Vinos tintos,"Vino Tinto Reserva D.O.Rioja 0,75 L","5,47 € / 1 L","4,10 €",DUQUE NARDOS
Bebidas,Vinos tintos,"Vino Tinto Ecológico D.O.El Terrerazo 0,75 L","14,00 € / 1 L","10,50 €",MESTIZAJE
Bebidas,Vinos tintos,"Vino Tinto Reserva D.O.Ribera del Duero 0,75 L","13,32 € / 1 L","9,99 €",ALT.TAMARON
Bebidas,Vinos tintos,"Vino TInto Roble D.O.Utiel-Requena 0,75 L","4,92 € / 1 L","3,69 €",DOMN.DUQUES
Bebidas,Vinos tintos,"Vino Tinto Crianza D.O.Navarra 0,75 L","3,99 € / 1 L","2,99 €",VIÑA LERDEN
Bebidas,Vinos tintos,"Vino Tinto Roble D.O.Toro 0,75 L","5,85 € / 1 L","4,39 €",BAJOZ
Bebidas,Vinos tintos,"Vino Tinto Reserva D.O.Valdepeñas 0,37 L","7,60 € / 1 L","2,85 €",VIÑA ALBALI
Bebidas,Vinos tintos,"Vino Tinto Crianza D.O.Ribera del Duero 0,37 L","11,44 € / 1 L","4,29 €",ALT.TAMARON
Bebidas,Vinos tintos,"Vino Tinto Crianza D.O.Rioja 0,75 L","13,32 € / 1 L","9,99 €",RAMON BILBAO
Bebidas,Vinos tintos,"Vino Tinto Ecológico D.O.Alicante 0,75 L","5,85 € / 1 L","4,39 €",EKO
Bebidas,Vinos tintos,"Vino Tinto D.O.Cataluña 0,37 L","8,40 € / 1 L","3,15 €",SANGRE TORO
Bebidas,Vinos tintos,"Vino Tinto Roble D.O.Ribera del Duero 0,75 L","10,65 € / 1 L","7,99 €",PORTIA
Bebidas,Vinos tintos,"Vino Tinto Vendimia Seleccionada D.O.Rioja 0,75 L","8,79 € / 1 L","6,59 €",CAMPO VIEJO
Bebidas,Vinos tintos,"Vino Tinto Crianza D.O.Ribera del Duero 0,75 L","16,67 € / 1 L","12,50 €",CONDADO HAZA
Bebidas,Vinos tintos,"Vino Tinto Roble D.O.Toro 0,75 L","3,87 € / 1 L","2,90 €",DEHES.VIEJAS
Bebidas,Vinos tintos,"Vino Tinto Vendimia Selección D.O.Rioja 0,75 L","7,32 € / 1 L","5,49 €",FAUST.RIVERO
Bebidas,Vinos tintos,"Vino Tinto D.O.Valencia 0,75 L","13,20 € / 1 L","9,90 €",LES ALCUSSES
Bebidas,Vinos tintos,"Vino Tinto Joven D.O.Ribera del Duero 0,75 L","8,39 € / 1 L","6,29 €",M.BERDUGO
Bebidas,Vinos tintos,"Vino Tinto Crianza D.O.Rioja 0,75 L","10,27 € / 1 L","7,70 €",LOPEZ HARO
Bebidas,Vinos tintos,"Vino Tinto Petit Verdot D.O.Valencia 0,75 L","5,19 € / 1 L","3,89 €",MURVIEDRO
Bebidas,Vinos tintos,"Vino Tinto Crianza D.O.Utiel-Requena 0,75 L","3,00 € / 1 L","2,25 €",BARRICA 88
Bebidas,Vinos tintos,"Vino Tinto Roble D.O.Ribera del Duero 0,75 L","9,85 € / 1 L","7,39 €",VIÑA MAYOR
Bebidas,Vinos tintos,"Vino Tinto 10 Meses D.O.Ribera del Duero 0,75 L","11,99 € / 1 L","8,99 €",PRADOREY
Bebidas,Vinos tintos,"Vino Tinto Reserva D.O.Ribera del Duero 0,75 L","8,00 € / 1 L","6,00 €",DEHES.VIEJAS
Bebidas,Vinos tintos,"Vino Tinto Crianza D.O.Rioja 0,37 L","14,37 € / 1 L","5,39 €",AZPILICUETA
Bebidas,Vinos tintos,"Vino Tinto Crianza D.O.Jumilla 0,75 L","16,67 € / 1 L","12,50 €",JUAN GIL
Bebidas,Vinos tintos,"Vino Tinto I.G.P. Ribera del Queiles 0,75 L","10,39 € / 1 L","7,79 €",GAR.SALVAJE
Bebidas,Vinos tintos,"Vino Tinto Reserva D.O.Valdepeñas 0,75 L","2,67 € / 1 L","2,00 €",CAST.MENARA
Bebidas,Vinos tintos,"Vino Tinto Crianza D.O.Navarra 0,75 L","6,65 € / 1 L","4,99 €",HOMENAJE
Bebidas,Vinos tintos,"Vino Tinto D.O.Ribera del Duero 0,75 L","13,07 € / 1 L","9,80 €",FIN.RESALSO
Bebidas,Vinos tintos,"Vino Tinto D.O.Ribera del Duero 0,75 L","28,67 € / 1 L","21,50 €",EMILIO MORO
Bebidas,Vinos tintos,"Vino Tinto Crianza D.O.Valencia 0,75 L","9,32 € / 1 L","6,99 €",MALA VIDA
Bebidas,Vinos tintos,"Vino Tinto Reserva D.O.Ribera del Duero 0,75 L","40,67 € / 1 L","30,50 €",PROTOS
Bebidas,Vinos tintos,"Vino Tinto Roble D.O.Somontano 0,75 L","6,25 € / 1 L","4,69 €",VINITIUM
Bebidas,Vinos tintos,"Vino Tinto D.O.Rioja 0,75 L","7,32 € / 1 L","5,49 €",MARQ.CONCORD
Bebidas,Vinos tintos,"Vino Tinto D.O. Utiel Requena 0,75 L","9,72 € / 1 L","7,29 €",EL MIRACLE
Bebidas,Vinos tintos,"Vino Tinto Reserva D.O. Rioja 0,75 L","10,25 € / 1 L","7,69 €",FAUST.RIVERO
Bebidas,Vinos tintos,"Vino Tinto D.O. Almansa 0,75 L","8,65 € / 1 L","6,49 €",LAYA
Bebidas,Vinos tintos,"Vino Tinto Crianza D.O. Rioja 0,75 L","15,93 € / 1 L","11,95 €",LUIS CAÑAS
Bebidas,Vinos tintos,"Vino Tinto Reserva D.O.Somontano 0,75 L","14,53 € / 1 L","10,90 €",SOMMOS
Bebidas,Vinos tintos,"Vino Tinto Crianza D.O. Mancha 0,75 L","2,20 € / 1 L","1,65 €",VIÑAS SEÑORI
Bebidas,Vinos tintos,"Vino Tinto Crianza D.O. Utiel Requena 0,75 L","7,99 € / 1 L","5,99 €",C.SURIA
Bebidas,Vinos tintos,"Vino Tinto Roble D.O.Ribera del Duero 0,75 L","8,92 € / 1 L","6,69 €",VALDERIVERO
Bebidas,Vinos tintos,"Vino Tinto 14 Meses D.O. Ribera del Duero 0,75 L","11,99 € / 1 L","8,99 €",409
Bebidas,Vinos tintos,"Vino Tinto D.O. Ribera del Duero 0,75 L","16,67 € / 1 L","12,50 €",PRUNO
Bebidas,Vinos tintos,"Vino Tinto Crianza D.O. Rioja 0,75 L","11,93 € / 1 L","8,95 €",VIÑA POMAL
Bebidas,Vinos tintos,"Vino Tinto D.O. Ribera del Duero 0,75 L","13,32 € / 1 L","9,99 €",SEMELE
Bebidas,Vinos tintos,"Vino Tinto Monastrell Vino de la Tierra 0,75 L","6,65 € / 1 L","4,99 €",GUARDIANES
Bebidas,Vinos tintos,"Vino Tinto Temp-Shiraz Reg. Castilla La Mancha 0,75 L","3,20 € / 1 L","2,40 €",EL GARABATO
Bebidas,Vinos tintos,"Vino Tinto Merlot Reg. Castilla La Mancha 0,75 L","3,20 € / 1 L","2,40 €",EL GARABATO
Bebidas,Vinos tintos,"Vino Tinto Crianza D.O. Utiel Requena 0,75 L","5,32 € / 1 L","3,99 €",HOYA CADENAS
Bebidas,Vinos tintos,"Vino Tinto Crianza D.O. Rioja 0,75 L","14,60 € / 1 L","10,95 €",IZADI
Bebidas,Zumos y néctares,"Zumo Uva,Melocotón y Manzana Brik 1 L","1,00 € / 1 L","1,10 €
1,00 €",CONSUM
Bebidas,Zumos y néctares,Zumo Exprimido Naranja Sin pulpa - Brik 1 L,"1,99 € / 1 L","2,95 €
1,99 €",DON SIMON
Bebidas,Zumos y néctares,Zumo Exprimido Naranja Con Pulpa - Brik 1 L,"1,99 € / 1 L","2,95 €
1,99 €",DON SIMON
Bebidas,Zumos y néctares,"Refresco Naranja Florida Botella 1,25 L","1,32 € / 1 L","1,95 €
1,65 €",SUNNY
Bebidas,Zumos y néctares,Fruta Leche Tropical Zero. Brik 1 L,"1,45 € / 1 L","1,45 €",DON SIMON
Bebidas,Zumos y néctares,Bebida a base de zumo Pomelo Rosa Pet 1 L,"2,79 € / 1 L","2,79 €",GRANINI
Bebidas,Zumos y néctares,Néctar Piña Disfruta sin Azúcar Añadido Pack 6 x 200 ml,"1,41 € / 1 L","1,89 €
1,69 €",DON SIMON
Bebidas,Zumos y néctares,"Refresco Naranja Refrigerado 1,5 L","1,06 € / 1 L","1,85 €
1,59 €",SIMON LIFE
Bebidas,Zumos y néctares,"Refresco Mandarina Refrigerado 1,5 L","1,06 € / 1 L","1,85 €
1,59 €",SIMON LIFE
Bebidas,Zumos y néctares,Refresco Naranja Refrigerado Pack 4 Ud 4 x 200 ml,"1,86 € / 1 L","1,75 €
1,49 €",SIMON LIFE
Bebidas,Zumos y néctares,Néctar Pera Botella Pet 1 L,"2,79 € / 1 L","2,79 €",GRANINI
Bebidas,Zumos y néctares,Néctar Melocotón Disfrut sin Azúcar Añadido Pack 6 x 200 ml,"1,41 € / 1 L","1,89 €
1,69 €",DON SIMON
Bebidas,Zumos y néctares,Néctar Piña sin Azúcar Añadido Brik 2 L,"1,50 € / 1 L","3,79 €
2,99 €",JUVER
Bebidas,Zumos y néctares,Kombucha Frutos Rojos Bebida Orgánica 250 ml,"8,60 € / 1 L","2,59 €
2,15 €",KOMVIDA
Bebidas,Zumos y néctares,Zumo Exprimido Piña Brik 1 L,"1,99 € / 1 L","2,29 €
1,99 €",DON SIMON
Bebidas,Zumos y néctares,Kombucha Jengibre y Limón Bebida Orgánica 250 ml,"8,60 € / 1 L","2,59 €
2,15 €",KOMVIDA
Bebidas,Zumos y néctares,Néctar Melocotón sin Azúcar Anadido Brik 2 L,"1,50 € / 1 L","3,79 €
2,99 €",JUVER
Bebidas,Zumos y néctares,Limonada con Jengibre 1 L,"2,39 € / 1 L","2,69 €
2,39 €",FRUTAE
Bebidas,Zumos y néctares,Kombucha Supergreen Bebida Orgánica 250 ml,"8,60 € / 1 L","2,59 €
2,15 €",KOMVIDA
Bebidas,Zumos y néctares,Nectar S/Azúcar Naranja y Uva 2 L,"1,50 € / 1 L","3,79 €
2,99 €",JUVER
Bebidas,Zumos y néctares,Néctar Naranja Botella Pet 1 L,"2,99 € / 1 L","2,99 €",GRANINI
Bebidas,Zumos y néctares,Bifrutas Tropical Pack de 3 3 x 330 ml,"2,52 € / 1 L","2,49 €",BIFRUTAS
Bebidas,Zumos y néctares,Zumo Manzana Concentrado Brik 1 L,"0,65 € / 1 L","0,65 €",CONSUM
Bebidas,Zumos y néctares,Zumo Naranja-Mandarina Concentrado Brik 1 L,"1,29 € / 1 L","1,29 €",CONSUM
Bebidas,Zumos y néctares,"Zumo Piña,Uva, Manzana Concentrado Brik 1 L","0,90 € / 1 L","0,90 €",CONSUM
Bebidas,Zumos y néctares,Zumo con Leche Tropical 3 x 330 ml,"1,01 € / 1 L","1,00 €",CONSUM
Bebidas,Zumos y néctares,Zumo con Leche Mediterráneo 3 x 330 ml,"1,01 € / 1 L","1,00 €",CONSUM
Bebidas,Zumos y néctares,"Zumo Piña,Uva, Manzana Concentrado Pack de 6 6 x 200 ml","1,17 € / 1 L","1,40 €",CONSUM
Bebidas,Zumos y néctares,"Zumo Melocotón,Uva y Manzana Pack de 6 6 x 200 ml","1,25 € / 1 L","1,50 €",CONSUM
Bebidas,Zumos y néctares,Zumo Piña Manzana Uva Concentrado Pack de 6 6 x 200 ml,"1,66 € / 1 L","1,99 €",DON SIMON
Bebidas,Zumos y néctares,Bifrutas Tropical Pack de 6 6 x 200 ml,"1,99 € / 1 L","2,39 €",BIFRUTAS
Bebidas,Zumos y néctares,Bifrutas Tropical 1 L,"2,29 € / 1 L","2,29 €",BIFRUTAS
Bebidas,Zumos y néctares,"Néctar Naranja Disfruta sin Azúcar Añadido Pet 1,5 L","1,66 € / 1 L","2,49 €",DON SIMON
Bebidas,Zumos y néctares,"Néctar Piña Disfruta sin Azúcar Añadido Pet 1,5 L","1,30 € / 1 L","1,95 €",DON SIMON
Bebidas,Zumos y néctares,"Néctar Mango Manzana sin Azúcar Añadido Pet 1,5 L","1,30 € / 1 L","1,95 €",DON SIMON
Bebidas,Zumos y néctares,"Néctar Naranja Zanahoria Mango sin Azúcar Añ. Pet 1,5 L","1,30 € / 1 L","1,95 €",DON SIMON
Bebidas,Zumos y néctares,Zumo+Leche Mediterráneo 6 x 200 ml,"1,00 € / 1 L","1,20 €",CONSUM
Bebidas,Zumos y néctares,Zumo+Leche Tropical 6 x 200 ml,"1,00 € / 1 L","1,20 €",CONSUM
Bebidas,Zumos y néctares,Fruta Leche Caribe Zero. Pack de 6 6 x 200 ml,"1,46 € / 1 L","1,75 €",DON SIMON
Bebidas,Zumos y néctares,Fruta Leche Tropical Zero. Pack de 6 6 x 200 ml,"1,46 € / 1 L","1,75 €",DON SIMON
Bebidas,Zumos y néctares,Néctar Piña Light Botella Pet 1 L,"0,90 € / 1 L","0,90 €",CONSUM
Bebidas,Zumos y néctares,Néctar Naranja Light Pet 1 L,"0,95 € / 1 L","0,95 €",CONSUM
Bebidas,Zumos y néctares,Néctar Mango Manzana Light Pet 1 L,"0,99 € / 1 L","0,99 €",CONSUM
Bebidas,Zumos y néctares,Néctar Antiox Light Botella Pet 1 L,"1,65 € / 1 L","1,65 €",CONSUM
Bebidas,Zumos y néctares,Zumo Exprimido Naranja Sin pulpa - Brik 1 L,"1,75 € / 1 L","1,75 €",CONSUM
Bebidas,Zumos y néctares,Néctar Frutas del Bosque Brik 1 L,"1,69 € / 1 L","1,69 €",DON SIMON
Bebidas,Zumos y néctares,Bebida Multivitaminas Brik 2 L,"0,63 € / 1 L","1,25 €",DON SIMON
Bebidas,Zumos y néctares,Bifrutas Tropical Zero Pack de 6 6 x 200 ml,"1,99 € / 1 L","2,39 €",BIFRUTAS
Bebidas,Zumos y néctares,Fruta Leche Melón Sandía Zero Pack 6x200 6 x 200 ml,"1,46 € / 1 L","1,75 €",DON SIMON
Bebidas,Zumos y néctares,Zumo Piña Manzana Uva Concentrado Brik 1 L,"1,49 € / 1 L","1,49 €",DON SIMON
Bebidas,Zumos y néctares,Zumo Naranja Concentrado Brik 1 L,"2,25 € / 1 L","2,25 €",DON SIMON
Bebidas,Zumos y néctares,Zumo Manzana Concentrado Pack de 6 6 x 200 ml,"0,93 € / 1 L","1,12 €",CONSUM
Bebidas,Zumos y néctares,Néctar Piña Light Pack de 6 6 x 200 ml,"1,13 € / 1 L","1,35 €",CONSUM
Bebidas,Zumos y néctares,Néctar Piña Botella Pet 1 L,"2,79 € / 1 L","2,79 €",GRANINI
Bebidas,Zumos y néctares,Bebida a base de Zumo de Melocotón Pet 1 L,"2,79 € / 1 L","2,79 €",GRANINI
Bebidas,Zumos y néctares,Zumo Melocotón y Uva Concentrado Pack de 6 6 x 200 ml,"1,66 € / 1 L","1,99 €",DON SIMON
Bebidas,Zumos y néctares,Néctar de Frutas Pack de 6 6 x 200 ml,"1,42 € / 1 L","1,70 €",CONSUM KIDS
Bebidas,Zumos y néctares,Néctar Piña Pet 1 L,"1,00 € / 1 L","1,00 €",CONSUM
Bebidas,Zumos y néctares,Néctar Frutos del Bosque Pack 6 6 x 200 ml,"1,75 € / 1 L","2,10 €",DON SIMON
Bebidas,Zumos y néctares,Naranja para Zumo Malla 4 Kg,"1,35 € / 1 Kg","5,40 €",
Bebidas,Zumos y néctares,Zumo Tropical Brik 1 L,"1,39 € / 1 L","1,39 €",CONSUM
Bebidas,Zumos y néctares,Limonada 100% Exprimida 1 L,"2,45 € / 1 L","2,45 €",FRUTAE
Bebidas,Zumos y néctares,Zumo de Naranja sin Pulpa 750 ml,"2,87 € / 1 L","2,15 €",FRUTAE
Bebidas,Zumos y néctares,Zumo Smoothie Mango y Maracuyá 750 ml,"3,13 € / 1 L","2,35 €",DON SIMON
Bebidas,Zumos y néctares,Zumo de Naranja con Pulpa 750 ml,"2,87 € / 1 L","2,15 €",FRUTAE
Bebidas,Zumos y néctares,Zumo Naranja-Mandarina Concentrado Pack de 6 6 x 200 ml,"1,41 € / 1 L","1,69 €",CONSUM
Bebidas,Zumos y néctares,Zumo Naranja Concentrado Pack de 6 6 x 200 ml,"2,41 € / 1 L","2,89 €",DON SIMON
Bebidas,Zumos y néctares,Néctar Melocotón Light Botella Pet 1 L,"1,00 € / 1 L","1,00 €",CONSUM
Bebidas,Zumos y néctares,"Zumo Exprimido Naranja Sin pulpa - Minibrik 3 x 0,2 L","2,33 € / 1 L","1,40 €",CONSUM
Bebidas,Zumos y néctares,Néctar Melocotón Pet 1 L,"1,29 € / 1 L","1,29 €",CONSUM
Bebidas,Zumos y néctares,Zumo Tropical Consum Pack de 6 6 x 200 ml,"1,49 € / 1 L","1,79 €",CONSUM
Bebidas,Zumos y néctares,Néctar Naranja Light Pack de 6 6 x 200 ml,"1,46 € / 1 L","1,75 €",CONSUM
Bebidas,Zumos y néctares,Néctar Melocotón Light Pack de 6 6 x 200 ml,"1,25 € / 1 L","1,50 €",CONSUM
Bebidas,Zumos y néctares,Bebida Refrescante Tinto Uva y Manzana 1 L,"1,60 € / 1 L","1,60 €",C.SALOBREÑA
Bebidas,Zumos y néctares,Zumo Exprimido Piña Uva sin Pulpa Minibrik 4 x 125 ml,"2,70 € / 1 L","1,35 €",DON SIMON
Bebidas,Zumos y néctares,Bebida Refresc. Blanco Uva y Manzana 1 L,"1,60 € / 1 L","1,60 €",C.SALOBREÑA
Bebidas,Zumos y néctares,Zumo Tomate Brik 1 L,"1,05 € / 1 L","1,05 €",CONSUM
Bebidas,Zumos y néctares,Zumo Veggie Calabaza Zanahoria-Mango-Manza 1 L,"2,35 € / 1 L","2,35 €",JUVER
Bebidas,Zumos y néctares,Zumo Veggie Remolacha Frutos Bosque-Zanahoria 1 L,"2,35 € / 1 L","2,35 €",JUVER
Bebidas,Zumos y néctares,Néctar Piña Pack de 3 3 x 200 ml,"2,75 € / 1 L","1,65 €",GRANINI
Bebidas,Zumos y néctares,Bebida a base de Zumo Melocotón Tetabrik Pack de 3 3x200 ml,"2,75 € / 1 L","1,65 €",GRANINI
Bebidas,Zumos y néctares,Zumo Manzana 100% Premium Pet 1 L,"2,89 € / 1 L","2,89 €",GRANINI
Bebidas,Zumos y néctares,"Néctar Melocotón Botella 0,33 L","4,09 € / 1 L","1,35 €",GRANINI
Bebidas,Zumos y néctares,Néctar Piña Sin Azúcar Añadido Brik 6 x 200 ml,"2,49 € / 1 L","2,99 €",JUVER
Bebidas,Zumos y néctares,Bebida Multifrutas Brik 2 L,"0,63 € / 1 L","1,25 €",BAHAMAS
Bebidas,Zumos y néctares,Néctar Maracuyá Sin Azúcar Añadido Brik 1 L,"1,99 € / 1 L","1,99 €",JUVER
Bebidas,Zumos y néctares,Zumo Recién Exprimido de Naranja 1L,"4,79 € / 1 L","4,79 €",
Bebidas,Zumos y néctares,Bebida Piña Coco Botella 1 L,"1,19 € / 1 L","1,19 €",CONSUM
Bebidas,Zumos y néctares,Zumo Piña 100% Free 1 L,"1,99 € / 1 L","1,99 €",JUVER
Bebidas,Zumos y néctares,Bebida Granada Light Botella 1 L,"0,99 € / 1 L","0,99 €",CONSUM
Bebidas,Zumos y néctares,Zumo de Frutas y Leche Sabor Tropical P-6 6 x 200 ml,"1,46 € / 1 L","1,75 €",DON SIMON
Bebidas,Zumos y néctares,Zumo de Frutas y Leche Sabor Caribe P-6 6 x 200 ml,"1,46 € / 1 L","1,75 €",DON SIMON
Bebidas,Zumos y néctares,Zumo Manzana Ecológico 1 L,"2,89 € / 1 L","2,89 €",VALFRUTTA
Bebidas,Zumos y néctares,Zumo Naranja con Pulpa Refrigerado 1 L,"1,90 € / 1 L","1,90 €",CONSUM
Bebidas,Zumos y néctares,Zumo Naranja sin Pulpa Refrigerado 1 L,"1,90 € / 1 L","1,90 €",CONSUM
Bebidas,Zumos y néctares,Zumo de Manzana Refrigerado 1 L,"1,50 € / 1 L","1,50 €",CONSUM
Bebidas,Zumos y néctares,Zumo de Piña Costa Rica Refrigerado 1 L,"1,95 € / 1 L","1,95 €",CONSUM
Bebidas,Zumos y néctares,Zumo de Clementina Refrigerado 1 L,"1,70 € / 1 L","1,70 €",CONSUM
Bebidas,Zumos y néctares,Zumo de Granada Refrigerado 330 ml,"4,82 € / 1 L","1,59 €",CONSUM
Bebidas,Zumos y néctares,"Zumo Manzana, Naranja y Zanahoria ACE 1 L","2,29 € / 1 L","2,29 €",CONSUM
Bebidas,Zumos y néctares,"Zumo Manzana, Naranja y Zanahoria ACE 330 ml","2,88 € / 1 L","0,95 €",CONSUM
Bebidas,Zumos y néctares,"Détox con Piña, Hinojo y Alcachofa 330 ml","4,21 € / 1 L","1,39 €",CONSUM
Bebidas,Zumos y néctares,Zumo Exprimido Naranja con Pulpa Brik 1 L,"1,75 € / 1 L","1,75 €",CONSUM
Bebidas,Zumos y néctares,Bebida Naranja Brick 2 L,"0,63 € / 1 L","1,25 €",DON SIMON
Bebidas,Zumos y néctares,Zumo de Piña y Mango Refrigerado 750 ml,"3,72 € / 1 L","2,79 €",FRUTAE
Bebidas,Zumos y néctares,Néctar Pomelo Light Brik 1 L,"1,25 € / 1 L","1,25 €",CONSUM
Bebidas,Zumos y néctares,Zumo Smoothie Mango y Maracuyá 330 ml,"3,48 € / 1 L","1,15 €",DON SIMON
Bebidas,Zumos y néctares,"Néctar Piña Botella 0,33 L","4,09 € / 1 L","1,35 €",GRANINI
Bebidas,Zumos y néctares,"Zumo Avena, Plátano y Coco 750 ml","3,32 € / 1 L","2,49 €",VIA NATURE
Bebidas,Zumos y néctares,Zumo Manzana 100% Free 1 L,"1,99 € / 1 L","1,99 €",JUVER
Bebidas,Zumos y néctares,Zumo de Frutas y Leche Tropical Natural s/Azúcar 240 ml,"3,71 € / 1 L","0,89 €",BIFRUTAS
Bebidas,Zumos y néctares,"Smoothie Kiwi, Piña con Spirulina 250 ml","3,96 € / 1 L","0,99 €",FRUTAE
Bebidas,Zumos y néctares,Bebida de Multifrutas con 11 Vitaminas Pet 1 L,"2,79 € / 1 L","2,79 €",GRANINI
Bebidas,Zumos y néctares,Bebida Arándanos y Uva Antiox PET 1 L,"2,79 € / 1 L","2,79 €",GRANINI
Bebidas,Zumos y néctares,Néctar Naranja y Zanahoria Clásico PET 1 L,"2,79 € / 1 L","2,79 €",GRANINI
Bebidas,Zumos y néctares,Zumo Tropical con Kale Refrigerado 750 ml,"2,87 € / 1 L","2,15 €",FRUTAE
Bebidas,Zumos y néctares,Zumo Multifrutas 100% Free 1 L,"1,99 € / 1 L","1,99 €",JUVER
Bebidas,Zumos y néctares,"Refresco Naranja Florida Botellín 0,33 L","2,73 € / 1 L","0,90 €",SUNNY
Bebidas,Zumos y néctares,"Refresco Blue Frutas del Bosque 0,33 L","2,73 € / 1 L","0,90 €",SUNNY
Bebidas,Zumos y néctares,Smoothie Frutos Rojos 250 ml,"3,96 € / 1 L","0,99 €",FRUTAE
Bebidas,Zumos y néctares,Smoothie Mango y Coco 250 ml,"3,96 € / 1 L","0,99 €",FRUTAE
Bebidas,Zumos y néctares,Kombucha Lemon Fantasy 250 ml,"8,76 € / 1 L","2,19 €",FLAX & KALE
Bebidas,Zumos y néctares,Zumo de Frutas y Avena Sabor Tropical 240 ml,"4,13 € / 1 L","0,99 €",BIFRUTAS
Bebidas,Zumos y néctares,"Mosto Tinto Pet 1,5 L","1,33 € / 1 L","2,00 €",DON SIMON
Bebidas,Zumos y néctares,"Mosto Blanco Pet 1,5 L","1,33 € / 1 L","2,00 €",DON SIMON
Bebidas,Zumos y néctares,Zumo Frutos Rojos y Granada 750 ml,"3,32 € / 1 L","2,49 €",VIA NATURE
Frescos,Carnicería,Filete Primera A de Añojo,"15,75 € / 1 Kg","4,95 €
4,73 €",CONSUM
Frescos,Carnicería,Albondiga Mixta 375 Gr,"8,00 € / 1 Kg","3,25 €
3,00 €",CONSUM
Frescos,Carnicería,Lomo Adobado Extra,"6,74 € / 1 Kg","2,56 €
2,36 €",LORIENTE
Frescos,Carnicería,Burger Ternera Gallega 240 Gr,"15,21 € / 1 Kg","3,95 €
3,65 €",COREN
Frescos,Carnicería,Burger Crispy Chicken 240 Gr,"8,71 € / 1 Kg","2,29 €
2,09 €",ALDELIS
Frescos,Carnicería,Compango Asturiano 250 Gr,"10,76 € / 1 Kg","2,95 €
2,69 €",MAYBE
Frescos,Carnicería,Chorizo Extra Asturiano 250 Gr,"10,96 € / 1 Kg","2,99 €
2,74 €",MAYBE
Frescos,Carnicería,Pechuga de Pollo,"6,99 € / 1 Kg","4,21 €",CONSUM
Frescos,Carnicería,Pollo Limpio,"3,25 € / 1 Kg","6,50 €",CONSUM
Frescos,Carnicería,Muslitos de Pollo,"4,35 € / 1 Kg","3,06 €",CONSUM
Frescos,Carnicería,Contramuslos sin Piel,"4,75 € / 1 Kg","3,35 €",CONSUM
Frescos,Carnicería,Carcasas de Pollo,"1,55 € / 1 Kg","1,55 €",CONSUM
Frescos,Carnicería,Cuarto Trasero de Pollo,"3,70 € / 1 Kg","2,61 €",CONSUM
Frescos,Carnicería,Filetes Pechuga de Pollo,"7,85 € / 1 Kg","4,73 €",CONSUM
Frescos,Carnicería,Pelota de Cocido,"8,29 € / 1 Kg","1,66 €",CONSUM
Frescos,Carnicería,Preparado Picada de Vacuno 400 Gr,"8,63 € / 1 Kg","3,45 €",CONSUM
Frescos,Carnicería,Preparado Picada Mixta 400 Gr,"7,63 € / 1 Kg","3,05 €",CONSUM
Frescos,Carnicería,Longaniza Tipo Requena,"11,49 € / 1 Kg","4,60 €",CONSUM
Frescos,Carnicería,Preparado Picada de Cerdo 400 Gr,"6,38 € / 1 Kg","2,55 €",CONSUM
Frescos,Carnicería,Preparado para Cocido,"7,89 € / 1 Kg","7,89 €",CONSUM
Frescos,Carnicería,Longaniza Extra,"6,89 € / 1 Kg","3,10 €",CONSUM
Frescos,Carnicería,Burger Mixta 4 Unidades 320 Gr,"8,59 € / 1 Kg","2,75 €",CONSUM
Frescos,Carnicería,Brocheta de Pollo 320 Gr,"9,03 € / 1 Kg","2,89 €",CONSUM
Frescos,Carnicería,Burger Americana 2 Unidades 300 Gr,"13,30 € / 1 Kg","3,99 €",ROLER
Frescos,Carnicería,Morcilla de Burgos 265 Gr,"5,81 € / 1 Kg","1,54 €",MARI PAZ
Frescos,Carnicería,Solomillo de Cerdo,"8,80 € / 1 Kg","4,40 €",CONSUM
Frescos,Carnicería,Filete Lomo de Cerdo,"7,19 € / 1 Kg","3,60 €",CONSUM
Frescos,Carnicería,Chuleta Lomo de Cerdo,"6,59 € / 1 Kg","3,64 €",CONSUM
Frescos,Carnicería,Costilla de Cerdo,"7,84 € / 1 Kg","4,72 €",CONSUM
Frescos,Carnicería,Filetes Panceta de Cerdo,"7,11 € / 1 Kg","3,56 €",CONSUM
Frescos,Carnicería,Estofado de Cerdo,"6,25 € / 1 Kg","3,45 €",CONSUM
Frescos,Carnicería,Patas de cerdo Bandeja,"6,20 € / 1 Kg","2,79 €",CONSUM
Frescos,Carnicería,Preparado Arroz al Horno,"7,99 € / 1 Kg","5,22 €",EMBUENA
Frescos,Carnicería,Carrillada de Cerdo,"13,75 € / 1 Kg","5,50 €",CONSUM
Frescos,Carnicería,Chuletas Palo/Riñonada - Servicio todos los días excepto lunes y martes,"25,50 € / 1 Kg","12,75 €",CONSUM
Frescos,Carnicería,Gallina para Caldo,"4,90 € / 1 Kg","2,21 €",CONSUM
Frescos,Carnicería,Alas de Pollo,"4,70 € / 1 Kg","3,53 €",CONSUM
Frescos,Carnicería,Pollo Troceado,"4,09 € / 1 Kg","3,68 €",CONSUM
Frescos,Carnicería,Espinazo de Cerdo,"4,49 € / 1 Kg","1,12 €",CONSUM
Frescos,Carnicería,Pechuga de Pavo Fileteada,"8,99 € / 1 Kg","4,50 €",CONSUM
Frescos,Carnicería,Contramuslos de Pollo Deshuesados,"7,39 € / 1 Kg","4,08 €",CONSUM
Frescos,Carnicería,Chuleta de Aguja,"6,39 € / 1 Kg","4,18 €",CONSUM
Frescos,Carnicería,Carpaccio Marinado 110 Gr,"35,00 € / 1 Kg","3,85 €",ROLER
Frescos,Carnicería,Burger de Vacuno 4 Unidades 360 Gr,"8,33 € / 1 Kg","3,00 €",CONSUM
Frescos,Carnicería,Longaniza Blanca sin Tripa 445 Gr,"5,89 € / 1 Kg","2,62 €",SERRANO
Frescos,Carnicería,Solomillo de Pollo .,"8,39 € / 1 Kg","4,20 €",CONSUM
Frescos,Carnicería,Alas Partidas de Pollo,"5,49 € / 1 Kg","2,75 €",CONSUM
Frescos,Carnicería,Preparado Picada Mixta Boloñesa 250 Gr,"11,40 € / 1 Kg","2,85 €",CONSUM
Frescos,Carnicería,Arreglo para Paella de Pollo y Conejo,"7,15 € / 1 Kg","6,11 €",CONSUM
Frescos,Carnicería,Burger Angus 2 Unidades 240 Gr,"16,63 € / 1 Kg","3,99 €",ROLER
Frescos,Carnicería,Mini Brocheta Grill 240 Gr,"12,46 € / 1 Kg","2,99 €",CONSUM
Frescos,Carnicería,Tortitas Pizza 270 Gr,"10,33 € / 1 Kg","2,79 €",ALDELIS
Frescos,Carnicería,Hamburguesa Pollo y Espinacas 4 Unidades 313 Gr,"11,02 € / 1 Kg","3,45 €",ALDELIS
Frescos,Carnicería,Pechuga de Pavo Adobado 330 Gr,"12,09 € / 1 Kg","3,99 €",SERRANO
Frescos,Carnicería,Preparado Picada Pollo 400 Gr,"9,13 € / 1 Kg","3,65 €",CONSUM
Frescos,Carnicería,San Jacobo 300 Gr,"10,00 € / 1 Kg","3,00 €",CONSUM
Frescos,Carnicería,Burger Meat Pollo 4 Unidades 360 Gr,"7,64 € / 1 Kg","2,75 €",CONSUM
Frescos,Carnicería,Pechuga de Pavo Adobada Ajillo,"9,75 € / 1 Kg","4,39 €",ALDELIS
Frescos,Carnicería,Chuletas de Pavo Marinadas al Ajillo,"8,20 € / 1 Kg","4,10 €",ALDELIS
Frescos,Carnicería,Burger Entrecot Aguja 2 Unidades 240 Gr,"16,46 € / 1 Kg","3,95 €",ROLER
Frescos,Carnicería,Cabeza Lomo de Cerdo,"6,84 € / 1 Kg","4,12 €",CONSUM
Frescos,Carnicería,Medio Conejo Troceado,"9,20 € / 1 Kg","6,01 €",CONSUM
Frescos,Carnicería,Escalopín Lomo Familiar,"7,09 € / 1 Kg","7,79 €",CONSUM
Frescos,Carnicería,Magro Adobado 330 Gr,"9,06 € / 1 Kg","2,99 €",SERRANO
Frescos,Carnicería,Preparado Picada Mixta 250 Gr,"11,40 € / 1 Kg","2,85 €",CONSUM
Frescos,Carnicería,Embutido Mixto,"8,69 € / 1 Kg","4,35 €",CONSUM
Frescos,Carnicería,Mini Brocheta Curry 240 Gr,"12,46 € / 1 Kg","2,99 €",CONSUM
Frescos,Carnicería,Escalopín de Lomo Tierno 600 Gr,"9,32 € / 1 Kg","5,59 €",ELPOZO
Frescos,Carnicería,Chorizo Tipo Pueblo,"7,99 € / 1 Kg","3,60 €",CONSUM
Frescos,Carnicería,Barbacoa Mini,"8,49 € / 1 Kg","2,55 €",CONSUM
Frescos,Carnicería,Botifarrón de Carne,"8,29 € / 1 Kg","2,49 €",CONSUM
Frescos,Carnicería,Morcilla de Cebolla Oreada,"7,29 € / 1 Kg","2,56 €",CONSUM
Frescos,Carnicería,Blanquet,"7,49 € / 1 Kg","1,87 €",CONSUM
Frescos,Carnicería,Hígado de Cordero - Servicio todos los días excepto lunes y martes,"11,50 € / 1 Kg","4,60 €",CARNES FRESC
Frescos,Carnicería,Forro de Cerdo,"6,39 € / 1 Kg","3,20 €",CONSUM
Frescos,Carnicería,Lomo Añojo,"21,95 € / 1 Kg","6,59 €",CONSUM
Frescos,Carnicería,Blanco y Rojo,"9,49 € / 1 Kg","4,27 €",CONSUM
Frescos,Carnicería,Tocino de Cerdo,"4,75 € / 1 Kg","0,95 €",CONSUM
Frescos,Carnicería,Patas de Ternera,"8,25 € / 1 Kg","2,06 €",CONSUM
Frescos,Carnicería,Ossobuco de Cerdo,"6,99 € / 1 Kg","2,80 €",CONSUM
Frescos,Carnicería,Chuletas de Paletilla,"20,50 € / 1 Kg","8,20 €",CONSUM
Frescos,Carnicería,Chuletas de Cuello - Servicio todos los días excepto lunes y martes,"13,00 € / 1 Kg","4,56 €",CONSUM
Frescos,Carnicería,Garreta / Brazuelo - Servicio todos los días excepto lunes y martes,"13,00 € / 1 Kg","7,18 €",CONSUM
Frescos,Carnicería,Chuletas de Pierna - Servicio todos los días excepto lunes y martes,"19,00 € / 1 Kg","9,50 €",CONSUM
Frescos,Carnicería,Paletillas de Conejo,"17,35 € / 1 Kg","6,09 €",CONSUM
Frescos,Carnicería,Entrecot de Novillo Argentino,"38,50 € / 1 Kg","11,56 €",CARNES FELIX
Frescos,Carnicería,Secreto de Cerdo,"7,10 € / 1 Kg","4,28 €",CONSUM
Frescos,Carnicería,Carrillada de Vacuno,"16,50 € / 1 Kg","5,79 €",CONSUM
Frescos,Carnicería,Lomos de Conejo,"13,40 € / 1 Kg","4,70 €",CONSUM
Frescos,Carnicería,Estofado de Pavo,"7,90 € / 1 Kg","4,76 €",ALDELIS
Frescos,Carnicería,Pechuga de Pavo Adobada Pimentón,"9,75 € / 1 Kg","4,39 €",ALDELIS
Frescos,Carnicería,Lomo Extra Ajillo,"8,45 € / 1 Kg","2,96 €",LORIENTE
Frescos,Carnicería,Taco Añojo para Guisar,"13,95 € / 1 Kg","2,79 €",CONSUM
Frescos,Carnicería,Solomillo al Romero,"11,50 € / 1 Kg","6,93 €",EL POZO
Frescos,Carnicería,Churrasquitos de Cordero - Servicio todos los días excepto lunes y martes,"14,25 € / 1 Kg","5,70 €",CONSUM
Frescos,Carnicería,Muslo de Pollo Deshuesado,"5,90 € / 1 Kg","2,95 €",CONSUM
Frescos,Carnicería,Cuarto Trasero de Pollo Certificado,"4,95 € / 1 Kg","2,73 €",CONSUM
Frescos,Carnicería,Pechuga Fileteada de Pollo Certificado,"9,50 € / 1 Kg","5,72 €",CONSUM
Frescos,Carnicería,Lomo Adobado Horno Artesano 500 Gr,"9,30 € / 1 Kg","4,65 €",EL POZO
Frescos,Carnicería,Rabo de Cerdo Cocido 500 Gr,"8,38 € / 1 Kg","4,19 €",FERGONVI
Frescos,Carnicería,Alas Partidas de Pollo Certificado,"7,45 € / 1 Kg","3,73 €",CONSUM
Frescos,Carnicería,Burger de Pollo Certificado 2 Unidades 240 Gr,"11,88 € / 1 Kg","2,85 €",CONSUM
Frescos,Carnicería,Cuartos Traseros Pollo Familiar,"3,20 € / 1 Kg","6,40 €",CONSUM
Frescos,Carnicería,Torreznos de Soria,"17,50 € / 1 Kg","3,94 €",LA HOGUERA
Frescos,Carnicería,Bolitas de Carne Cerdo y Ternera 225 Gr,"12,67 € / 1 Kg","2,85 €",CONSUM
Frescos,Carnicería,Pinchos de Pollo al Pimentón 320 Gr,"10,47 € / 1 Kg","3,35 €",CONSUM
Frescos,Carnicería,Costilla de Cerdo Al Ajillo,"10,99 € / 1 Kg","7,74 €",
Frescos,Carnicería,Costilla de Cerdo Adobada,"10,99 € / 1 Kg","7,74 €",
Frescos,Carnicería,Lomo Cerdo Ibérico,"25,99 € / 1 Kg","8,66 €",FINURA
Frescos,Carnicería,Presa Cerdo Ibérico,"35,99 € / 1 Kg","10,81 €",FINURA
Frescos,Carnicería,Filetes Redondo Añojo,"15,95 € / 1 Kg","5,60 €",CONSUM
Frescos,Carnicería,Filete 1ª de Añojo Planchar-Freír,"14,95 € / 1 Kg","5,25 €",CONSUM
Frescos,Carnicería,Filete Extra Fino Pechuga de Pollo,"9,29 € / 1 Kg","3,26 €",CONSUM
Frescos,Carnicería,Oreja Cerdo Cocida y Troceada 375 Gr,"8,51 € / 1 Kg","3,19 €",FERGONVI
Frescos,Carnicería,Burger Entrecot de Vaca 240 Gr,"16,46 € / 1 Kg","3,95 €",ROLER
Frescos,Carnicería,Mini Burgers Mixta 280 Gr,"9,64 € / 1 Kg","2,70 €",ROLER
Frescos,Carnicería,Longaniza de Pollo,"7,50 € / 1 Kg","2,78 €",CONSUM
Frescos,Carnicería,Lomo Ibérico Adobado,"25,99 € / 1 Kg","9,12 €",FINURA
Frescos,Carnicería,Pechuga Extrafina Pavo,"10,55 € / 1 Kg","3,77 €",CONSUM
Frescos,Carnicería,Lomo Empanado,"8,99 € / 1 Kg","3,60 €",CONSUM
Frescos,Carnicería,Hamburguesa de Ternera Ecológica 240 Gr,"16,63 € / 1 Kg","3,99 €",COREN
Frescos,Carnicería,Longaniza Pascuera,"11,59 € / 1 Kg","4,07 €",CONSUM
Frescos,Carnicería,Huesos de Ternera,"6,25 € / 1 Kg","1,56 €",CONSUM
Frescos,Carnicería,Muslitos de Pollo Certificado,"6,30 € / 1 Kg","5,21 €",CONSUM
Frescos,Carnicería,Patas de Pollo Limpias,"4,05 € / 1 Kg","1,62 €",CONSUM
Frescos,Carnicería,Codorniz 2 Unidades 300 Gr,"14,50 € / 1 Kg","4,35 €",CONSUM
Frescos,Carnicería,Taquitos Adobados,"8,75 € / 1 Kg","3,07 €",CONSUM
Frescos,Carnicería,Escalopin Lomo Adob. Extra Tierno 600 Gr,"9,32 € / 1 Kg","5,59 €",EL POZO
Frescos,Carnicería,Burger Ibérica 240 Gr,"10,83 € / 1 Kg","2,60 €",EL POZO
Frescos,Carnicería,Chuleta Sajonia,"10,60 € / 1 Kg","4,24 €",EL POZO
Frescos,Carnicería,Higaditos de Pollo 300 Gr,"5,17 € / 1 Kg","1,55 €",CONSUM
Frescos,Carnicería,Mollejas de Pollo 300 Gr,"5,33 € / 1 Kg","1,60 €",CONSUM
Frescos,Carnicería,Chuleta Vaca Madurada,"28,75 € / 1 Kg","8,05 €",DALICIA
Frescos,Carnicería,Solomillo Vaca Madurada,"37,50 € / 1 Kg","11,26 €",DALICIA
Frescos,Carnicería,Albondigas de Pollo 350 Gr,"9,00 € / 1 Kg","3,15 €",CONSUM
Frescos,Carnicería,Burger con Secreto de Cerdo 240 Gr,"12,04 € / 1 Kg","2,89 €",ROLER
Frescos,Carnicería,Preparado Caldo Suave,"5,89 € / 1 Kg","5,31 €",CONSUM
Frescos,Carnicería,Costillitas de Conejo,"8,45 € / 1 Kg","3,38 €",CONSUM
Frescos,Carnicería,Pincho Andaluz de Cerdo,"11,50 € / 1 Kg","3,45 €",ROLER
Frescos,Carnicería,Chuleta de Pavo,"8,05 € / 1 Kg","4,85 €",CONSUM
Frescos,Carnicería,Pechuga Pollo Marinada al Ajillo,"8,29 € / 1 Kg","3,73 €",ALDELIS
Frescos,Carnicería,Burger Meat de Pavo 240 Gr,"11,21 € / 1 Kg","2,69 €",ALDELIS
Frescos,Carnicería,Nuggets de Pollo 255 Gr,"9,76 € / 1 Kg","2,49 €",CONSUM
Frescos,Carnicería,Alitas Brooklyn Barbacoa,"5,49 € / 1 Kg","3,31 €",PUJANTE
Frescos,Carnicería,Kebab de Pollo con dos salsas 334 Gr,"10,33 € / 1 Kg","3,45 €",ALDELIS
Frescos,Carnicería,Extratierno de Pechuga Pollo,"10,45 € / 1 Kg","3,67 €",CONSUM
Frescos,Carnicería,Choricitos Picantes,"9,39 € / 1 Kg","2,35 €",CONSUM
Frescos,Carnicería,Estofado de Añojo,"13,95 € / 1 Kg","5,58 €",CONSUM
Frescos,Carnicería,Filete Cadera Babilla Ternera Gallega,"19,95 € / 1 Kg","7,00 €",COREN
Frescos,Carnicería,Filete Pechuga de Pollo Empanado,"8,29 € / 1 Kg","4,15 €",NATURAVIA
Frescos,Carnicería,Solomillo Pollo Empanado,"9,55 € / 1 Kg","4,78 €",NATURAVIA
Frescos,Carnicería,Alas Crunchy Chicken,"6,99 € / 1 Kg","3,50 €",NATURAVIA
Frescos,Carnicería,Burger Pollo y Verduras 240 Gr,"11,04 € / 1 Kg","2,65 €",CONSUM
Frescos,Carnicería,Burger de Pollo y Queso 360 Gr,"11,08 € / 1 Kg","3,99 €",CONSUM
Frescos,Carnicería,Huesos Blancos Salados,"4,69 € / 1 Kg","1,41 €",ARTESAL
Frescos,Carnicería,Panceta Iberica Salada,"7,39 € / 1 Kg","2,22 €",ARTESAL
Frescos,Carnicería,Tortitas Pollo Asado con Queso Fundido 270 Gr,"10,33 € / 1 Kg","2,79 €",ALDELIS
Frescos,Carnicería,Solomillo de Añojo,"39,95 € / 1 Kg","12,00 €",COREN
Frescos,Carnicería,Tira de Costilla de Cerdo .,"10,75 € / 1 Kg","9,68 €",MAFRICA
Frescos,Carnicería,Burger Angus M.Vergara 2 Unidades 320 Gr,"16,84 € / 1 Kg","5,39 €",M. VERGARA
Frescos,Carnicería,Medallón Solomillo Pavo Fino,"12,03 € / 1 Kg","3,61 €",CONSUM
Frescos,Carnicería,Dipper de Pollo y Queso 250 Gr,"11,00 € / 1 Kg","2,75 €",SEÑOR POLLO
Frescos,Carnicería corte,Añojo para Guisar,"12,95 € / 1 Kg","13,95 €
12,95 €",
Frescos,Carnicería corte,Croquetas de Cocido 62 Gr,"8,80 € / 1 Kg","0,65 €
0,55 €",
Frescos,Carnicería corte,Burger Meat Vacuno y Cebolla Caramelizada 150 Gr,"11,94 € / 1 Kg","1,99 €
1,79 €",
Frescos,Carnicería corte,Pechuga de Pollo,"7,25 € / 1 Kg","1,89 €",
Frescos,Carnicería corte,Cuarto Trasero de Pollo,"3,70 € / 1 Kg","1,48 €",
Frescos,Carnicería corte,"Pollo Limpio Entero o Mitades - Entero 2,2 kg aprox","3,25 € / 1 Kg","7,22 €",
Frescos,Carnicería corte,Choricitos,"9,39 € / 1 Kg","0,14 €",
Frescos,Carnicería corte,Solomillo de Cerdo,"8,80 € / 1 Kg","3,52 €",
Frescos,Carnicería corte,Alas de Pollo,"4,70 € / 1 Kg","0,52 €",
Frescos,Carnicería corte,Longaniza Tipo Requena,"11,49 € / 1 Kg","0,57 €",
Frescos,Carnicería corte,Chorizo Tipo de Pueblo,"7,99 € / 1 Kg","0,40 €",
Frescos,Carnicería corte,Morcilla de Cebolla Oreada,"7,29 € / 1 Kg","0,49 €",
Frescos,Carnicería corte,"Conejo Entero o Mitades - Entero 1,2 kg aprox","8,15 € / 1 Kg","9,06 €",
Frescos,Carnicería corte,"Pollo Entero o Mitades Certificado - Entero 2,2 kg aprox","4,60 € / 1 Kg","10,22 €",CONSUM
Frescos,Carnicería corte,Burger Meat Entrecot de Aguja Unidad 120 Gr,"15,75 € / 1 Kg","1,89 €",
Frescos,Carnicería corte,Costilla de Añojo,"11,95 € / 1 Kg","2,99 €",
Frescos,Carnicería corte,Longaniza Extra,"6,89 € / 1 Kg","0,34 €",
Frescos,Carnicería corte,Costilla de Cerdo,"7,84 € / 1 Kg","1,18 €",
Frescos,Carnicería corte,Blanquet Granel,"7,49 € / 1 Kg","0,44 €",
Frescos,Carnicería corte,Huesos de Añojo,"5,85 € / 1 Kg","1,29 €",
Frescos,Carnicería corte,Pelota Cocido,"8,29 € / 1 Kg","2,07 €",
Frescos,Carnicería corte,Cuarto Trasero de Pollo Certificado,"4,95 € / 1 Kg","1,65 €",CONSUM
Frescos,Carnicería corte,Higaditos de Conejo,"10,75 € / 1 Kg","1,51 €",
Frescos,Carnicería corte,Entrecot de Novillo Argentino,"38,50 € / 1 Kg","5,75 €",
Frescos,Carnicería corte,Filete Solomillo de Añojo,"39,95 € / 1 Kg","5,96 €",
Frescos,Carnicería corte,Cabeza de Lomo sin Hueso,"6,84 € / 1 Kg","0,62 €",
Frescos,Carnicería corte,Chuleta Aguja de Cerdo,"6,39 € / 1 Kg","0,83 €",
Frescos,Carnicería corte,Chuleta de Lomo Cerdo,"6,59 € / 1 Kg","0,82 €",
Frescos,Carnicería corte,Panceta de Cerdo,"7,11 € / 1 Kg","0,55 €",
Frescos,Carnicería corte,Filete Lomo de Cerdo,"7,19 € / 1 Kg","0,47 €",
Frescos,Carnicería corte,Lomo Entrecot de Ternera Gallega,"31,50 € / 1 Kg","9,46 €",
Frescos,Carnicería corte,Babilla Añojo,"16,50 € / 1 Kg","2,46 €",
Frescos,Carnicería corte,Filete Solomillo de Ternera Gallega,"49,50 € / 1 Kg","7,39 €",
Frescos,Carnicería corte,Caretas de Cerdo,"5,69 € / 1 Kg","9,48 €",
Frescos,Carnicería corte,Rabos de Cerdo,"5,39 € / 1 Kg","2,70 €",
Frescos,Carnicería corte,Papada de Cerdo,"6,59 € / 1 Kg","0,59 €",
Frescos,Carnicería corte,Patas de cerdo,"6,20 € / 1 Kg","2,48 €",
Frescos,Carnicería corte,Tocino Blanco de Cerdo,"4,75 € / 1 Kg","4,75 €",
Frescos,Carnicería corte,Carrillada de Cerdo con Hueso,"11,99 € / 1 Kg","3,60 €",
Frescos,Carnicería corte,Espinazo de Cerdo,"4,49 € / 1 Kg","0,67 €",
Frescos,Carnicería corte,Magro de Jamón,"6,35 € / 1 Kg","0,57 €",
Frescos,Carnicería corte,Estofado de Cerdo,"6,25 € / 1 Kg","6,25 €",
Frescos,Carnicería corte,Rabo de Añojo,"15,95 € / 1 Kg","15,95 €",
Frescos,Carnicería corte,Ternera Gallega para Guisar,"15,95 € / 1 Kg","15,95 €",
Frescos,Carnicería corte,Longaniza Pascuera,"11,59 € / 1 Kg","0,72 €",
Frescos,Carnicería corte,Burger Meat Vacuno 120 Gr,"10,42 € / 1 Kg","1,25 €",
Frescos,Carnicería corte,Burger Meat Pollo 120 Gr,"9,92 € / 1 Kg","1,19 €",
Frescos,Carnicería corte,Burger Meat Angus 130 Gr,"19,15 € / 1 Kg","2,49 €",
Frescos,Carnicería corte,Triángulo Pavo y Queso Empanado 36 Gr,"1,81 € / 100 Gr","0,65 €",
Frescos,Carnicería corte,Solomillos Empanados,"9,89 € / 1 Kg","0,79 €",
Frescos,Carnicería corte,Burger Meat de Pollo con Calabacin y Queso 125 Gr,"10,80 € / 1 Kg","1,35 €",
Frescos,Carnicería corte,Croqueta Carrillera 50 Gr,"13,00 € / 1 Kg","0,65 €",
Frescos,Carnicería corte,Croqueta de la Abuela Pollo y Jamón 62 Gr,"10,40 € / 1 Kg","0,65 €",
Frescos,Carnicería corte,"Chuletón de Cerdo Ibérico - Disponible jueves, viernes y sábado","15,99 € / 1 Kg","2,00 €",EL POZO
Frescos,Carnicería corte,Pierna Entera Cordero,"18,90 € / 1 Kg","32,59 €",
Frescos,Carnicería corte,Paletilla de Cordero,"19,90 € / 1 Kg","19,90 €",
Frescos,Carnicería corte,Chuletillas de Cordero,"25,50 € / 1 Kg","1,53 €",
Frescos,Carnicería corte,Chuletas de Pierna,"19,00 € / 1 Kg","2,00 €",
Frescos,Carnicería corte,Chuletas de Paletilla,"20,50 € / 1 Kg","1,23 €",
Frescos,Carnicería corte,Filete Extra Añojo,"19,80 € / 1 Kg","3,96 €",
Frescos,Carnicería corte,Cordero al Tajo Cuartos,"17,95 € / 1 Kg","17,95 €",
Frescos,Carnicería corte,Cuellos de Cordero,"13,00 € / 1 Kg","6,50 €",
Frescos,Carnicería corte,Falda y Pecho de Cordero,"13,00 € / 1 Kg","6,50 €",
Frescos,Carnicería corte,Ossobuco de Añojo,"11,95 € / 1 Kg","4,78 €",
Frescos,Carnicería corte,Filete muy Tierno de Ternera Gallega,"23,90 € / 1 Kg","3,57 €",
Frescos,Carnicería corte,Filete Tierno de Ternera Gallega,"20,95 € / 1 Kg","3,13 €",
Frescos,Carnicería corte,Burger Meat Pollo y Zanahoria 125 Gr,"11,12 € / 1 Kg","1,39 €",
Frescos,Carnicería corte,Librito de Pollo Relleno de York y Queso 98 Gr,"13,16 € / 1 Kg","1,29 €",
Frescos,Carnicería corte,Burger de Pollo 2 Quesos 120 Gr,"12,08 € / 1 Kg","1,45 €",
Frescos,Charcutería,Salchichas Wieners 200 Gr,"6,00 € / 1 Kg","1,35 €
1,20 €",OSCAR MAYER
Frescos,Charcutería,Jamón Cocido Bonnatur 140 Gr,"13,93 € / 1 Kg","2,19 €
1,95 €",ARGAL
Frescos,Charcutería,Salchichas con Queso Jumbo 350 Gr,"6,55 € / 1 Kg","2,55 €
2,29 €",OSCAR MAYER
Frescos,Charcutería,Pechuga de Pavo Finas Lonchas 200 Gr,"10,00 € / 1 Kg","2,07 €
2,00 €",CONSUM
Frescos,Charcutería,Chorizo Pamplona Lonchas 4x60 (240gr),"8,67 € / 1 Kg","2,19 €
2,08 €",CONSUM
Frescos,Charcutería,Fiambre de Jamón de Pavo 380 Gr,"9,34 € / 1 Kg","3,95 €
3,55 €",CAMPOFRÍO
Frescos,Charcutería,Pechuga de Pavo Bonnatur 130 Gr,"16,92 € / 1 Kg","2,49 €
2,20 €",ARGAL
Frescos,Charcutería,Chorizo Extra Duroc 280 Gr,"14,64 € / 1 Kg","4,59 €
4,10 €",LA HOGUERA
Frescos,Charcutería,Taco de Bacón 300 Gr,"9,10 € / 1 Kg","2,82 €
2,73 €",MONELLS
Frescos,Charcutería,Pate de Pollo Lata Pack de 2 2 x 75 Gr,"26,60 € / 1 Kg","3,99 €",LA PIARA
Frescos,Charcutería,Chorizo Picante Duroc 280 Gr,"14,64 € / 1 Kg","4,59 €
4,10 €",LA HOGUERA
Frescos,Charcutería,Tabla de Surtido Ibérico de Cebo 120 Gr,"38,75 € / 1 Kg","5,19 €
4,65 €",MONTARAZ
Frescos,Charcutería,Jamón Serrano Duroc Lonchas 100 Gr,"30,00 € / 1 Kg","3,55 €
3,00 €",LA HOGUERA
Frescos,Charcutería,Jamón Cebo 50% Raza Ibérica 60 Gr,"59,17 € / 1 Kg","3,99 €
3,55 €",ELPOZO
Frescos,Charcutería,Lonchas Vegetarianas Hierbas Mediterráneas 100 Gr,"17,90 € / 1 Kg","1,99 €
1,79 €",CAMPOFRÍO
Frescos,Charcutería,Jamón Cocido Extra Finas Lonchas 160 Gr,"10,25 € / 1 Kg","1,74 €
1,64 €",CONSUM
Frescos,Charcutería,Mortadela Ibérica Finas Lonchas 150 Gr,"14,33 € / 1 Kg","2,39 €
2,15 €",LEGADO POZO
Frescos,Charcutería,Chopped Pork Mini 300 Gr,"5,16 € / 1 Kg","1,75 €
1,55 €",ELPOZO
Frescos,Charcutería,Paleta de Cebo Ibérica Lonchas 100 Gr,"46,50 € / 1 Kg","5,19 €
4,65 €",LEGADO
Frescos,Charcutería,"Longaniza de Pavo 2 x 62,5 Gr","21,52 € / 1 Kg","2,99 €
2,69 €",BOADAS
Frescos,Charcutería,Pepperoni 2 x 45 Gr,"20,00 € / 1 Kg","2,05 €
1,80 €",GOIKOA
Frescos,Charcutería,Bacon Lonchas 110 Gr,"13,64 € / 1 Kg","1,50 €",EL POZO
Frescos,Charcutería,Jamón Bellota 100% Ibérico Cortado a Cuchillo 80 Gr,"143,63 € / 1 Kg","12,80 €
11,49 €",MONTARAZ
Frescos,Charcutería,Sobrasada Tradicional Natural Sin Aditivos 200 Gr,"9,25 € / 1 Kg","1,85 €",EL POZO 1954
Frescos,Charcutería,Pechuga de Pollo +Proteína - 95% Carne 130 Gr,"15,38 € / 1 Kg","2,00 €",ELPOZO
Frescos,Charcutería,Jamón Cocido 80 Gr,"12,50 € / 1 Kg","1,00 €",ELPOZO
Frescos,Charcutería,Fuet Espetec 180 Gr,"14,17 € / 1 Kg","2,55 €",TARRADELLAS
Frescos,Charcutería,Salchichas Jumbo 350 Gr,"7,00 € / 1 Kg","2,45 €",OSCAR MAYER
Frescos,Charcutería,Jamón Cocido Finas Lonchas 125 Gr,"15,92 € / 1 Kg","1,99 €",TARRADELLAS
Frescos,Charcutería,Bacón en Lonchas 150 Gr,"15,27 € / 1 Kg","2,29 €",OSCAR MAYER
Frescos,Charcutería,Cintas de Bacon 150 Gr,"13,27 € / 1 Kg","1,99 €",TARRADELLAS
Frescos,Charcutería,Longaniza Imperial 230 Gr,"11,80 € / 1 Kg","2,95 €",ELPOZO
Frescos,Charcutería,Salchichas Wieners Queso 200 Gr,"6,75 € / 1 Kg","1,35 €",OSCAR MAYER
Frescos,Charcutería,Sobrasada Tradicional 200 Gr,"13,25 € / 1 Kg","2,65 €",ZAGAL
Frescos,Charcutería,Pechuga de Pavo Finíssimas 115 Gr,"16,52 € / 1 Kg","1,90 €",CAMPOFRÍO
Frescos,Charcutería,Jamón Cocido Finíssimas 115 Gr,"16,52 € / 1 Kg","1,90 €",CAMPOFRÍO
Frescos,Charcutería,Cintas de Bacón Pack de 2 Unidades 2 x 100 Gr,"9,25 € / 1 Kg","1,85 €",MONELLS
Frescos,Charcutería,Pamplonés y Salchichón Extra 2 x 45 Gr,"17,17 € / 1 Kg","3,09 €",GOIKOA
Frescos,Charcutería,Jamón Curado 138 Gr,"27,46 € / 1 Kg","3,79 €",NAVIDUL
Frescos,Charcutería,Membrillo 2 x 200 Gr,"3,13 € / 1 Kg","1,25 €",CONSUM
Frescos,Charcutería,Pate Hígado de Cerdo Lata 200 Gr,"5,95 € / 1 Kg","1,19 €",CONSUM
Frescos,Charcutería,Chopped Lonchas Lata 150 Gr,"11,40 € / 1 Kg","1,71 €",SERRANO
Frescos,Charcutería,Jamón Cocido Extra. 200 Gr,"10,20 € / 1 Kg","2,04 €",CONSUM
Frescos,Charcutería,Jamón Gran Reserva curación 15 meses 150 Gr,"19,93 € / 1 Kg","2,99 €",CONSUM
Frescos,Charcutería,Jamón Gran Reserva curación 15 meses 250 Gr,"17,08 € / 1 Kg","4,27 €",CONSUM
Frescos,Charcutería,Salchichón Extra Lonchas 4x60 (240gr),"8,79 € / 1 Kg","2,11 €",CONSUM
Frescos,Charcutería,Chorizo Extra Lonchas 4x60 (240gr),"9,13 € / 1 Kg","2,19 €",CONSUM
Frescos,Charcutería,Sobrasada Ibérica 200 Gr,"11,25 € / 1 Kg","2,25 €",ELPOZO
Frescos,Charcutería,Jamón Cocido Grand Bouquet 140 Gr,"14,21 € / 1 Kg","1,99 €",NOEL
Frescos,Charcutería,Fiambre York Sándwich 250 Gr,"9,40 € / 1 Kg","2,35 €",ELPOZO
Frescos,Charcutería,Mortadela Bologna 100 Gr,"25,50 € / 1 Kg","2,55 €",FERRARINI
Frescos,Charcutería,Chorizo Tradicional 65 Gr,"15,38 € / 1 Kg","1,00 €",REVILLA
Frescos,Charcutería,Tarrina Sobrasada 250 Gr,"8,60 € / 1 Kg","2,15 €",ELPOZO
Frescos,Charcutería,Jamón Cocido 75 Gr,"13,33 € / 1 Kg","1,00 €",CAMPOFRÍO
Frescos,Charcutería,Bacón en Lonchas 200 Gr,"9,60 € / 1 Kg","1,92 €",CONSUM
Frescos,Charcutería,Paté de Pato Pack de 2 Unidades 2 x 50 Gr,"18,90 € / 1 Kg","1,89 €",LA CUINA
Frescos,Charcutería,Paté Pimienta Pack de 2 Unidades 2 x 50 Gr,"14,50 € / 1 Kg","1,45 €",LA CUINA
Frescos,Charcutería,Jamón Curado 1/2 Lonchas 50 Gr,"22,00 € / 1 Kg","1,10 €",NAVIDUL
Frescos,Charcutería,Caña Lomo en Lonchas 40 Gr,"2,75 € / 100 Gr","1,10 €",NAVIDUL
Frescos,Charcutería,Jamón Gran Reserva Medias y finas Lonchas 2 x 110 Gr,"18,14 € / 1 Kg","3,99 €",CONSUM
Frescos,Charcutería,Jamón Gran Reserva Finas Lonchas 120 Gr,"21,58 € / 1 Kg","2,59 €",CONSUM
Frescos,Charcutería,Chorizo Extra 280 Gr,"8,89 € / 1 Kg","2,49 €",CONSUM
Frescos,Charcutería,Chorizo Picante Extra 280 Gr,"8,89 € / 1 Kg","2,49 €",CONSUM
Frescos,Charcutería,Chorizo Pamplona 65 Gr,"15,38 € / 1 Kg","1,00 €",REVILLA
Frescos,Charcutería,Salchichón Extra 65 Gr,"15,38 € / 1 Kg","1,00 €",REVILLA
Frescos,Charcutería,Pechuga de Pavo B/G 75 Gr,"13,33 € / 1 Kg","1,00 €",CAMPOFRÍO
Frescos,Charcutería,Taquitos de Chorizo 100 Gr,"12,50 € / 1 Kg","1,25 €",EDIGAPA
Frescos,Charcutería,Chorizo Ibérico Lonchas 45 Gr,"2,22 € / 100 Gr","1,00 €",NAVIDUL
Frescos,Charcutería,Salchichón Ibérico Lonchas 45 Gr,"2,22 € / 100 Gr","1,00 €",NAVIDUL
Frescos,Charcutería,Salami Extra Lonchas 65 Gr,"15,38 € / 1 Kg","1,00 €",REVILLA
Frescos,Charcutería,Stick Mini Fuet 50 Gr,"26,00 € / 1 Kg","1,30 €",CAMPOFRÍO
Frescos,Charcutería,Sobrasada Mallorca Loncheada 65 Gr,"17,69 € / 1 Kg","1,15 €",EL ZAGAL
Frescos,Charcutería,Pechuga de Pollo B/G Lonchas 80 Gr,"12,50 € / 1 Kg","1,00 €",CAMPOFRÍO
Frescos,Charcutería,Jamón Cocido Delizias 110 Gr,"21,36 € / 1 Kg","2,35 €",NOEL
Frescos,Charcutería,Olivada Frasco 135 Gr,"12,96 € / 1 Kg","1,75 €",D'ATENEA
Frescos,Charcutería,Paté de Salmón Tarro 160 Gr,"10,31 € / 1 Kg","1,65 €",APIS
Frescos,Charcutería,Salchichas Wieners Bocadillo 275 Gr,"6,36 € / 1 Kg","1,75 €",OSCAR MAYER
Frescos,Charcutería,Chorizo y Salchichón Extra 2 x 90 Gr,"17,17 € / 1 Kg","3,09 €",GOIKOA
Frescos,Charcutería,Salchichón a la Pimienta Finas Lonchas 150 Gr,"17,27 € / 1 Kg","2,59 €",SOLÀ
Frescos,Charcutería,Salchichón de Pavo 2 Unidades 2 x 75 Gr,"19,67 € / 1 Kg","2,95 €",GOIKOA
Frescos,Charcutería,Mortadela Clásica 95 Gr,"10,53 € / 1 Kg","1,00 €",CAMPOFRÍO
Frescos,Charcutería,Sobrasada Etiqueta Negra 200 Gr,"14,25 € / 1 Kg","2,85 €",ZAGAL
Frescos,Charcutería,Salami Extra Lonchas 4x60 (240gr),"8,21 € / 1 Kg","1,97 €",CONSUM
Frescos,Charcutería,Jamón Cocido Extra Finas Lonchas 100 Gr,"29,90 € / 1 Kg","2,99 €",FERRARINI
Frescos,Charcutería,Chopped Pork 95 Gr,"10,53 € / 1 Kg","1,00 €",CAMPOFRÍO
Frescos,Charcutería,Chorizo y Salchichón de Pavo 2 x 75 Gr,"19,67 € / 1 Kg","2,95 €",GOIKOA
Frescos,Charcutería,Paté Finas Hierbas Pack de 2 Unidades 2 x 50 Gr,"14,50 € / 1 Kg","1,45 €",LA CUINA
Frescos,Charcutería,Chorizo Vela 140 Gr,"14,21 € / 1 Kg","1,99 €",PALACIOS
Frescos,Charcutería,Lomo de pavo 2 x 40 Gr,"35,63 € / 1 Kg","2,85 €",BOADAS
Frescos,Charcutería,Mortadela Siciliana Fina 500 Gr,"4,00 € / 1 Kg","2,00 €",ELPOZO
Frescos,Charcutería,Pate Hígado de Cerdo Lata Pack de 3 3 x 78 Gr,"5,77 € / 1 Kg","1,35 €",CONSUM
Frescos,Charcutería,Chistorra 200 Gr,"12,75 € / 1 Kg","2,55 €",ARGAL
Frescos,Charcutería,Pechuga de Pollo sin Grasa 340 Gr,"10,15 € / 1 Kg","3,45 €",ELPOZO
Frescos,Charcutería,Chorizo de Pavo 2 x 75 Gr,"19,67 € / 1 Kg","2,95 €",GOIKOA
Frescos,Charcutería,Pate de Hígado de Cerdo 50% menos grasa Pack 2 x 73 Gr,"27,05 € / 1 Kg","3,95 €",LA PIARA
Frescos,Charcutería,Hueso de Jamón,"4,00 € / 1 Kg","1,20 €",ARGAL
Frescos,Charcutería,Paté Suave Natural Pack de 2 2 x 75 Gr,"10,00 € / 1 Kg","1,50 €",LA PIARA
Frescos,Charcutería,Pate de Hígado de Cerdo Lata 75 Gr,"26,53 € / 1 Kg","1,99 €",LA PIARA
Frescos,Charcutería,Paté Higado de Cerdo Suave Pack de 3 240 Gr,"10,63 € / 1 Kg","2,55 €",APIS
Frescos,Charcutería,Jamón Curado Reducido en Sal 50 Gr,"22,00 € / 1 Kg","1,10 €",NAVIDUL
Frescos,Charcutería,Pechuga de Pavo sin Grasa Reducido Sal 340 Gr,"10,15 € / 1 Kg","3,45 €",ELPOZO
Frescos,Charcutería,Chorizo Extra Picante 4x60 (240gr),"10,08 € / 1 Kg","2,42 €",CONSUM
Frescos,Charcutería,Bloc Hígado de Pato 2 x 40 Gr,"79,88 € / 1 Kg","6,39 €",MARTIKO
Frescos,Charcutería,Pate de Atún en Aceite Pack de 2 Latas 2 x 75 Gr,"26,60 € / 1 Kg","3,99 €",LA PIARA
Frescos,Charcutería,Relleno para Sándwich Atún 180 Gr,"22,17 € / 1 Kg","3,99 €",BOCADELIA
Frescos,Charcutería,Cecina 80 Gr,"37,38 € / 1 Kg","2,99 €",PALCARSA
Frescos,Charcutería,Salchichas de Pavo 7 Unidades 3 x 140 Gr,"3,81 € / 1 Kg","1,60 €",CONSUM
Frescos,Charcutería,Salchichas Frankfurt 4 Unidades 4 x 140 Gr,"4,02 € / 1 Kg","2,25 €",CAMPOFRÍO
Frescos,Charcutería,Pate Picante Lata Pack de 2 2 x 73 Gr,"27,05 € / 1 Kg","3,95 €",LA PIARA
Frescos,Charcutería,Paté de Hígado de Cerdo Lata 225 Gr,"17,29 € / 1 Kg","3,89 €",LA PIARA
Frescos,Charcutería,Pate Tapa Negra Iberico Lata Pack de 2 2 x 73 Gr,"27,05 € / 1 Kg","3,95 €",LA PIARA
Frescos,Charcutería,Chorizo de León Extra dulce 100 Gr,"21,50 € / 1 Kg","2,15 €",PALCARSA
Frescos,Charcutería,Jamón de Bellota 100% Raza Ibérica 90 Gr,"122,11 € / 1 Kg","10,99 €",MONTARAZ
Frescos,Charcutería,Salchichas con Queso 7 Unidades 3 x 140 Gr,"2,86 € / 1 Kg","1,20 €",CONSUM
Frescos,Charcutería,Mortadela Fina con Aceitunas 500 Gr,"4,00 € / 1 Kg","2,00 €",ELPOZO
Frescos,Charcutería,Paté Ibérico Pack de 2 Unidades 2 x 50 Gr,"14,50 € / 1 Kg","1,45 €",LA CUINA
Frescos,Charcutería,Olivada Arbequina Tarro 135 Gr,"12,96 € / 1 Kg","1,75 €",D'ATENEA
Frescos,Charcutería,Bloc Foie Gras de Pato Lata 130 Gr,"53,46 € / 1 Kg","6,95 €",SOROA
Frescos,Charcutería,Chorizo Dulce Extra 250 Gr,"15,96 € / 1 Kg","3,99 €",PALACIOS
Frescos,Charcutería,Paté de Anchoa Tarro 160 Gr,"9,94 € / 1 Kg","1,59 €",APIS
Frescos,Charcutería,Paté Superior Pato 2 x 75 Gr,"25,93 € / 1 Kg","3,89 €",MARTIKO
Frescos,Charcutería,Paté Superior Oca 2 x 75 Gr,"25,93 € / 1 Kg","3,89 €",MARTIKO
Frescos,Charcutería,Crema de Jamón de York Pack de 3 3 x 80 Gr,"12,92 € / 1 Kg","3,10 €",APIS
Frescos,Charcutería,Paleta Duroc 100 Gr,"32,90 € / 1 Kg","3,29 €",LA HOGUERA
Frescos,Charcutería,Jamón Serrano Reserva Como Cortado a Mano 80 Gr,"37,38 € / 1 Kg","2,99 €",BOADAS
Frescos,Charcutería,Paté de Bellota Negra Jamón Ibérico 125 Gr,"14,32 € / 1 Kg","1,79 €",APIS
Frescos,Charcutería,Paté de Atún Lata Pack de 2 2 x 75 Gr,"18,60 € / 1 Kg","2,79 €",CALVO
Frescos,Charcutería,Paté de Atún 0% Materia Grasa 2 x 75 Gr,"18,60 € / 1 Kg","2,79 €",CALVO
Frescos,Charcutería,Longaniza de Payés 80 Gr,"24,88 € / 1 Kg","1,99 €",BOADAS
Frescos,Charcutería,Manteca de Cerdo Ibérico 400 Gr,"8,88 € / 1 Kg","3,55 €",ELPOZO
Frescos,Charcutería,Longaniza de Pagés 250 Gr,"18,36 € / 1 Kg","4,59 €",SOLÀ
Frescos,Charcutería,Sobrasada Picante 200 Gr,"12,25 € / 1 Kg","2,45 €",ZAGAL
Frescos,Charcutería,Taco de Jamón Curado,"17,09 € / 1 Kg","4,27 €",ARGAL
Frescos,Charcutería,Chorizo de Jabugo Pieza 120 Gr,"17,42 € / 1 Kg","2,09 €",CUYAR
Frescos,Charcutería,Crema de Membrillo 400 Gr,"6,38 € / 1 Kg","2,55 €",EL QUIJOTE
Frescos,Charcutería,Dulce de Frutas 400 Gr,"5,98 € / 1 Kg","2,39 €",EL QUIJOTE
Frescos,Charcutería,Salchichas Bockwurst Frasco 250 Gr,"18,76 € / 1 Kg","4,69 €",MEICA
Frescos,Charcutería,Jamón Cocido Lonchas Cuida-T Red.Sal 65 Gr,"15,38 € / 1 Kg","1,00 €",CAMPOFRÍO
Frescos,Charcutería,Lonchas Pavo Cuida-T 65 Gr,"15,38 € / 1 Kg","1,00 €",CAMPOFRÍO
Frescos,Charcutería,Taco Lomo Ibérico Cebo Campo 50% Raza Ibérica,"34,50 € / 1 Kg","10,36 €",MONTARAZ
Frescos,Charcutería,Delisandwich Cangrejo 130 Gr,"13,00 € / 1 Kg","1,69 €",SERRANO
Frescos,Charcutería,Salami Finas Hierbas Finas Lonchas 150 Gr,"18,33 € / 1 Kg","2,75 €",SOLÀ
Frescos,Charcutería,Mortadela Ahumada 150 Gr,"14,60 € / 1 Kg","2,19 €",MRM
Frescos,Charcutería,Membrillo en Lonchas 150 Gr,"19,93 € / 1 Kg","2,99 €",SANTA TERESA
Frescos,Charcutería,Tarrina de Lomo Lonchas 250 Gr,"26,36 € / 1 Kg","6,59 €",ARCOS
Frescos,Charcutería,Pechuga de Pavo Braseada Finíssimas 115 Gr,"16,96 € / 1 Kg","1,95 €",CAMPOFRÍO
Frescos,Charcutería,Lomo Curado Reducido en Sal 40 Gr,"2,75 € / 100 Gr","1,10 €",NAVIDUL
Frescos,Charcutería,Longaniza Extra Reserva Exentis 80 Gr,"37,38 € / 1 Kg","2,99 €",CAN DURAN
Frescos,Charcutería,Mortadela Siciliana Lonchas 225 Gr,"6,67 € / 1 Kg","1,50 €",ELPOZO
Frescos,Charcutería,Mortadela con Aceitunas Lonchas 225 Gr,"6,67 € / 1 Kg","1,50 €",ELPOZO
Frescos,Charcutería,Mortadela de Pavo Lonchas 225 Gr,"8,89 € / 1 Kg","2,00 €",ELPOZO
Frescos,Charcutería,Paleta Cebo de Campo 50% Raza Ibérica 80 Gr,"64,38 € / 1 Kg","5,15 €",MONTARAZ
Frescos,Charcutería,Salchicha Doble Leche 140 Gr,"6,57 € / 1 Kg","0,92 €",CAMPOFRÍO
Frescos,Charcutería,Salchichón de Toledo 260 Gr,"19,04 € / 1 Kg","4,95 €",EMB. ESPAÑA
Frescos,Charcutería,Tiras de Pollo Asado 125 Gr,"18,00 € / 1 Kg","2,25 €",LA BROCHE
Frescos,Charcutería,U Snack Jamón Serrano 60 Gr,"19,83 € / 1 Kg","1,19 €",C.SERRANO
Frescos,Charcutería,Jamón Serrano Reserva Salamanca 80 Gr,"30,00 € / 1 Kg","2,40 €",BOADAS
Frescos,Charcutería,Salchichón Regio 70 Gr,"25,00 € / 1 Kg","1,75 €",ARGAL
Frescos,Charcutería,Membrillo Bio 290 Gr,"14,79 € / 1 Kg","4,29 €",SANTA TERESA
Frescos,Charcutería,Salchichas Bratwurst 2 Unidades 2 x 200 Gr,"6,43 € / 1 Kg","2,57 €",CONSUM
Frescos,Charcutería,Surtido Paté y Cremas York y Jamón 3 x 46 Gr,"14,13 € / 1 Kg","1,95 €",IBERITOS
Frescos,Charcutería,Salchichas Frankfurt 2 Unidades 2 x 200 Gr,"6,28 € / 1 Kg","2,51 €",CONSUM
Frescos,Charcutería,Salchichas Viena 2 Unidades 2 x 175 Gr,"5,09 € / 1 Kg","1,78 €",CONSUM
Frescos,Charcutería,Pollo Asado al Horno Lonchas 150 Gr,"15,00 € / 1 Kg","2,25 €",CARLOTEÑA
Frescos,Charcutería,Jamón Serrano Natural Gran Reserva 100 Gr,"34,50 € / 1 Kg","3,45 €",REDONDO I.
Frescos,Charcutería,Pechuga Pavo Braseada Finas Lonchas 160 Gr,"14,06 € / 1 Kg","2,25 €",CONSUM
Frescos,Charcutería,Foie Gras Entero de Pato Micuit Skin 100 Gr,"83,00 € / 1 Kg","8,30 €",MARTIKO
Frescos,Charcutería,Jamón Cocido Braseado Finas Lonchas 160 Gr,"11,19 € / 1 Kg","1,79 €",CONSUM
Frescos,Charcutería,Jamón de Pato Lonchas Pack 2 Unidades 2 x 30 Gr,"66,50 € / 1 Kg","3,99 €",MARTIKO
Frescos,Charcutería,Longaniza Imperial de Pavo 230 Gr,"13,16 € / 1 Kg","3,29 €",ELPOZO
Frescos,Charcutería,Lomo Sajonia 100 Gr,"19,90 € / 1 Kg","1,99 €",GEMI
Frescos,Charcutería,Pavo Trufado Bi Pack 2 x 60 Gr,"13,25 € / 1 Kg","1,59 €",SERRANO
Frescos,Charcutería,Lomo Embuchado 2 Unidades 2 x 50 Gr,"21,90 € / 1 Kg","2,19 €",BOADAS
Frescos,Charcutería,Cabecero de Lomo 2 Unidades 2 x 50 Gr,"22,50 € / 1 Kg","2,25 €",BOADAS
Frescos,Charcutería,Paté Pimienta Tarro 160 Gr,"7,19 € / 1 Kg","1,15 €",CONSUM
Frescos,Charcutería,Paté Finas Hierbas Tarro 160 Gr,"7,19 € / 1 Kg","1,15 €",CONSUM
Frescos,Charcutería,Paté Ibérico Monodosis 3 x 50 Gr,"10,33 € / 1 Kg","1,55 €",APIS
Frescos,Charcutería,Paté Campaña Tarro 160 Gr,"7,19 € / 1 Kg","1,15 €",CONSUM
Frescos,Charcutería,Paté Atún Tarro 160 Gr,"8,69 € / 1 Kg","1,39 €",CONSUM
Frescos,Charcutería,Chorizo Ibérico 200 Gr,"13,25 € / 1 Kg","2,65 €",IBHER
Frescos,Charcutería,Salchichón Ibérico 200 Gr,"13,25 € / 1 Kg","2,65 €",IBHER
Frescos,Charcutería,Crema Jamón York 160 Gr,"8,75 € / 1 Kg","1,40 €",ARGAL
Frescos,Charcutería,Salchichón Ibérico Extra,"16,50 € / 1 Kg","5,79 €",ENTRECAÑOS
Frescos,Charcutería,Chorizo Ibérico Extra,"16,50 € / 1 Kg","8,25 €",ENTRECAÑOS
Frescos,Charcutería,Taco Lomo 100% Natural 50% Duroc,"19,90 € / 1 Kg","8,19 €",LA HOGUERA
Frescos,Charcutería,Vegasalada Untable Vegetariano 150 Gr,"17,67 € / 1 Kg","2,65 €",DELITUSS
Frescos,Charcutería,Jamón de Cebo en Tapas 50% Raza Ibérica 90 Gr,"66,56 € / 1 Kg","5,99 €",LOS IBÉRICOS
Frescos,Charcutería,Paleta de Cebo en Tapas 50% Raza Ibérica 100 Gr,"55,90 € / 1 Kg","5,59 €",LOS IBÉRICOS
Frescos,Charcutería,Lomo de Cebo en Tapas 50% Raza Ibérica 90 Gr,"44,33 € / 1 Kg","3,99 €",LOS IBÉRICOS
Frescos,Charcutería,Chorizo Ibérico Extra en Tapas 80 Gr,"28,00 € / 1 Kg","2,24 €",LOS IBÉRICOS
Frescos,Charcutería,Salchichón Ibérico Extra en Tapas 80 Gr,"28,00 € / 1 Kg","2,24 €",LOS IBÉRICOS
Frescos,Charcutería,Lomo de Bellota 100 % Ibérico- Sin Aditivos 80 Gr,"64,88 € / 1 Kg","5,19 €",MONTARAZ
Frescos,Charcutería,Membrillo para Untar 175 Gr,"12,29 € / 1 Kg","2,15 €",SANTA TERESA
Frescos,Charcutería,Cabeza de Cerdo de Primera 150 Gr,"12,33 € / 1 Kg","1,85 €",PICKEN
Frescos,Charcutería,Lacón Asado 200 Gr,"10,95 € / 1 Kg","2,19 €",TELLO
Frescos,Charcutería,Alterpavo 90 Gr,"29,44 € / 1 Kg","2,65 €",LA SELVA
Frescos,Charcutería,Alterbacon 90 Gr,"31,00 € / 1 Kg","2,79 €",LA SELVA
Frescos,Charcutería,Pétalos Pechuga Pavo 90 Gr,"28,78 € / 1 Kg","2,59 €",NOEL
Frescos,Charcutería,Jamón Serrano Reserva Loncheado 2 x 170 Gr,"14,68 € / 1 Kg","4,99 €",SIERRA SERRA
Frescos,Charcutería,Chorizo Extra Reserva 50% Duroc 125 Gr,"22,80 € / 1 Kg","2,85 €",BOADAS
Frescos,Charcutería,Salchichón Extra Reserva 50% Duroc 125 Gr,"22,80 € / 1 Kg","2,85 €",BOADAS
Frescos,Charcutería,Redondo de Pollo Asado 250 Gr,"13,00 € / 1 Kg","3,25 €",CARLOTEÑA
Frescos,Charcutería,Redondo Pollo con Bacon 250 Gr,"13,00 € / 1 Kg","3,25 €",CARLOTEÑA
Frescos,Charcutería,Salchicha Picante Bockwurst 170 Gr,"17,00 € / 1 Kg","2,89 €",PICKEN
Frescos,Charcutería,Medallón Mousse de Pato 90 Gr,"27,22 € / 1 Kg","2,45 €",LA CUINA
Frescos,Charcutería,Chorizo de León Extra Picante 100 Gr,"21,50 € / 1 Kg","2,15 €",PALCARSA
Frescos,Charcutería,Salchichón de León Extra en Lonchas 100 Gr,"21,50 € / 1 Kg","2,15 €",PALCARSA
Frescos,Charcutería,Pechuga de Pavo Corte Fresco 120 Gr,"19,92 € / 1 Kg","2,39 €",1954
Frescos,Charcutería,Fuet con Trufa Duroc 170 Gr,"16,41 € / 1 Kg","2,79 €",LEGADO
Frescos,Charcutería,Delicia de Sobrasada con Miel 150 Gr,"15,67 € / 1 Kg","2,35 €",EL ZAGAL
Frescos,Charcutería,Butifarra Catalana 150 Gr,"13,27 € / 1 Kg","1,99 €",NOEL
Frescos,Charcutería,Pechuga de Pavo Family sin Grasa y Reducida Sal 2 x 200 Gr,"8,98 € / 1 Kg","3,59 €",ELPOZO
Frescos,Charcutería,Bolitas de Fuet 50 Gr,"25,00 € / 1 Kg","1,25 €",GOIKOA
Frescos,Charcutería,Mousse de Pato 75 Gr,"16,67 € / 1 Kg","1,25 €",DU PRINCE
Frescos,Charcutería,Mousse de Pato con Arándanos 75 Gr,"16,67 € / 1 Kg","1,25 €",DU PRINCE
Frescos,Charcutería,Mousse de Pato Pimienta Negra 75 Gr,"16,67 € / 1 Kg","1,25 €",DU PRINCE
Frescos,Charcutería,Jamón de Trevélez Lonchas Finas 120 Gr,"29,17 € / 1 Kg","3,50 €",J.VALLEJO
Frescos,Charcutería,Paté Tapa Negra con Pedro Ximénez 110 Gr,"19,55 € / 1 Kg","2,15 €",LA PIARA
Frescos,Charcutería,Fiambre de Sandwich Finas Lonchas 250 Gr,"6,16 € / 1 Kg","1,54 €",CONSUM
Frescos,Charcutería,Mortadela con Aceitunas Finas Lonchas 250 Gr,"6,36 € / 1 Kg","1,59 €",CONSUM
Frescos,Charcutería,Mortadela Finas Lonchas 250 Gr,"6,36 € / 1 Kg","1,59 €",CONSUM
Frescos,Charcutería,Snack Mini Fuet de Pavo 50 Gr,"26,00 € / 1 Kg","1,30 €",CAMPOFRÍO
Frescos,Charcutería,Espetec Extra 150 Gr,"15,67 € / 1 Kg","2,35 €",CAN DURAN
Frescos,Charcutería,Jamon Extra Natural Raza Duroc 130 Gr,"21,15 € / 1 Kg","2,75 €",1954-LEGADO
Frescos,Charcutería,Jamón Cocido Extra Family 2 x 200 Gr,"8,73 € / 1 Kg","3,49 €",EL POZO
Frescos,Charcutería,Pechuga de Pavo Family 2 x 200 Gr,"8,98 € / 1 Kg","3,59 €",EL POZO
Frescos,Charcutería,Salchichas Bockwurst 330 Gr,"7,24 € / 1 Kg","2,39 €",EL POZO KING
Frescos,Charcutería,Jamón Cocido Extra Corte Charcutería 200 Gr,"12,05 € / 1 Kg","2,41 €",CONSUM
Frescos,Charcutería,Pechuga de Pavo Extra Corte Charcutería 140 Gr,"17,79 € / 1 Kg","2,49 €",CONSUM
Frescos,Charcutería,Salchichas King Big Classic 3 x 200 Gr,"4,17 € / 1 Kg","2,50 €",EL POZO KING
Frescos,Charcutería,Salchichas Frankfurt sabor Ahumado 3 x 165 Gr,"2,38 € / 1 Kg","1,18 €",CONSUM
Frescos,Charcutería,Jamón de Teruel DOP Medias Lonchas 120 Gr,"29,58 € / 1 Kg","3,55 €",ARCOIRIS
Frescos,Charcutería,Paté Superior de Pato Francés 150 Gr,"26,60 € / 1 Kg","3,99 €",SIVORÉ
Frescos,Charcutería,Panceta Natural Curada Duroc 120 Gr,"16,25 € / 1 Kg","1,95 €",EDIGAPA
Frescos,Charcutería,Fuet Espetec Extra 170 Gr,"11,71 € / 1 Kg","1,99 €",CONSUM
Frescos,Charcutería,Lonchas con Verduras 90 Gr,"17,67 € / 1 Kg","1,59 €",VERDAY
Frescos,Charcutería,Jamón Cocido Extra Duroc 150 Gr,"13,33 € / 1 Kg","2,00 €",1954
Frescos,Charcutería,Pasta de Aceitunas de Kalamata 135 Gr,"18,44 € / 1 Kg","2,49 €",ILIADA
Frescos,Charcutería,Pechuga de Pollo Braseado Finas Lonchas 115 Gr,"13,04 € / 1 Kg","1,50 €",EL POZO
Frescos,Charcutería,Tiras de Bacon 2 x 50 Gr,"15,00 € / 1 Kg","1,50 €",EL POZO
Frescos,Charcutería,Fiambre de York Maxi 450 Gr,"5,56 € / 1 Kg","2,50 €",EL POZO
Frescos,Charcutería,Fiambre de Pechuga de Pavo Mini 380 Gr,"7,89 € / 1 Kg","3,00 €",EL POZO
Frescos,Charcutería,Pechuga de Pavo Lonchas Finas 115 Gr,"13,04 € / 1 Kg","1,50 €",EL POZO
Frescos,Charcutería,Jamón Cocido L.Finas Bien Star 115 Gr,"13,04 € / 1 Kg","1,50 €",EL POZO
Frescos,Charcutería,Pechuga de Pavo Bien Star 115 Gr,"13,04 € / 1 Kg","1,50 €",EL POZO
Frescos,Charcutería,Taquitos de Jamón Serrano 2 x 75 Gr,"14,67 € / 1 Kg","2,20 €",LORIENTE
Frescos,Charcutería,Salchichas Wieners Pavo 3 x 200 Gr,"5,65 € / 1 Kg","3,39 €",O.MAYER
Frescos,Charcutería,Salchicha Bratwurst 300 Gr,"12,97 € / 1 Kg","3,89 €",PICKEN
Frescos,Charcutería,Salchicha Frankfurt 300 Gr,"12,83 € / 1 Kg","3,85 €",PICKEN
Frescos,Charcutería,Pétalos de Paleta de Cebo Ibérica 80 Gr,"52,50 € / 1 Kg","4,20 €",BOADAS
Frescos,Charcutería,Pétalos de Chorizo Ibérico Extra 80 Gr,"31,13 € / 1 Kg","2,49 €",BOADAS
Frescos,Charcutería,Snack Fuet Extra 90 Gr,"21,00 € / 1 Kg","1,89 €",CASADEMONT
Frescos,Charcutería,Chopped de Pavo sin Lactosa 95 Gr,"10,53 € / 1 Kg","1,00 €",CAMPOFRÍO
Frescos,Charcutería,Surtido de Patés Pack de 4 4 x 23 Gr,"14,02 € / 1 Kg","1,29 €",IBERITOS
Frescos,Charcutería,Dados de Jamón Cocido 150 Gr,"10,60 € / 1 Kg","1,59 €",SERRANO
Frescos,Charcutería,Paté de Chorizo Ibérico Tarro 125 Gr,"16,80 € / 1 Kg","2,10 €",APIS
Frescos,Charcutería,Fuet Buenasierra Pack de 2 2 x 110 Gr,"12,95 € / 1 Kg","2,85 €",ARGAL
Frescos,Charcutería,Pechuga de Pavo Dados 150 Gr,"10,60 € / 1 Kg","1,59 €",SERRANO
Frescos,Charcutería,Longaniza de Aragón Duroc 250 Gr,"13,00 € / 1 Kg","3,25 €",ARCO IRIS
Frescos,Charcutería,Salchichas Bockwurst 2 x 200 Gr,"5,00 € / 1 Kg","2,00 €",CONSUM
Frescos,Charcutería,Paté de Campagne Tradicional 80 Gr,"18,13 € / 1 Kg","1,45 €",LA CUINA
Frescos,Charcutería,Cabeza de Jabalí Ibérica a la Trufa 150 Gr,"15,67 € / 1 Kg","2,35 €",PICKEN
Frescos,Charcutería,Bocadelia de Cangrejo Bote 170 Gr,"23,47 € / 1 Kg","3,99 €",BOCADELIA
Frescos,Charcutería,Lacón en Tapas Cortado a Mano 150 Gr,"19,93 € / 1 Kg","2,99 €",MRM
Frescos,Charcutería,Tabla de Paté Tradicional Pimienta-Ibérico-F.hierb 3 x 40 Gr,"17,42 € / 1 Kg","2,09 €",LA CUINA
Frescos,Charcutería,Tabla Pato Gourmet Pimienta Verde- Setas 3 x 40 Gr,"19,08 € / 1 Kg","2,29 €",LA CUINA
Frescos,Charcutería,Paté de Pimienta Frasco 125 Gr,"10,80 € / 1 Kg","1,35 €",TARRADELLAS
Frescos,Charcutería,Paté Finas Hierbas Frasco 125 Gr,"10,80 € / 1 Kg","1,35 €",TARRADELLAS
Frescos,Charcutería,Frankfurt Plant Based 200 Gr,"19,95 € / 1 Kg","3,99 €",BETT.BALANCE
Frescos,Charcutería,Paté de Pato C/Cebolla Caramelizada 75 Gr,"30,00 € / 1 Kg","2,25 €",MARTIKO
Frescos,Charcutería,Longaniza de Pascua 180 Gr,"16,61 € / 1 Kg","2,99 €",SERRANO
Frescos,Charcutería,Hummus con Curry Bote 200 Gr,"14,75 € / 1 Kg","2,95 €",PEKIS
Frescos,Charcutería,Jamón de Pavo Lonchas Finas 70 Gr,"14,29 € / 1 Kg","1,00 €",CAMPOFRÍO
Frescos,Charcutería,Pizcas de Jamón 2 x 40 Gr,"20,00 € / 1 Kg","1,60 €",LORIENTE
Frescos,Charcutería,Paleta Curada Reserva 130 Gr,"19,15 € / 1 Kg","2,49 €",BOADAS
Frescos,Charcutería corte,Chorizo Tradición,"15,20 € / 1 Kg","16,90 €
15,20 €",REVILLA
Frescos,Charcutería corte,Salchichón Extra,"14,85 € / 1 Kg","16,50 €
14,85 €",ROLFHO
Frescos,Charcutería corte,Membrillo Artesano Natural sin Gluten,"12,75 € / 1 Kg","14,50 €
12,75 €",SANTA TERESA
Frescos,Charcutería corte,Pollo Relleno 97% Carne Sin Almendra,"13,40 € / 1 Kg","14,90 €
13,40 €",CARLOTEÑA
Frescos,Charcutería corte,Jamón Cocido Extra 91% Carne,"13,95 € / 1 Kg","15,50 €
13,95 €",BONNATUR
Frescos,Charcutería corte,Jamón Gran Reserva 100% Natural 18 Meses,"22,39 € / 1 Kg","24,90 €
22,39 €",REDONDO I.
Frescos,Charcutería corte,Longaniza de Pascua,"18,90 € / 1 Kg","0,76 €",SERRANO
Frescos,Charcutería corte,Mortadela de Pavo,"10,50 € / 1 Kg","10,50 €",ELPOZO
Frescos,Charcutería corte,Paté a la Pimienta Pasteurizado,"12,50 € / 1 Kg","12,50 €",LA CUINA
Frescos,Charcutería corte,Salami Extra,"11,90 € / 1 Kg","11,90 €",ARGAL
Frescos,Charcutería corte,Paté de Campaña Pasteurizado,"10,50 € / 1 Kg","10,50 €",CHIPALI
Frescos,Charcutería corte,media pieza 250 gr aprox.,"24,90 € / 1 Kg","24,90 €",ARGAL
Frescos,Charcutería corte,Mortadela Estilo Italiano,"12,99 € / 1 Kg","12,99 €",O.MAYER
Frescos,Charcutería corte,Chorizo Extra Vela Dulce,"13,90 € / 1 Kg","13,90 €",GOIKOA
Frescos,Charcutería corte,Salchichón Ibérico de Bellota,"32,50 € / 1 Kg","32,50 €",MONTARAZ
Frescos,Charcutería corte,Rulo Mousse de Pato,"17,50 € / 1 Kg","17,50 €",LA CUINA
Frescos,Charcutería corte,Jamón Reserva 12 Mes Peso Aproximado 7-8 K,"10,86 € / 1 Kg","76,00 €",NAVIDUL
Frescos,Charcutería corte,"Jamón Cebo de Campo 50% Ibérico Aprox. 7,5 kg.","23,33 € / 1 Kg","175,00 €",MONTARAZ
Frescos,Charcutería corte,Codillo de Jamón precortado,"2,75 € / 1 Kg","2,07 €",ARGAL
Frescos,Charcutería corte,Mortadela Ibérica,"9,89 € / 1 Kg","9,89 €",LEGADO POZO
Frescos,Charcutería corte,Salchichón Cular,"17,50 € / 1 Kg","17,50 €",SOLÀ
Frescos,Charcutería corte,Lomo de Cebo de Campo 50% Raza Ibérica,"39,90 € / 1 Kg","39,90 €",MONTARAZ
Frescos,Charcutería corte,Mortadela Siciliana Fina,"8,95 € / 1 Kg","8,95 €",ELPOZO
Frescos,Charcutería corte,Mortadela con Aceitunas,"8,95 € / 1 Kg","8,95 €",ELPOZO
Frescos,Charcutería corte,Mortadela de Pavo con Aceitunas,"10,50 € / 1 Kg","10,50 €",ELPOZO
Frescos,Charcutería corte,"Jamón G.Reserva Duroc Peso Aproximado 7,5 K","10,67 € / 1 Kg","80,00 €",LA HOGUERA
Frescos,Charcutería corte,Chorizo de Cantimpalos,"18,50 € / 1 Kg","3,15 €",LA HOGUERA
Frescos,Charcutería corte,Bacón 1/2 Pieza 5 M sin Lactosa,"13,90 € / 1 Kg","13,90 €",MONELLS
Frescos,Charcutería corte,Chopped de Pavo,"12,50 € / 1 Kg","12,50 €",ARGAL
Frescos,Charcutería corte,Sobrasada Etiqueta Negra,"16,50 € / 1 Kg","16,50 €",ZAGAL
Frescos,Charcutería corte,Sobrasada Cular,"12,90 € / 1 Kg","12,90 €",ZAGAL
Frescos,Charcutería corte,Crema de Sobrasada Casera,"12,90 € / 1 Kg","12,90 €",LA CUINA
Frescos,Charcutería corte,Chorizo Ibérico de Bellota,"32,50 € / 1 Kg","32,50 €",MONTARAZ
Frescos,Charcutería corte,Bloque HÍgado Pato 60% Pasteurizado,"89,90 € / 1 Kg","89,90 €",MARTIKO
Frescos,Charcutería corte,Botifarra Negra El Noiet,"11,90 € / 1 Kg","11,90 €",FALGAS
Frescos,Charcutería corte,Lomo Bellota 100% Raza Ibérica,"62,50 € / 1 Kg","62,50 €",MONTARAZ
Frescos,Charcutería corte,Panceta Curada Doble,"14,90 € / 1 Kg","14,90 €",NANA
Frescos,Charcutería corte,Chorizo de León Granel,"18,90 € / 1 Kg","4,54 €",PALCARSA
Frescos,Charcutería corte,Chorizo de León Picante Granel,"18,90 € / 1 Kg","4,54 €",PALCARSA
Frescos,Charcutería corte,Jamón Reserva 12 Meses,"31,90 € / 1 Kg","31,90 €",NAVIDUL
Frescos,Charcutería corte,Jamón Cebo de Campo 50% Ibérico 24 Meses,"54,90 € / 1 Kg","54,90 €",MONTARAZ
Frescos,Charcutería corte,Pechuga de Pavo,"13,95 € / 1 Kg","13,95 €",ARGAL
Frescos,Charcutería corte,Jamón Cocido Extra 92% Carne G.Selección,"16,90 € / 1 Kg","16,90 €",MONELLS
Frescos,Charcutería corte,Jamón Cocido Extra Bajo Grasa Reducido Sal,"13,95 € / 1 Kg","13,95 €",ELPOZO
Frescos,Charcutería corte,Pavo Trufado,"10,90 € / 1 Kg","10,90 €",C.SERRANO
Frescos,Charcutería corte,Pechuga de Pavo,"11,50 € / 1 Kg","11,50 €",MONELLS
Frescos,Charcutería corte,Jamón Cocido Artesano,"11,90 € / 1 Kg","11,90 €",MONELLS
Frescos,Charcutería corte,Jamón Gran Reserva 18 Meses Duroc,"26,90 € / 1 Kg","26,90 €",LA HOGUERA
Frescos,Charcutería corte,Jamón Cebo 50% Ibérico 24 Meses,"48,90 € / 1 Kg","48,90 €",LEGADO POZO
Frescos,Charcutería corte,Pechuga de Pollo,"9,95 € / 1 Kg","9,95 €",ELPOZO
Frescos,Charcutería corte,Pechuga de Pavo Asada 90% Carne,"19,90 € / 1 Kg","19,90 €",TELLO
Frescos,Charcutería corte,Jamón Gran Reserva 15 Meses Buenasierra,"23,90 € / 1 Kg","23,90 €",ARGAL
Frescos,Charcutería corte,Catalana Tradicional,"13,50 € / 1 Kg","13,50 €",SALGOT
Frescos,Charcutería corte,Pechuga de Pavo con Toque Braseado,"13,49 € / 1 Kg","13,49 €",CAMPOFRÍO
Frescos,Charcutería corte,Pechuga de Pavo sin Grasa,"14,45 € / 1 Kg","14,45 €",ELPOZO
Frescos,Charcutería corte,Cabeza de Jabalí Ibérica a la Trufa con Pistachos,"16,90 € / 1 Kg","16,90 €",PICKEN
Frescos,Charcutería corte,Jamón Cocido Extra 92% Carne,"19,50 € / 1 Kg","19,50 €",FERRARINI
Frescos,Charcutería corte,Mojama Extra,"62,90 € / 1 Kg","62,90 €",ANGOMAR
Frescos,Charcutería corte,"Jamón Cebo 50% Ibérico Peso Aproximado 7,5 kg","19,33 € / 1 Kg","145,00 €",LEGADO POZO
Frescos,Charcutería corte,Pechuga de Pavo,"14,50 € / 1 Kg","14,50 €",CAMPOFRÍO
Frescos,Charcutería corte,Jamón Asado Ahumado 92% Carne,"17,90 € / 1 Kg","17,90 €",TELLO
Frescos,Charcutería corte,Jamón de Pavo con Trufa y Boletus,"14,50 € / 1 Kg","14,50 €",1954-LEGADO
Frescos,Charcutería corte,Morcilla Achorizada Ibérica,"12,50 € / 1 Kg","3,00 €",CARCHELEJO
Frescos,Charcutería corte,Paleta Cebo de Campo 50% Ibérico 12 Meses,"44,90 € / 1 Kg","44,90 €",MONTARAZ
Frescos,Charcutería corte,Cecina,"32,90 € / 1 Kg","32,90 €",PALCARSA
Frescos,Charcutería corte,Cabeza de Cerdo Primera,"13,90 € / 1 Kg","13,90 €",PICKEN
Frescos,Charcutería corte,Jamón Gran Reserva Reducido en Sal 25%,"23,90 € / 1 Kg","23,90 €",BOADAS
Frescos,Charcutería corte,Panceta Curada Salada,"12,50 € / 1 Kg","12,50 €",EDIGAPA
Frescos,Charcutería corte,Salchichón Ibérico Extra Cebo de Campo,"18,90 € / 1 Kg","18,90 €",CORTE NOBLE
Frescos,Charcutería corte,Chorizo Ibérico Extra Cebo de Campo,"18,90 € / 1 Kg","18,90 €",CORTE NOBLE
Frescos,Charcutería corte,Chorizo Ibérico Extra Cebo,"16,90 € / 1 Kg","16,90 €",BOADAS
Frescos,Charcutería corte,Salchichón Ibérico Extra Cebo,"16,90 € / 1 Kg","16,90 €",BOADAS
Frescos,Charcutería corte,Pechuga de Pollo 90% Carne Esencia,"14,90 € / 1 Kg","14,90 €",TELLO
Frescos,Charcutería corte,Chorizo de Pamplona Extra,"12,90 € / 1 Kg","12,90 €",GOIKOA
Frescos,Charcutería corte,"Jamón de Teruel DOP Peso Aproximado 8-8,5 K 8 Kg","11,88 € / 1 Kg","95,00 €",ARCOIRIS
Frescos,Charcutería corte,Lomo Embuchado 50% Duroc,"19,50 € / 1 Kg","19,50 €",LORIENTE
Frescos,Quesos,Queso Oveja Cuña 250 Gr,"23,96 € / 1 Kg","5,99 €",FLOR ESGUEVA
Frescos,Quesos,"Queso Fresco Pack de 4 Unidades 4 x 62,5 Gr","4,20 € / 1 Kg","1,10 €
1,05 €",CONSUM
Frescos,Quesos,"Queso Fresco 0% Pack de 4 Unidades 4 x 62,5 Gr","4,20 € / 1 Kg","1,10 €
1,05 €",CONSUM
Frescos,Quesos,Queso Rallado Emmental 200 Gr,"7,90 € / 1 Kg","1,63 €
1,58 €",CONSUM
Frescos,Quesos,Queso Fresco Pack de 2 Unidades 2 x 250 Gr,"3,80 € / 1 Kg","1,95 €
1,90 €",CONSUM
Frescos,Quesos,Philadelphia Light Tarrina 200 Gr,"9,75 € / 1 Kg","2,20 €
1,95 €",PHILADELPHIA
Frescos,Quesos,Philadelphia Natural Tarrina 200 Gr,"9,75 € / 1 Kg","2,20 €
1,95 €",PHILADELPHIA
Frescos,Quesos,Queso Gorgonzola D.O.P 200 Gr,"11,95 € / 1 Kg","2,69 €
2,39 €",IGOR
Frescos,Quesos,Requesón 200 Gr,"4,40 € / 1 Kg","1,00 €
0,88 €",GRANJA RINYA
Frescos,Quesos,Palitos Pic y Croq 4 Paquetes 140 Gr,"17,07 € / 1 Kg","2,39 €",VACA QUE RIE
Frescos,Quesos,Queso Tierno Mezcla Lonchas 150 Gr,"14,33 € / 1 Kg","2,39 €
2,15 €",G.BAQUERO
Frescos,Quesos,Queso Fresco 0% Pack de 2 Unidades 2 x 250 Gr,"3,80 € / 1 Kg","1,95 €
1,90 €",CONSUM
Frescos,Quesos,Queso Minibabybel Malla 10 Unidades 200 Gr,"19,00 € / 1 Kg","4,23 €
3,80 €",MINIBABYBEL
Frescos,Quesos,Queso Brie Cuña 200 Gr,"15,95 € / 1 Kg","3,65 €
3,19 €",PRESIDENT
Frescos,Quesos,Medallones Queso Cabra 200 Gr,"14,90 € / 1 Kg","3,32 €
2,98 €",PRESIDENT
Frescos,Quesos,Queso Fresco Tarrina en Salmuera 200 Gr,"14,95 € / 1 Kg","3,64 €
2,99 €",ARLA
Frescos,Quesos,Escamas de Queso Parmigiano Reggiano 80 Gr,"28,75 € / 1 Kg","2,30 €",FERRARINI
Frescos,Quesos,Aperitivo Sabor Mediterráneos 100 Gr,"25,50 € / 1 Kg","2,85 €
2,55 €",BURGO ARIAS
Frescos,Quesos,Queso Semicurado Light 16 Porciones 250 Gr,"11,40 € / 1 Kg","2,85 €",VACA QUE RIE
Frescos,Quesos,Queso Pok Añejo Ya cortado 200 Gr,"22,95 € / 1 Kg","4,99 €
4,59 €",G.BAQUERO
Frescos,Quesos,Rallado Vegano Estilo Mozzarella 200 Gr,"12,45 € / 1 Kg","3,49 €
2,49 €",VIOLIFE
Frescos,Quesos,Lonchas de Queso Semicurado Santtum 80 Gr,"16,13 € / 1 Kg","1,45 €
1,29 €",EL PASTOR
Frescos,Quesos,Crema de Queso Finas Hierbas 150 Gr,"12,34 € / 1 Kg","2,05 €
1,85 €",CREMETTE
Frescos,Quesos,Queso Untar Natural sin Lactosa 200 Gr,"8,45 € / 1 Kg","2,07 €
1,69 €",ARLA
Frescos,Quesos,Burgo de Arias Protein Plus 3 x 70 Gr,"14,24 € / 1 Kg","2,99 €",BURGO ARIAS
Frescos,Quesos,Queso Roquefort Cuña 100 Gr,"29,90 € / 1 Kg","2,99 €",PAPILLON
Frescos,Quesos,Queso Fundido Porciones 250 Gr,"10,20 € / 1 Kg","2,55 €",EL CASERIO
Frescos,Quesos,Queso Fundido 16 Porciones 250 Gr,"11,12 € / 1 Kg","2,78 €",VACA QUE RIE
Frescos,Quesos,Queso Fundido Light 16 Porciones 250 Gr,"11,16 € / 1 Kg","2,79 €",VACA QUE RIE
Frescos,Quesos,Queso Rallado Filatto Bolsa 80 Gr,"18,13 € / 1 Kg","1,45 €",EL CASERIO
Frescos,Quesos,Queso Burgo de Arias Pack de 3 Unidades 3 x 72 Gr,"13,84 € / 1 Kg","2,99 €",ARIAS
Frescos,Quesos,Queso Rallado 4 Quesos 100% Natural 120 Gr,"22,08 € / 1 Kg","2,65 €",EL CASERIO
Frescos,Quesos,Crema de Camembert Tarrina 125 Gr,"14,80 € / 1 Kg","1,85 €",PRESIDENT
Frescos,Quesos,Queso Fresco Cassoleta Tarrina 250 Gr,"10,36 € / 1 Kg","2,59 €",GRANJA RINYA
Frescos,Quesos,Queso Fresco 0% Pack de 3 Unidades 3 x 72 Gr,"13,84 € / 1 Kg","2,99 €",ARIAS
Frescos,Quesos,Mozzarella Rallada Especial Pizza 200 Gr,"7,70 € / 1 Kg","1,54 €",CONSUM
Frescos,Quesos,Membrillo 2 x 200 Gr,"3,13 € / 1 Kg","1,25 €",CONSUM
Frescos,Quesos,Queso Mezcla Semicurado Ya Cortado 225 Gr,"19,07 € / 1 Kg","4,29 €",G.BAQUERO
Frescos,Quesos,Queso Lonchas Fundido 16 Lonchas 300 Gr,"4,17 € / 1 Kg","1,25 €",CONSUM
Frescos,Quesos,Queso Rallado Emmental Francés 90 Gr,"23,00 € / 1 Kg","2,07 €",PRESIDENT
Frescos,Quesos,Queso Mezcla Semicurado Cuña 325 Gr,"14,92 € / 1 Kg","4,85 €",G.BAQUERO
Frescos,Quesos,Queso Mezcla Tierno Cuña 325 Gr,"14,00 € / 1 Kg","4,55 €",G.BAQUERO
Frescos,Quesos,Queso Mezcla Tronchón Cuña 200 Gr,"11,80 € / 1 Kg","2,36 €",GRANJA RINYA
Frescos,Quesos,Queso Mezcla Semicurado Cuña 325 Gr,"10,09 € / 1 Kg","3,28 €",CONSUM
Frescos,Quesos,Queso Mezcla Tierno Cuña 325 Gr,"9,02 € / 1 Kg","2,93 €",CONSUM
Frescos,Quesos,Queso Castello Piña Unidad 125 Gr,"18,40 € / 1 Kg","2,30 €",ARLA
Frescos,Quesos,Queso Mezcla Curado Leche Pasteurizada 310 Gr,"11,48 € / 1 Kg","3,56 €",CONSUM
Frescos,Quesos,Queso Fresco Tradicional Tarrina 250 Gr,"9,40 € / 1 Kg","2,35 €",CONSUM
Frescos,Quesos,Queso Fundido Light 16 Lonchas 300 Gr,"6,00 € / 1 Kg","1,80 €",CONSUM
Frescos,Quesos,Philadelphia Finas Hierbas 150 Gr,"15,93 € / 1 Kg","2,39 €",PHILADELPHIA
Frescos,Quesos,Queso Emmental Lonchas 200 Gr,"14,40 € / 1 Kg","2,88 €",JUAN LUNA
Frescos,Quesos,Queso Fundido Light Porciones 250 Gr,"5,96 € / 1 Kg","1,49 €",CONSUM
Frescos,Quesos,Queso Fundido. Porciones 250 Gr,"5,60 € / 1 Kg","1,40 €",CONSUM
Frescos,Quesos,Queso Tierno Mezcla Lonchas 200 Gr,"9,55 € / 1 Kg","1,91 €",CONSUM
Frescos,Quesos,Queso Mezcla Semi Lonchas 200 Gr,"11,75 € / 1 Kg","2,35 €",CONSUM
Frescos,Quesos,Queso Mezcla Curado Ya Cortado L Pasteurizada 225 Gr,"19,51 € / 1 Kg","4,39 €",G.BAQUERO
Frescos,Quesos,Queso Rallado Parmigiano Reggiano 60 Gr,"28,67 € / 1 Kg","1,72 €",FERRARINI
Frescos,Quesos,Queso Mozzarella Fresca 125 Gr,"7,60 € / 1 Kg","0,95 €",CONSUM
Frescos,Quesos,Queso Tierno Precortado 250 Gr,"12,08 € / 1 Kg","3,02 €",CONSUM
Frescos,Quesos,Queso Semicurado Precortado 250 Gr,"13,64 € / 1 Kg","3,41 €",CONSUM
Frescos,Quesos,Queso Tierno Light Lonchas 200 Gr,"11,50 € / 1 Kg","2,30 €",CONSUM
Frescos,Quesos,Tabla Mixta de Quesos 150 Gr,"18,33 € / 1 Kg","2,75 €",CONSUM
Frescos,Quesos,Camembert 240 Gr,"7,63 € / 1 Kg","1,83 €",NORMANDIE
Frescos,Quesos,Queso Brie Punta 200 Gr,"8,00 € / 1 Kg","1,60 €",FLEUR FRANCE
Frescos,Quesos,Queso Burgo Arias Natural 2 x 60 Gr,"9,08 € / 1 Kg","1,09 €",ARIAS
Frescos,Quesos,Queso Mezcla Reserva 12 Meses L.Pasteurizada 200 Gr,"23,95 € / 1 Kg","4,79 €",G.BAQUERO
Frescos,Quesos,Mozzarella 100 Gr,"13,90 € / 1 Kg","1,39 €",GALBANI
Frescos,Quesos,Queso Oveja Leche Cruda BDF 250 Gr,"17,80 € / 1 Kg","4,45 €",CONSUM
Frescos,Quesos,Mascarpone 250 Gr,"13,96 € / 1 Kg","3,49 €",GALBANI
Frescos,Quesos,Philadelphia Natural Tarrina 350 Gr,"10,14 € / 1 Kg","3,55 €",PHILADELPHIA
Frescos,Quesos,Queso Tierno Bajo en Sal Leche Pasteurizada 250 Gr,"10,44 € / 1 Kg","2,61 €",CONSUM
Frescos,Quesos,Queso Tapas Cortaditas Mezcla Curado Santtum 165 Gr,"18,12 € / 1 Kg","2,99 €",EL PASTOR
Frescos,Quesos,Queso Rallado en Polvo 150 Gr,"8,33 € / 1 Kg","1,25 €",CONSUM
Frescos,Quesos,Queso Rallado Hilo 110 Gr,"6,55 € / 1 Kg","0,72 €",CONSUM
Frescos,Quesos,Rulo de Vaca 140 Gr,"13,21 € / 1 Kg","1,85 €",EL PASTOR
Frescos,Quesos,Queso Mezcla Semi Lonchas 200 Gr,"17,75 € / 1 Kg","3,55 €",G.BAQUERO
Frescos,Quesos,Queso Mezcla Curado Lonchas 140 Gr,"23,00 € / 1 Kg","3,22 €",GRAN CAPITAN
Frescos,Quesos,Queso Mezcla Curado Precortado L.Pasteurizad 250 Gr,"14,68 € / 1 Kg","3,67 €",CONSUM
Frescos,Quesos,Queso Tierno Lonchas 160 Gr,"18,44 € / 1 Kg","2,95 €",EL VENTERO
Frescos,Quesos,Queso Light Lonchas 160 Gr,"18,94 € / 1 Kg","3,03 €",EL VENTERO
Frescos,Quesos,Queso Fundido Entero Lonchas 300 Gr,"7,17 € / 1 Kg","2,15 €",HOCHLAND
Frescos,Quesos,Queso Cabra Semi Lonchas 125 Gr,"22,80 € / 1 Kg","2,85 €",G.BAQUERO
Frescos,Quesos,Queso Rallado Mozzarella Bolsa 150 Gr,"20,47 € / 1 Kg","3,07 €",ARLA
Frescos,Quesos,Parmigiano Reggiano Cuña 180 Gr,"23,22 € / 1 Kg","4,18 €",FERRARINI
Frescos,Quesos,Queso sin Lactosa Lonchas 150 Gr,"19,00 € / 1 Kg","2,85 €",G.BAQUERO
Frescos,Quesos,Queso Fresco Batido Desnatado 0% M.G 450 Gr,"4,67 € / 1 Kg","2,10 €",FLOR BURGOS
Frescos,Quesos,Queso Bajo en Sal Lonchas 160 Gr,"18,69 € / 1 Kg","2,99 €",EL VENTERO
Frescos,Quesos,Queso Havarti Light Lonchas 200 Gr,"15,15 € / 1 Kg","3,03 €",JUAN LUNA
Frescos,Quesos,Queso Tierno Light Leche Pasteurizada 250 Gr,"11,00 € / 1 Kg","2,75 €",CONSUM
Frescos,Quesos,Queso Rallado Pizzas 5 Quesos con Azul 150 Gr,"15,67 € / 1 Kg","2,35 €",FORVAL
Frescos,Quesos,Queso Mezcla Viejo Leche Pasteurizada 300 Gr,"14,17 € / 1 Kg","4,25 €",CONSUM
Frescos,Quesos,Queso Mozzarella Lonchas 150 Gr,"18,27 € / 1 Kg","2,74 €",ARLA
Frescos,Quesos,Queso Untar Natural Tarrina 250 Gr,"4,76 € / 1 Kg","1,19 €",CONSUM
Frescos,Quesos,"Queso Fresco sin Sal Pack de 4 Unidades 4 x 62,5 Gr","6,40 € / 1 Kg","1,60 €",CONSUM
Frescos,Quesos,Queso Untar Light Tarrina 250 Gr,"4,76 € / 1 Kg","1,19 €",CONSUM
Frescos,Quesos,Queso Cheddar Curado 200 Gr,"14,25 € / 1 Kg","2,85 €",LEISTON
Frescos,Quesos,Queso Cabra Medallón 75 Gr,"16,93 € / 1 Kg","1,27 €",GRANJA RINYA
Frescos,Quesos,Queso Havarti Light Lonchas 150 Gr,"20,47 € / 1 Kg","3,07 €",ARLA
Frescos,Quesos,Crema de Queso Semicurado Tarrina 125 Gr,"14,80 € / 1 Kg","1,85 €",PRESIDENT
Frescos,Quesos,Mozzarella Buffala DOP 125 Gr,"16,40 € / 1 Kg","2,05 €",SPIGA
Frescos,Quesos,Queso Untar Natural 200 Gr,"9,95 € / 1 Kg","1,99 €",SAN MILLAN
Frescos,Quesos,Crema de Queso Azul Tarrina 125 Gr,"14,80 € / 1 Kg","1,85 €",PRESIDENT
Frescos,Quesos,Queso Apetina en Aceite Tarro 265 Gr,"13,40 € / 1 Kg","3,55 €",ARLA
Frescos,Quesos,Queso Lonchas 150 Gr,"10,20 € / 1 Kg","1,53 €",EL CASERIO
Frescos,Quesos,Queso Lonchas Gouda Light 100 Gr,"15,90 € / 1 Kg","1,59 €",JUAN LUNA
Frescos,Quesos,Crema de Membrillo 400 Gr,"6,38 € / 1 Kg","2,55 €",EL QUIJOTE
Frescos,Quesos,Dulce de Frutas 400 Gr,"5,98 € / 1 Kg","2,39 €",EL QUIJOTE
Frescos,Quesos,Queso Camembert Porciones 250 Gr,"15,96 € / 1 Kg","3,99 €",PRESIDENT
Frescos,Quesos,Queso Oveja Viejo con Romero 200 Gr,"23,70 € / 1 Kg","4,74 €",CARMEN
Frescos,Quesos,Philadelphia Light Tarrina 350 Gr,"10,14 € / 1 Kg","3,55 €",PHILADELPHIA
Frescos,Quesos,Membrillo en Lonchas 150 Gr,"19,93 € / 1 Kg","2,99 €",SANTA TERESA
Frescos,Quesos,Queso Cheddar Lonchas 150 Gr,"17,60 € / 1 Kg","2,64 €",ARLA
Frescos,Quesos,Queso de Cava Barus Cuña 250 Gr,"19,56 € / 1 Kg","4,89 €",G.BAQUERO
Frescos,Quesos,Mozzarella Fresca Light 100 Gr,"17,50 € / 1 Kg","1,75 €",TOSCANELLA
Frescos,Quesos,Philadelphia Salmón 150 Gr,"15,93 € / 1 Kg","2,39 €",PHILADELPHIA
Frescos,Quesos,Queso Fundido Light Queso Azul 16 Porciones 250 Gr,"11,56 € / 1 Kg","2,89 €",VACA QUE RIE
Frescos,Quesos,Queso Azul Vaca Oveja Porción 125 Gr,"18,08 € / 1 Kg","2,26 €",PEÑASANTA
Frescos,Quesos,Queso Fundido Lonchas sin Lactosa 185 Gr,"11,89 € / 1 Kg","2,20 €",EL CASERIO
Frescos,Quesos,Queso Oveja al Pedro Ximénez 200 Gr,"20,25 € / 1 Kg","4,05 €",CARMEN
Frescos,Quesos,Queso Havarti Lonchas 80 Gr,"16,88 € / 1 Kg","1,35 €",G.BAQUERO
Frescos,Quesos,Queso Fresco Artesano al Punto de Sal 250 Gr,"10,56 € / 1 Kg","2,64 €",EL VENTERO
Frescos,Quesos,Queso Feta D.O.P. Griego Leche de Oveja y Cabra 200 Gr,"17,95 € / 1 Kg","3,59 €",HOTOS
Frescos,Quesos,Tofu Bio 400 Gr,"8,13 € / 1 Kg","3,25 €",VIVERA
Frescos,Quesos,Queso de Oveja Añejo Leche Cruda 200 Gr,"20,75 € / 1 Kg","4,15 €",CARMEN
Frescos,Quesos,Membrillo Bio 290 Gr,"14,79 € / 1 Kg","4,29 €",SANTA TERESA
Frescos,Quesos,Queso Burgo de Arias Cabra 3 x 70 Gr,"18,52 € / 1 Kg","3,89 €",ARIAS
Frescos,Quesos,Minibabybel Enrollado 5 Unidades 85 Gr,"28,12 € / 1 Kg","2,39 €",MINIBABYBEL
Frescos,Quesos,Queso Fresco con Nata 6 Porciones 108 Gr,"21,85 € / 1 Kg","2,36 €",KIRI
Frescos,Quesos,Queso Cabra Rulo Unidad 180 Gr,"18,06 € / 1 Kg","3,25 €",PRESIDENT
Frescos,Quesos,Burrata Vassetto 125 Gr,"22,24 € / 1 Kg","2,78 €",SPIGA
Frescos,Quesos,Queso Tierno Ya Cortado 225 Gr,"18,18 € / 1 Kg","4,09 €",G.BAQUERO
Frescos,Quesos,Queso Fresco Servilleta 250 Gr,"10,76 € / 1 Kg","2,69 €",CAPRILLICE
Frescos,Quesos,Queso Old Amsterdam Cortadas 200 Gr,"23,75 € / 1 Kg","4,75 €",WESTLAND
Frescos,Quesos,Tabla 3 Quesos D.O.P. Quesos Franceses 215 Gr,"18,37 € / 1 Kg","3,95 €",CANTOREL
Frescos,Quesos,Queso Proteínico 200 Gr,"21,45 € / 1 Kg","4,29 €",EATLEAN
Frescos,Quesos,Queso Bavaria Blue Mini 150 Gr,"14,73 € / 1 Kg","2,21 €",BERGADER
Frescos,Quesos,Queso Oveja Curado a la Trufa 200 Gr,"24,25 € / 1 Kg","4,85 €",CARMEN
Frescos,Quesos,Queso Rallado Estilo Italiano 100 Gr,"14,30 € / 1 Kg","1,43 €",HOCHLAND
Frescos,Quesos,Queso en Dados para Ensalada 110 Gr,"25,00 € / 1 Kg","2,75 €",KEBU
Frescos,Quesos,Cottage Cheese Protein Copos de Queso Fresco 200 Gr,"12,00 € / 1 Kg","2,40 €",ARLA
Frescos,Quesos,Crema de Brie con Trufa 105 Gr,"17,62 € / 1 Kg","1,85 €",PRESIDENT
Frescos,Quesos,Queso sin Lactosa Lonchas 150 Gr,"12,80 € / 1 Kg","1,92 €",CONSUM
Frescos,Quesos,Queso Fondue Caja 400 Gr,"11,23 € / 1 Kg","4,49 €",FROMALP
Frescos,Quesos,Queso Havarti Lonchas 300 Gr,"15,30 € / 1 Kg","4,59 €",ARLA
Frescos,Quesos,Queso Grana Padano D.O.P. 180 Gr,"15,00 € / 1 Kg","2,70 €",SPIGA
Frescos,Quesos,Queso de Cabra Afinado 250 Gr,"23,80 € / 1 Kg","5,95 €",CAPRIMED
Frescos,Quesos,Provolone Spiga Gourmet 150 Gr,"13,27 € / 1 Kg","1,99 €",SPIGA
Frescos,Quesos,Camembert Empanado 350 Gr,"10,86 € / 1 Kg","3,80 €",COBURGER
Frescos,Quesos,Lonchas Veganas Sabor Original 200 Gr,"17,45 € / 1 Kg","3,49 €",VIOLIFE
Frescos,Quesos,Queso Servilleta Artesano Leche de Cabra 350 Gr,"15,29 € / 1 Kg","5,35 €",LA CABRITA
Frescos,Quesos,Tabla de Quesos Gourmet 150 Gr,"24,33 € / 1 Kg","3,65 €",G.BAQUERO
Frescos,Quesos,Queso Edam Lonchas 200 Gr,"7,00 € / 1 Kg","1,40 €",ROYAL ORANGE
Frescos,Quesos,"Queso Fresco sin Lactosa 4 x 62,5 Gr","7,56 € / 1 Kg","1,89 €",EL VENTERO
Frescos,Quesos,Queso Fresco Tradicional Cabra 250 Gr,"11,96 € / 1 Kg","2,99 €",GRANJA RINYA
Frescos,Quesos,Tabla de Quesos Nacionales 12 Cuñitas 200 Gr,"20,60 € / 1 Kg","4,12 €",JUAN LUNA
Frescos,Quesos,Queso sin Lactosa Porciones 120 Gr,"15,92 € / 1 Kg","1,91 €",VACA QUE RIE
Frescos,Quesos,Queso Bola Edam Tierno Holandés Cuña 310 Gr,"8,55 € / 1 Kg","2,65 €",ROYAL ORANGE
Frescos,Quesos,Queso Semicurado Bola Edam 285 Gr,"11,54 € / 1 Kg","3,29 €",ROYAL ORANGE
Frescos,Quesos,Crema de Queso Cheddar 125 Gr,"14,80 € / 1 Kg","1,85 €",PRESIDENT
Frescos,Quesos,Queso Cabra Semicurado 200 Gr,"22,45 € / 1 Kg","4,49 €",CARMEN
Frescos,Quesos,Membrillo para Untar 175 Gr,"12,29 € / 1 Kg","2,15 €",SANTA TERESA
Frescos,Quesos,Queso Azul D'Auvergne DOP 100 Gr,"13,90 € / 1 Kg","1,39 €",F.OCCITANES
Frescos,Quesos,Queso Artesano Reserva Leche Cruda Mezcla 200 Gr,"18,25 € / 1 Kg","3,65 €",CARMEN
Frescos,Quesos,"Dados Ensaladas Edam,Gouda y Cheddar 100 Gr","13,00 € / 1 Kg","1,30 €",JUAN LUNA
Frescos,Quesos,Queso Maasdam Lonchas 200 Gr,"14,40 € / 1 Kg","2,88 €",JUAN LUNA
Frescos,Quesos,Queso Azul en Lonchas sin Lactosa 100 Gr,"22,00 € / 1 Kg","2,20 €",LAZUR
Frescos,Quesos,Queso Roquefort DOP 100 Gr,"20,20 € / 1 Kg","2,02 €",F.OCCITANES
Frescos,Quesos,Dados de Queso 100% Cabra 100 Gr,"20,70 € / 1 Kg","2,07 €",JUAN LUNA
Frescos,Quesos,Snack de Queso Infantil 80 Gr,"26,88 € / 1 Kg","2,15 €",PIK NIK
Frescos,Quesos,Queso Semi Cabra 300 Gr,"17,97 € / 1 Kg","5,39 €",CARMEN
Frescos,Quesos,Queso Cremoso Lonchas 250 Gr,"13,84 € / 1 Kg","3,46 €",ASTURIANA
Frescos,Quesos,Queso Minibabybel Mix 9 Unidades 180 Gr,"23,61 € / 1 Kg","4,25 €",MINIBABYBEL
Frescos,Quesos,Queso Cheddar 8 Loncha Tranchettes 150 Gr,"12,73 € / 1 Kg","1,91 €",VACA QUE RIE
Frescos,Quesos,Queso Caprice des Dieux 125 Gr,"22,32 € / 1 Kg","2,79 €",ARIAS
Frescos,Quesos,"Queso Arzúa-Ulloa DOP Peso Aproximado 600 Gr. 0,6 Kg","9,22 € / 1 Kg","5,53 €",Q.BARRAL
Frescos,Quesos,Queso Ahumado Aceite Oveja Curado 250 Gr,"15,00 € / 1 Kg","3,75 €",CERRATO
Frescos,Quesos,"Queso Tetilla Dop Peso Aproximado 550 Gr. 0,55 Kg","9,29 € / 1 Kg","5,11 €",Q.BARRAL
Frescos,Quesos,Cortaditas Queso Tierno sin Lactosa 200 Gr,"19,15 € / 1 Kg","3,83 €",EL VENTERO
Frescos,Quesos,Queso Tierno Lonchas Light Bajo en Sal Santtum 80 Gr,"19,38 € / 1 Kg","1,55 €",EL PASTOR
Frescos,Quesos,Queso Protein Lonchas 150 Gr - Refrigerado,"20,47 € / 1 Kg","3,07 €",ARLA
Frescos,Quesos,Crema de Queso con Piña y Papaya 125 Gr,"15,92 € / 1 Kg","1,99 €",DELITUSS
Frescos,Quesos,Crema de Queso con Cebollino 125 Gr,"15,92 € / 1 Kg","1,99 €",DELITUSS
Frescos,Quesos,Q. Vaca-Oveja Curado Umami 300 Gr,"13,83 € / 1 Kg","4,15 €",CERRATO
Frescos,Quesos,Perlas de Queso Rellenas de Frambuesa 125 Gr,"21,20 € / 1 Kg","2,65 €",EL PASTOR
Frescos,Quesos,Queso de Cabra 100% en Salmuera 150 Gr,"12,13 € / 1 Kg","1,82 €",SÈNA
Frescos,Quesos,Queso Cheddar en Lonchas 200 Gr,"12,25 € / 1 Kg","2,45 €",SANABRIA
Frescos,Quesos,Queso Gouda en Lonchas 200 Gr,"10,75 € / 1 Kg","2,15 €",SANABRIA
Frescos,Quesos,Queso Cheddar Rallado 150 Gr,"15,07 € / 1 Kg","2,26 €",SANABRIA
Frescos,Quesos,Queso Gruyère France IGP 200 Gr,"15,50 € / 1 Kg","3,10 €",ENTREMONT
Frescos,Quesos,Queso Oveja Semicurado en lonchas 100 Gr,"18,90 € / 1 Kg","1,89 €",SANABRIA
Frescos,Quesos,Queso Fresco 1 Kg,"4,22 € / 1 Kg","4,22 €",LACT.VICENTE
Frescos,Quesos,Queso de Cabra Tierno 200 Gr,"17,25 € / 1 Kg","3,45 €",GRANJA RINYA
Frescos,Quesos,Queso de Vaca Griego 150 Gr,"13,80 € / 1 Kg","2,07 €",SÈNA
Frescos,Quesos,Queso Rulo de Cabra 100% 180 Gr,"11,78 € / 1 Kg","2,12 €",CONSUM
Frescos,Quesos,Cottage Natural 0% Materia Grasa 200 Gr,"6,50 € / 1 Kg","1,30 €",MARGUI
Frescos,Quesos,Queso Fundido Lonchas Sandwich 160 Gr,"9,69 € / 1 Kg","1,55 €",SANABRIA
Frescos,Quesos,Queso de Cabra Tierno Lonchas 160 Gr,"18,44 € / 1 Kg","2,95 €",SANABRIA
Frescos,Quesos,Queso Manchego Viejo D.O.P Cuña 250 Gr,"23,28 € / 1 Kg","5,82 €",CONSUM
Frescos,Quesos,Queso Rallado Pecorino Romano DOP 60 Gr,"33,17 € / 1 Kg","1,99 €",ELITALY
Frescos,Quesos,Emmental Francés Cuña 220 Gr,"12,50 € / 1 Kg","2,75 €",ENTREMONT
Frescos,Quesos,Queso Tierno Mezcla Mini,"7,95 € / 1 Kg","7,95 €",GRANJA LUZ
Frescos,Quesos,Queso Curado Mezcla Mini,"10,50 € / 1 Kg","9,46 €",GRANJA LUZ
Frescos,Quesos,Queso Mezcla Semi Mini,"9,49 € / 1 Kg","9,04 €",GRANJA LUZ
Frescos,Quesos,Queso Tierno Lonchas 90 Gr,"16,67 € / 1 Kg","1,50 €",G.BAQUERO
Frescos,Quesos,Queso Fundido Lonchas Sándwich 160 Gr,"14,31 € / 1 Kg","2,29 €",TRANCHETTES
Frescos,Quesos,Philadelphia Vegetal 100% Vegano 145 Gr,"20,62 € / 1 Kg","2,99 €",PHILADELPHIA
Frescos,Quesos,Queso Oveja Reserva Castellano Cuña 200 Gr,"19,95 € / 1 Kg","3,99 €",LACT.VICENTE
Frescos,Quesos,Queso Plancha Tasty Grill 140 Gr,"24,93 € / 1 Kg","3,49 €",OLD AMSTERDA
Frescos,Quesos,Queso Gouda Curado Cuña 200 Gr,"23,75 € / 1 Kg","4,75 €",OLD AMSTERDA
Frescos,Quesos,Rallado 3 Quesos Light Proteínico 150 Gr,"19,93 € / 1 Kg","2,99 €",ARLA
Frescos,Quesos,Queso Gouda Tierno Cuña 350 Gr,"8,14 € / 1 Kg","2,85 €",CONSUM
Frescos,Quesos,Queso Gouda Semi Cuña 300 Gr,"9,30 € / 1 Kg","2,79 €",CONSUM
Frescos,Quesos,Queso Maasdam Cuña 375 Gr,"7,97 € / 1 Kg","2,99 €",CONSUM
Frescos,Quesos,Queso Rallado Gouda 200 Gr,"7,20 € / 1 Kg","1,44 €",CONSUM
Frescos,Quesos,Queso Rallado 4 Quesos 200 Gr,"9,15 € / 1 Kg","1,83 €",CONSUM
Frescos,Quesos,Queso Mezcla Tostado 200 Gr,"23,45 € / 1 Kg","4,69 €",GRAN CAPITAN
Frescos,Quesos,Queso Rallado Sin Lactosa 150 Gr,"10,87 € / 1 Kg","1,63 €",CONSUM
Frescos,Quesos,Ricotta 250 Gr,"7,40 € / 1 Kg","1,85 €",TREVISANALAT
Frescos,Quesos,Raclette 250 Gr,"11,96 € / 1 Kg","2,99 €",ENTREMONT
Frescos,Quesos corte,Queso Oveja Reserva Leche Cruda 8 Meses,"23,36 € / 1 Kg","25,95 €
23,36 €",BOFFARD
Frescos,Quesos corte,Queso Reserva 12 Meses L. Pasteurizada Mezcla,"18,25 € / 1 Kg","20,89 €
18,25 €",G.BAQUERO
Frescos,Quesos corte,Membrillo Artesano Natural sin Gluten,"12,75 € / 1 Kg","14,50 €
12,75 €",SANTA TERESA
Frescos,Quesos corte,Queso Oveja Semicurado Leche Oveja Pasteurizad,"16,99 € / 1 Kg","19,50 €
16,99 €",V.SOTUELAMOS
Frescos,Quesos corte,Queso Mezcla Semi Leche Pasteurizada,"15,65 € / 1 Kg","15,65 €",G.BAQUERO
Frescos,Quesos corte,Q.FrescTradicional Cabra L. de Cabra Pasteurizada,"13,90 € / 1 Kg","13,90 €",GRANJA RINYA
Frescos,Quesos corte,Queso Bavaria Blue Leche Vaca Pasteurizada,"17,90 € / 1 Kg","17,90 €",BERGADER
Frescos,Quesos corte,Queso Oveja Leche Crud Cura. 7 Meses Valladolid,"25,90 € / 1 Kg","25,90 €",FLOR ESGUEVA
Frescos,Quesos corte,Queso Mezcla Curado 5 Meses L. Pasteurizada,"19,50 € / 1 Kg","19,50 €",GRAN CAPITAN
Frescos,Quesos corte,Queso Mezcla Barra Tierno L. Pasteurizada,"15,87 € / 1 Kg","15,87 €",EL VENTERO
Frescos,Quesos corte,Queso Fresco Servilleta Leche Pasteurizada,"12,20 € / 1 Kg","12,20 €",GRANJA RINYA
Frescos,Quesos corte,Queso Cabra Semicurado Leche Pasteurizada,"18,95 € / 1 Kg","18,95 €",CARMEN
Frescos,Quesos corte,Q.Hushall Light 17% Gras Leche Vaca Pasteurizada,"12,02 € / 1 Kg","12,02 €",ARLA
Frescos,Quesos corte,Q Parmigiano Reggiano D.O.P. L.Cruda de Vaca,"22,02 € / 1 Kg","22,02 €",FERRARINI
Frescos,Quesos corte,Queso Brie Francés Leche Vaca Pasteurizada,"13,90 € / 1 Kg","13,90 €",CANTOREL
Frescos,Quesos corte,Q. Gruyère Suizo D.O.P Leche Cruda de Vaca,"29,90 € / 1 Kg","29,90 €",SUIZA
Frescos,Quesos corte,Queso Cabra Tierno Leche Pasteurizada,"20,90 € / 1 Kg","20,90 €",G.BAQUERO
Frescos,Quesos corte,Queso Oveja Semicurado Leche Pasteurizada,"17,50 € / 1 Kg","17,50 €",CARMEN
Frescos,Quesos corte,Queso Mezcla Barra Tierno L. Pasteurizada,"13,95 € / 1 Kg","13,95 €",CARMEN
Frescos,Quesos corte,"Tarta de Queso Artesana Queso Fresco,Huevo,Lec","9,99 € / 1 Kg","9,99 €",GRANJA RINYA
Frescos,Quesos corte,Queso Delicias de Cabra Leche Pasteurizada,"22,50 € / 1 Kg","22,50 €",EL PASTOR
Frescos,Quesos corte,Queso Oveja Añejo Leche Cruda 9 Meses,"22,99 € / 1 Kg","22,99 €",G.BAQUERO
Frescos,Quesos corte,Q.Mezcla La Cava Artes Leche Pasteurizada,"19,90 € / 1 Kg","19,90 €",G.BAQUERO
Frescos,Quesos corte,Q.Tradicional Cassoleta Fresco L.Pasteurizada,"10,90 € / 1 Kg","10,90 €",GRANJA RINYA
Frescos,Quesos corte,Queso Oveja c/Ajo Negro Leche Pasteurizada,"23,90 € / 1 Kg","23,90 €",V.SOTUELAMOS
Frescos,Quesos corte,Queso de Oveja Trufado L. de Oveja Pasteurizada,"26,90 € / 1 Kg","26,90 €",V.SOTUELAMOS
Frescos,Quesos corte,Queso Cabra La Casita Leche Cabra Pasteurizad,"20,90 € / 1 Kg","20,90 €",CAPRILLICE
Frescos,Quesos corte,Queso Mezcla Semi Leche Pasteurizada,"13,50 € / 1 Kg","13,50 €",ARTEPOK
Frescos,Quesos corte,Queso Semicurado Barra Leche Pasteurizada,"16,50 € / 1 Kg","16,50 €",G.BAQUERO
Frescos,Quesos corte,Queso Cabra Pell Florida L.Pasteurizada Maestraz,"25,90 € / 1 Kg","25,90 €",CATI
Frescos,Quesos corte,Queso Oveja Tierno Leche Pasteurizada,"15,90 € / 1 Kg","15,90 €",V.SOTUELAMOS
Frescos,Quesos corte,Queso Cabrales D.O.P Leche Cruda de Vaca,"23,56 € / 1 Kg","23,56 €",EL MOLIN
Frescos,Quesos corte,Queso Mezcla Curado Leche Pasteurizada,"16,50 € / 1 Kg","16,50 €",ARTEPOK
Frescos,Quesos corte,Queso Oveja-Cabra Añejo Leche Cruda 12 Meses,"19,50 € / 1 Kg","19,50 €",CARMEN
Frescos,Quesos corte,Q.Rulo Mezcla Papaya L.Pasteurizada Cabr-Vac,"15,80 € / 1 Kg","15,80 €",GRANJA RINYA
Frescos,Quesos corte,Q. Oveja Pasta Blanda Leche Pasteurizada,"16,50 € / 1 Kg","16,50 €",GRANJA RINYA
Frescos,Quesos corte,Queso Mahón Semi DOP de Leche Cruda,"16,90 € / 1 Kg","16,90 €",SA NAVETA
Frescos,Quesos corte,Queso Idiazabal DOP Leche Cruda de Oveja,"25,50 € / 1 Kg","25,50 €",BELAI
Frescos,Quesos corte,Queso de Cabra Curado con Leche Pasteurizada,"23,50 € / 1 Kg","23,50 €",CAPRILLICE
Frescos,Quesos corte,Queso Oveja 12 Meses Envejecido en Manteca,"22,90 € / 1 Kg","22,90 €",V.SOTUELAMOS
Frescos,Quesos corte,Queso Azul Leche Vaca Pasteurizada,"15,50 € / 1 Kg","15,50 €",SAINT-FLOUR
Frescos,Quesos corte,Queso Fresco Tradicional Villalón,"10,90 € / 1 Kg","10,90 €",LACT.VICENTE
Frescos,Quesos corte,Queso Oveja Romero 10 Meses L.Pasteurizada,"22,90 € / 1 Kg","22,90 €",VEGA SOTUELA
Frescos,Quesos corte,Queso Maasdam Tierno,"10,48 € / 1 Kg","10,48 €",M.VICENTE
Frescos,Quesos corte,Queso Añejo Intenso Grand 62,"19,90 € / 1 Kg","19,90 €",G.BAQUERO
Frescos,Quesos corte,Queso Edam Barra,"9,90 € / 1 Kg","9,90 €",M.VICENTE
Frescos,Quesos corte,Queso Manchego Curado D.O.P,"28,90 € / 1 Kg","28,90 €",DON JULIÁN
Frescos,Quesos corte,Rulo de Cabra 100%,"17,90 € / 1 Kg","17,90 €",G.BAQUERO
Frescos,Quesos corte,Queso Havarti Barra,"14,50 € / 1 Kg","14,50 €",ARLA
Frescos,Quesos corte,Roquefort DOP,"21,90 € / 1 Kg","21,90 €",PASTOURELLE
Frescos,Pescadería,Krissia Barritas de Surimi 180 Gr,"14,94 € / 1 Kg","2,99 €
2,69 €",AGUINAGA
Frescos,Pescadería,Emperador corte sin Hueso - Cortada 250gr aprox.,"9,95 € / 1 Kg","4,99 €
2,49 €",
Frescos,Pescadería,Anchoas en Aceite de Oliva 50 Gr,"62,00 € / 1 Kg","3,45 €
3,10 €",BRUIMAR
Frescos,Pescadería,Sardina Marinada 50 Gr,"28,00 € / 1 Kg","1,50 €
1,40 €",BRUIMAR
Frescos,Pescadería,Porción de Salmón Noruego - Pieza 200 g aprox.,"23,95 € / 1 Kg","5,19 €
4,79 €",
Frescos,Pescadería,Langostino Cocido mediano,"9,95 € / 1 Kg","10,95 €
9,95 €",
Frescos,Pescadería,Calamar Extra - Pieza de 150 gr. aproximadamente,"9,95 € / 1 Kg","1,94 €
1,49 €",
Frescos,Pescadería,Bacaladilla - Pieza de 80 gr. aproximadamente,"3,99 € / 1 Kg","0,40 €
0,32 €",
Frescos,Pescadería,Sardina,"6,95 € / 1 Kg","6,95 €",
Frescos,Pescadería,Mejillón limpio - Malla 1kg aprox.,"2,99 € / 1 Kg","3,35 €
2,99 €",
Frescos,Pescadería,"Rape Entero - Pieza 1,3 kg aprox. - Disponible de miércoles a sábado","9,90 € / 1 Kg","14,49 €
11,12 €",
Frescos,Pescadería,Esgarraet de Bacalao y Pimientos Asados 180 Gr,"14,94 € / 1 Kg","2,99 €
2,69 €",ANGOMAR
Frescos,Pescadería,Salmón Ahumado Noruego 2 x 40 Gr,"67,38 € / 1 Kg","5,99 €
5,39 €",ROYAL
Frescos,Pescadería,La Gula del Norte con Gambas 130 Gr,"27,61 € / 1 Kg","3,99 €
3,59 €",AGUINAGA
Frescos,Pescadería,"Chirla Malla Peso Aproximado 350g 0,35 Kg","8,54 € / 1 Kg","3,29 €
2,99 €",
Frescos,Pescadería,Pulpo Cocido 250g Confremar 250 Gr,"35,80 € / 1 Kg","9,95 €
8,95 €",
Frescos,Pescadería,Calamar Limpio 200 Gr,"22,45 € / 1 Kg","4,99 €
4,49 €",BOREAL
Frescos,Pescadería,Gambon Extra Caja 800 Gr,"12,06 € / 1 Kg","10,75 €
9,65 €",PESCANOVA
Frescos,Pescadería,Gamba Alistada 200g 200 Gr,"18,75 € / 1 Kg","4,20 €
3,75 €",MARINES
Frescos,Pescadería,Filetón de Bacalao,"12,90 € / 1 Kg","6,45 €",ANGOMAR
Frescos,Pescadería,Boquerones en Vinagre 50 Gr,"35,80 € / 1 Kg","1,79 €",BRUIMAR
Frescos,Pescadería,Huevas de Islandia Negras 50 Gr,"47,00 € / 1 Kg","2,35 €",ROYAL
Frescos,Pescadería,Taquitos Salmón Ahumad Noruego 75 Gr,"43,87 € / 1 Kg","3,29 €",LA BALINESA
Frescos,Pescadería,Boquerones en Aceite de Oliva con Ajo y Perejil 50 Gr,"41,00 € / 1 Kg","2,05 €",BRUIMAR
Frescos,Pescadería,Sepia Limpia - Pieza 550 g aprox.,"13,95 € / 1 Kg","7,71 €",
Frescos,Pescadería,"Merluza Entera o Mitades - Entera 1,2 Kg aprox.","9,95 € / 1 Kg","11,99 €",
Frescos,Pescadería,Migas de Bacalao 100 Gr,"29,90 € / 1 Kg","2,99 €",CONSUM
Frescos,Pescadería,Filete Bacalao Inglés 90 Gr,"39,89 € / 1 Kg","3,59 €",CONSUM
Frescos,Pescadería,Bonito Lonchas 40 Gr,"2,88 € / 100 Gr","1,15 €",ANGOMAR
Frescos,Pescadería,Filete de Lubina 200 Gr,"23,50 € / 1 Kg","4,70 €",
Frescos,Pescadería,Filete de Dorada 200 Gr,"22,55 € / 1 Kg","4,51 €",
Frescos,Pescadería,Marineras Salmón y Merluza 2 x 80 Gr,"18,69 € / 1 Kg","2,99 €",
Frescos,Pescadería,La Gula del Norte 100 Gr,"31,90 € / 1 Kg","3,19 €",AGUINAGA
Frescos,Pescadería,Tinta de Sepia 32 Gr,"5,91 € / 100 Gr","1,89 €",NORTINDAL
Frescos,Pescadería,Rodajas de Mar Selectas 200 Gr,"19,95 € / 1 Kg","3,99 €",EMBUMAR
Frescos,Pescadería,Filetón Bacalao Islandia 500 Gr,"11,98 € / 1 Kg","5,99 €",CONSUM
Frescos,Pescadería,Filete de Anchoa Aceite de Oliva MSC 16 Gr,"13,69 € / 100 Gr","2,19 €",G.CANTABRICO
Frescos,Pescadería,Huevas de Islandia Rojas 50 Gr,"47,00 € / 1 Kg","2,35 €",ROYAL
Frescos,Pescadería,Banderilla Boquerón y Aceituna 115 Gr,"23,39 € / 1 Kg","2,69 €",BRUIMAR
Frescos,Pescadería,Banderilla Anchoa y Boquerón 95 Gr,"28,32 € / 1 Kg","2,69 €",BRUIMAR
Frescos,Pescadería,Anillas a la Romana Rebozadas al Huevo 210 Gr,"19,00 € / 1 Kg","3,99 €",AGUINAMAR
Frescos,Pescadería,Banderilla Gildas 95 Gr,"28,32 € / 1 Kg","2,69 €",BRUIMAR
Frescos,Pescadería,Mojama de Atún Selección,"46,50 € / 1 Kg","9,30 €",ANGOMAR
Frescos,Pescadería,"Boquerón Cantábrico Ajo,Oliva y Perejil 100 Gr","39,90 € / 1 Kg","3,99 €",BRUIMAR
Frescos,Pescadería,Filete Anchoa Cantábrico en Aceite de Oliva 95 Gr,"65,16 € / 1 Kg","6,19 €",BRUIMAR
Frescos,Pescadería,Delicias de Mar Pack 2 Unidades 2 x 100 Gr,"8,45 € / 1 Kg","1,69 €",CONSUM
Frescos,Pescadería,Dorada Crianza de España - Pieza de 500 gr. aprox.,"9,20 € / 1 Kg","4,60 €",
Frescos,Pescadería,Anilla de Potón,"9,95 € / 1 Kg","9,95 €",
Frescos,Pescadería,Trucha Arco Iris Asalmonada - Pieza 360 gr. aprox. - Disponible todos los días e,"8,95 € / 1 Kg","3,58 €",
Frescos,Pescadería,Lubina Crianza de España - Pieza de 500 gr. aprox.,"9,20 € / 1 Kg","4,60 €",
Frescos,Pescadería,Gambón Grande - Congelado,"9,95 € / 1 Kg","9,95 €",
Frescos,Pescadería,Sepia Sucia - Pieza 550 g aprox.,"13,95 € / 1 Kg","7,71 €",
Frescos,Pescadería,Ensalada de Ahumados 60 Gr,"2,88 € / 100 Gr","1,15 €",ANGOLEVANTE
Frescos,Pescadería,Palito Maruca Inglés 75 Gr,"29,20 € / 1 Kg","2,19 €",ANGOMAR
Frescos,Pescadería,Anchoas en Salmuera 210 Gr,"22,38 € / 1 Kg","4,70 €",BRUIMAR
Frescos,Pescadería,Marineras Merluza y Gambas 2 x 80 Gr,"18,69 € / 1 Kg","2,99 €",
Frescos,Pescadería,Pescadilla - Pieza de 300 gr. aproximadamente,"8,99 € / 1 Kg","2,70 €",
Frescos,Pescadería,Boquerón - Todos los días excepto Lunes y Martes,"6,95 € / 1 Kg","6,95 €",
Frescos,Pescadería,Filete de Bacalao - Pieza 465 g aprox.,"15,90 € / 1 Kg","7,40 €",
Frescos,Pescadería,Tiras de Potón,"9,95 € / 1 Kg","9,95 €",
Frescos,Pescadería,Brandada de Bacalao 225 Gr,"13,29 € / 1 Kg","2,99 €",ANGOMAR
Frescos,Pescadería,Ajoarriero de Bacalao 225 Gr,"13,29 € / 1 Kg","2,99 €",ANGOMAR
Frescos,Pescadería,Filete Anchoa Cantábrico Aceite Girasol MSC Tarro 55 Gr,"72,55 € / 1 Kg","3,99 €",REVUELTA
Frescos,Pescadería,Filete Anchoa Cantábrico MSC en Aceite Oliva 30 Gr,"8,30 € / 100 Gr","2,49 €",REVUELTA
Frescos,Pescadería,Calamar,"8,99 € / 1 Kg","8,99 €",
Frescos,Pescadería,"Corvina Crianza España Entera o Mitades - Pieza 1,3 Kg aprox.","9,95 € / 1 Kg","13,45 €",REX
Frescos,Pescadería,Carabinero Med. 12-15 Piezas Caja 500 Gr- Congelado,"85,00 € / 1 Kg","42,50 €",
Frescos,Pescadería,Tonyina de Sorra Lonchas en Aceite 50 Gr,"49,80 € / 1 Kg","2,49 €",ANGOMAR
Frescos,Pescadería,"Salmón Noruego Entero o Mitades - Entero 2,8 kg aprox.","12,45 € / 1 Kg","35,57 €",
Frescos,Pescadería,Morralla Lonjas de la Comunidad - Disponible de martes a jueves,"7,95 € / 1 Kg","7,95 €",
Frescos,Pescadería,Sardina Ahumada 80 Gr,"30,75 € / 1 Kg","2,46 €",BRUIMAR
Frescos,Pescadería,Salmón Ahumado Suave 25% Reducido en Sal 80 Gr,"73,63 € / 1 Kg","5,89 €",ROYAL
Frescos,Pescadería,Boquerón en Vinagre del Cantábrico 60 Gr,"59,17 € / 1 Kg","3,55 €",CONSUM
Frescos,Pescadería,Lenguado - Pieza 200 gr aprox.,"24,95 € / 1 Kg","4,99 €",
Frescos,Pescadería,Salpicón de Marisco 250 Gr,"13,96 € / 1 Kg","3,49 €",ANGOMAR
Frescos,Pescadería,Rodaballo Entero o Mitadas - Entero 2 kg aprox,"14,95 € / 1 Kg","29,90 €",
Frescos,Pescadería,Mojama Extra Lonchas 80 Gr,"61,13 € / 1 Kg","4,89 €",ANGOMAR
Frescos,Pescadería,Filete Anchoa Cantábrico en Aceite Oliva MSC 30 Gr,"6,63 € / 100 Gr","1,99 €",LA LAREDANA
Frescos,Pescadería,Migas de Bacalao Desalado 250 Gr,"19,40 € / 1 Kg","4,85 €",ANGOMAR
Frescos,Pescadería,Lomo de Bonito,"19,90 € / 1 Kg","4,78 €",ANGOLEVANTE
Frescos,Pescadería,Lomo Sardina Anchoada 60 Gr,"32,50 € / 1 Kg","1,95 €",BRUIMAR
Frescos,Pescadería,Tentáculo Pulpo Cocido 220 Gr,"52,27 € / 1 Kg","11,50 €",
Frescos,Pescadería,Trozos de Bacalao Especial Guisos 400 Gr,"10,88 € / 1 Kg","4,35 €",ANGOMAR
Frescos,Pescadería,Filete Anchoa Ahumado en Aceite de Oliva 16 Gr,"13,44 € / 100 Gr","2,15 €",G.CANTABRICO
Frescos,Pescadería,Sardinas Saladas 160 Gr,"7,19 € / 1 Kg","1,15 €",ANGOLEVANTE
Frescos,Pescadería,Filete Salmón Bandeja Noruego,"23,95 € / 1 Kg","4,07 €",
Frescos,Pescadería,Anchoa del Cantábrico en Aceite Oliva 23 Gr,"7,17 € / 100 Gr","1,65 €",CONSUM
Frescos,Pescadería,Rallado Krissia de Surimi 125 Gr,"15,92 € / 1 Kg","1,99 €",AGUINAGA
Frescos,Pescadería,Salmón Ahumado Noruego 2 x 80 Gr,"49,94 € / 1 Kg","7,99 €",LA BALINESA
Frescos,Pescadería,Salmón Ahumado Noruego 100 Gr,"42,50 € / 1 Kg","4,25 €",MARINA BEST
Frescos,Pescadería,Salmón Ahumado Noruego Marinado 80 Gr,"58,63 € / 1 Kg","4,69 €",LA BALINESA
Frescos,Pescadería,Filete de Merluza,"20,95 € / 1 Kg","7,35 €",
Frescos,Pescadería,Palitos de Surimi 450 Gr,"4,42 € / 1 Kg","1,99 €",CONSUM
Frescos,Pescadería,Filete de Anchoa en Aceite de Oliva 100 Gr,"59,90 € / 1 Kg","5,99 €",BRUIMAR
Frescos,Pescadería,Boquerones Ajo y Perejil en Aceite de Girasol 240 Gr,"24,96 € / 1 Kg","5,99 €",BRUIMAR
Frescos,Pescadería,Langostino Cocido Rodolfo 330 Gr,"15,12 € / 1 Kg","4,99 €",PESCANOVA
Frescos,Pescadería,Lomos de salmón Bandeja 300 Gr,"26,63 € / 1 Kg","7,99 €",
Frescos,Pescadería,Solomillo Salmón Noruego 320 Gr,"25,59 € / 1 Kg","8,19 €",
Frescos,Pescadería,Perlas de Salmón 100 Gr,"49,90 € / 1 Kg","4,99 €",SPHERIKA
Frescos,Pescadería,Perlas de Arenque MSC 50 Gr,"69,80 € / 1 Kg","3,49 €",SPHERIKA
Frescos,Pescadería,Salpicón de Pulpo 380 Gr,"18,39 € / 1 Kg","6,99 €",ANGOMAR
Frescos,Pescadería,Krissia Barritas Protein de Surimi 300 Gr,"15,50 € / 1 Kg","4,65 €",AGUINAGA
Frescos,Pescadería,Krissia Barritas de Surimi 300 Gr,"15,50 € / 1 Kg","4,65 €",AGUINAGA
Frescos,Pescadería,Mejillon en su Jugo 2´30´´ MICRO 500 Gr,"8,98 € / 1 Kg","4,49 €",AGUINAMAR
Frescos,Pescadería,Salmón Ahumado Noruego 80 Gr,"59,88 € / 1 Kg","4,79 €",LA BALINESA
Frescos,Pescadería,Anchoas en Aceite de Girasol 23 Gr,"4,13 € / 100 Gr","0,95 €",CAPRIMAR
Frescos,Pescadería,Anchoas en Aceite de Oliva 29 Gr,"9,28 € / 100 Gr","2,69 €",CONSORCIO
Frescos,Pescadería,Langostino Ajo/Perejil 200 Gr,"24,95 € / 1 Kg","4,99 €",PESCANOVA
Frescos,Pescadería,Solomillo de Salmón Ahumado Noruego 100 Gr,"66,50 € / 1 Kg","6,65 €",LA BALINESA
Frescos,Pescadería,Sepia Limpia 250g 250 Gr,"23,96 € / 1 Kg","5,99 €",BOREAL
Frescos,Pescadería,Delicias Aguinaga al Ajillo 175 Gr,"8,91 € / 1 Kg","1,56 €",CONSUM
Frescos,Pescadería,Migas de Bacalao en Salazón 160 Gr,"21,19 € / 1 Kg","3,39 €",ANGOMAR
Frescos,Pescadería,"Buey de Mar Congelado Cocido Peso Aprox 500 Gr. 0,5 Kg","17,50 € / 1 Kg","8,75 €",MARINES
Frescos,Pescadería,Pata Pulpo Cocido En su Jugo 200 Gr,"39,95 € / 1 Kg","7,99 €",PESCANOVA
Frescos,Pescadería,Rodaja Atún,"22,95 € / 1 Kg","4,94 €",
Frescos,Pescadería,Navajas Congelada 400 Gr,"9,98 € / 1 Kg","3,99 €",
Frescos,Pescadería,Carne de Vieira Congelada 200 Gr,"49,95 € / 1 Kg","9,99 €",
Frescos,Pescadería,"Bogavante Congelado Peso Aproxim 375G 0,37 Kg","40,14 € / 1 Kg","14,85 €",MARINES
Frescos,Pescadería,Bacalao al Punto de Sal,"14,95 € / 1 Kg","4,49 €",DIMAR
Frescos,Pescadería,Filetón de Bacalao Extra,"17,50 € / 1 Kg","17,50 €",ANGOMAR
Frescos,Pescadería,Capellanes Secos,"15,65 € / 1 Kg","4,08 €",ANGOMAR
Frescos,Pescadería,Galera Caja 400 Gr,"9,98 € / 1 Kg","3,99 €",
Frescos,Pescadería,Gambon Grande Caja 485 Gr,"14,41 € / 1 Kg","6,99 €",PESCANOVA
Frescos,Pescadería,Cigala Mediana 14-18 500 Gr,"21,80 € / 1 Kg","10,90 €",AMATSU
Frescos,Pescadería,Mojama de Atún 150 Gr,"21,67 € / 1 Kg","3,25 €",ANGOMAR
Frescos,Pescadería,Bacalao Noruego Skrei Entero o Mitades - Entero 3 kg aprox.,"10,95 € / 1 Kg","33,18 €",
Frescos,Verduras,Setas de Cultivo Bandeja 200 Gr,"7,15 € / 1 Kg","1,59 €
1,43 €",
Frescos,Verduras,Tomate Canario,"1,59 € / 1 Kg","0,24 €
0,20 €",
Frescos,Verduras,Ensalada Mixta Bolsa 150 Gr,"8,60 € / 1 Kg","1,53 €
1,29 €",FLORETTE
Frescos,Verduras,Guacamole Tarrina 200 Gr,"8,00 € / 1 Kg","1,75 €
1,60 €",
Frescos,Verduras,Ensalada Gourmet Completa 175 Gr,"16,86 € / 1 Kg","3,30 €
2,95 €",FLORETTE
Frescos,Verduras,Rabano Redondo Bolsa 200 Gr,"5,25 € / 1 Kg","1,05 €",EL DULZE
Frescos,Verduras,Pimiento Verde,"2,69 € / 1 Kg","0,73 €",
Frescos,Verduras,Judía Redonda Bandeja 250 Gr,"6,00 € / 1 Kg","1,50 €",
Frescos,Verduras,Pepino,"1,99 € / 1 Kg","0,36 €",
Frescos,Verduras,Pimiento Tipo Padrón Bandeja 200 Gr,"6,25 € / 1 Kg","1,25 €",
Frescos,Verduras,Patata Selección Conservación,"1,99 € / 1 Kg","0,62 €",
Frescos,Verduras,Tomate Ensalada.,"2,29 € / 1 Kg","0,46 €",
Frescos,Verduras,Tomate Pera,"1,99 € / 1 Kg","0,26 €",
Frescos,Verduras,Pimiento Rojo,"2,69 € / 1 Kg","0,86 €",
Frescos,Verduras,"Lechuga Iceberg Peso Aproximado 350 gr 0,35 Kg","3,00 € / 1 Kg","1,05 €",
Frescos,Verduras,"Lechuga Romana Peso Aprox. 320 G. 0,32 Kg","3,59 € / 1 Kg","1,15 €",
Frescos,Verduras,Cebolla Seca Malla 1 Kg,"2,29 € / 1 Kg","2,29 €",
Frescos,Verduras,Col de Bruselas Bandeja 500 Gr,"4,98 € / 1 Kg","2,49 €",
Frescos,Verduras,"Cebolla Tierna Manojo Peso Aproximado 300 gr 0,3 Kg","4,30 € / 1 Kg","1,29 €",
Frescos,Verduras,Cebolla Seca Malla 2 Kg,"1,93 € / 1 Kg","3,85 €",
Frescos,Verduras,Boniato Rojo,"2,10 € / 1 Kg","0,65 €",
Frescos,Verduras,Cebolla Seca Malla Tubo 1 Kg,"2,39 € / 1 Kg","2,39 €",
Frescos,Verduras,Tomate en Rama,"2,29 € / 1 Kg","0,34 €",
Frescos,Verduras,"Cogollos 3 Unidades Peso Aprox. 330 Gr. 0,33 Kg","3,79 € / 1 Kg","1,25 €",
Frescos,Verduras,Ajos Secos Malla 250 Gr,"6,20 € / 1 Kg","1,55 €",
Frescos,Verduras,Brócoli Manojo 500 Gr,"2,70 € / 1 Kg","1,35 €",
Frescos,Verduras,"Apio Verde Peso Aproximado 550 gr 0,55 Kg","2,53 € / 1 Kg","1,39 €",
Frescos,Verduras,Zanahoria Tierna Bolsa 500 Gr,"1,78 € / 1 Kg","0,89 €",
Frescos,Verduras,Zanahoria de Mesa Bolsa 1 Kg,"1,09 € / 1 Kg","1,09 €",
Frescos,Verduras,Berenjena Negra,"1,99 € / 1 Kg","0,77 €",
Frescos,Verduras,Calabacin Verde,"1,79 € / 1 Kg","0,82 €",
Frescos,Verduras,Cilantro Bolsa 20 Gr,"6,25 € / 100 Gr","1,25 €",EL DULZE
Frescos,Verduras,Judia Plana Bandeja 250 Gr,"6,36 € / 1 Kg","1,59 €",
Frescos,Verduras,Espinacas Bolsa 300 Gr,"4,00 € / 1 Kg","1,20 €",CONSUM
Frescos,Verduras,Acelgas Bolsa 300 Gr,"4,00 € / 1 Kg","1,20 €",CONSUM
Frescos,Verduras,Lechuga Iceberg Bolsa 250 Gr,"3,44 € / 1 Kg","0,86 €",CONSUM
Frescos,Verduras,Canónigos Bolsa 125 Gr,"9,12 € / 1 Kg","1,14 €",CONSUM
Frescos,Verduras,Ensalada 4 Estaciones Bolsa 250 Gr,"2,88 € / 1 Kg","0,72 €",CONSUM
Frescos,Verduras,Apio Verde Bandeja 300 Gr,"3,50 € / 1 Kg","1,05 €",
Frescos,Verduras,Perejil Bolsa 150 Gr,"6,67 € / 1 Kg","1,00 €",
Frescos,Verduras,Brocoli para Cocinar Microondas 225 Gr,"8,22 € / 1 Kg","1,85 €",FLORETTE
Frescos,Verduras,Remolacha Cocida Bandeja 500 Gr,"1,98 € / 1 Kg","0,99 €",HUERCASA
Frescos,Verduras,Cebolla Dulce,"2,89 € / 1 Kg","0,69 €",
Frescos,Verduras,Alcachofas (Granel),"2,50 € / 1 Kg","0,44 €",
Frescos,Verduras,Patata Freír Nueva Malla 2 Kg,"1,88 € / 1 Kg","3,75 €",
Frescos,Verduras,Patata Cocer Nueva Malla 2 Kg,"1,88 € / 1 Kg","3,75 €",
Frescos,Verduras,Pimiento Italiano.,"2,19 € / 1 Kg","0,25 €",
Frescos,Verduras,Verduras para Cocido Peso Variable,"1,99 € / 1 Kg","2,21 €",
Frescos,Verduras,Tomate Natural Rallado Tarrina 230 Gr,"6,48 € / 1 Kg","1,49 €",SURINVER
Frescos,Verduras,Dúo Canónigo Rúcula Bolsa 100 Gr,"18,90 € / 1 Kg","1,89 €",FLORETTE
Frescos,Verduras,Tomate Asurcado,"3,99 € / 1 Kg","0,76 €",
Frescos,Verduras,Patatas al Vapor Microondas 400 Gr,"3,63 € / 1 Kg","1,45 €",
Frescos,Verduras,Berenjena Rayada,"2,10 € / 1 Kg","0,94 €",
Frescos,Verduras,Tomate Tipo Valenciano,"3,59 € / 1 Kg","1,44 €",
Frescos,Verduras,Coliflor-Brócoli-Zanahoria Microondas 275 Gr,"6,73 € / 1 Kg","1,85 €",FLORETTE
Frescos,Verduras,Albahaca Bandeja 20 Gr,"7,50 € / 100 Gr","1,50 €",EL DULZE
Frescos,Verduras,Seta Shiitake Bandeja 150 Gr,"13,93 € / 1 Kg","2,09 €",
Frescos,Verduras,Rúcula Bolsa 50 Gr,"15,80 € / 1 Kg","0,79 €",CONSUM
Frescos,Verduras,Ensalada Pasta y Rucula Completa 315 Gr,"10,48 € / 1 Kg","3,30 €",FLORETTE
Frescos,Verduras,Calabaza troceada Bandeja 400 Gr,"4,50 € / 1 Kg","1,80 €",
Frescos,Verduras,Ensalada César Completa 205 Gr,"15,37 € / 1 Kg","3,15 €",FLORETTE
Frescos,Verduras,"Corazones Lechuga 6 U Peso Aproximado 200 gr 0,2 Kg","9,95 € / 1 Kg","1,99 €",EL DULZE
Frescos,Verduras,Cebolla Tierna Pequeña Bandeja 300 Gr,"7,30 € / 1 Kg","2,19 €",
Frescos,Verduras,Ensalada Maxi Variada Bolsa 350 Gr,"4,57 € / 1 Kg","1,60 €",CONSUM
Frescos,Verduras,Tomate Kumato Mini Bandeja 250 Gr,"6,76 € / 1 Kg","1,69 €",
Frescos,Verduras,Pepino Holandes Peso Aproximado 300gr,"3,30 € / 1 Kg","0,99 €",
Frescos,Verduras,Lechuga Romana Bolsa 200 Gr,"5,75 € / 1 Kg","1,15 €",CONSUM
Frescos,Verduras,Surtido Verduras Microondas 300 Gr,"6,17 € / 1 Kg","1,85 €",FLORETTE
Frescos,Verduras,Tomate Cherry Cubeta 500 Gr,"3,90 € / 1 Kg","1,95 €",
Frescos,Verduras,Ensalada Gourmet Bolsa 175 Gr,"5,83 € / 1 Kg","1,02 €",CONSUM
Frescos,Verduras,Patata Nueva Lavada Malla 3 Kg,"1,63 € / 1 Kg","4,90 €",
Frescos,Verduras,Ensalada Campestre Bolsa 175 Gr,"7,09 € / 1 Kg","1,24 €",CONSUM
Frescos,Verduras,Ensalada Gourmet Primeros Brotes 100 Gr,"19,70 € / 1 Kg","1,97 €",FLORETTE
Frescos,Verduras,Patata Nueva Lavada Malla 5 Kg,"1,30 € / 1 Kg","6,49 €",
Frescos,Verduras,Tomate Deshidratado Bandeja 70 Gr,"45,57 € / 1 Kg","3,19 €",TREVIJANO
Frescos,Verduras,Alga Wakame Deshidratada. Bandeja 50 Gr,"55,00 € / 1 Kg","2,75 €",TREVIJANO
Frescos,Verduras,Patata Guarnición Malla 1 Kg,"2,45 € / 1 Kg","2,45 €",
Frescos,Verduras,Repollo Liso entero,"1,89 € / 1 Kg","5,56 €",
Frescos,Verduras,Cebolla Morada Malla 500 Gr,"2,90 € / 1 Kg","1,45 €",
Frescos,Verduras,Hierbabuena Bandeja 20 Gr,"6,25 € / 100 Gr","1,25 €",EL DULZE
Frescos,Verduras,Pimiento Tricolor 500 Gr,"3,58 € / 1 Kg","1,79 €",
Frescos,Verduras,Patata Cocida Pelada Bolsa 500 Gr,"4,58 € / 1 Kg","2,29 €",HUERCASA
Frescos,Verduras,Judia Rochet Bandeja 250 Gr,"11,96 € / 1 Kg","2,99 €",
Frescos,Verduras,Ensalada Antiox Bolsa 100 Gr,"17,80 € / 1 Kg","1,78 €",FLORETTE
Frescos,Verduras,Ensalada de la Huerta Bandeja 400 Gr,"4,98 € / 1 Kg","1,99 €",
Frescos,Verduras,Calabacín Blanco Bandeja 800 Gr,"3,11 € / 1 Kg","2,49 €",
Frescos,Verduras,Brotes de Espinacas Bolsa 125 Gr,"14,00 € / 1 Kg","1,75 €",FLORETTE
Frescos,Verduras,Col Lombarda Pieza Peso Aprox. 1 K. 1 Kg,"1,85 € / 1 Kg","1,85 €",
Frescos,Verduras,Apio Blanco Bolsa 400 Gr,"4,98 € / 1 Kg","1,99 €",
Frescos,Verduras,Calabaza entera,"1,99 € / 1 Kg","2,93 €",
Frescos,Verduras,Garrofón Seco Malla 280 Gr,"9,61 € / 1 Kg","2,69 €",
Frescos,Verduras,Brotes de Soja Bolsa 200 Gr,"8,95 € / 1 Kg","1,79 €",
Frescos,Verduras,Pimiento Ñora Tarrina 50 Gr,"71,80 € / 1 Kg","3,59 €",
Frescos,Verduras,Cebollino Bandeja 20 Gr,"9,00 € / 100 Gr","1,80 €",EL DULZE
Frescos,Verduras,Brotes de Alfalfa Bolsa 150 Gr,"11,93 € / 1 Kg","1,79 €",
Frescos,Verduras,Picada de Ajo y Perejil Bandeja 100 Gr,"14,90 € / 1 Kg","1,49 €",
Frescos,Verduras,Panoja de MaÍz Fresca Bandeja 400 Gr,"7,48 € / 1 Kg","2,99 €",
Frescos,Verduras,Pimiento Picante Bandeja 100 Gr,"15,90 € / 1 Kg","1,59 €",
Frescos,Verduras,Guacamole Picante Tarrina 200 Gr,"8,75 € / 1 Kg","1,75 €",
Frescos,Verduras,"Lechuga Trocadero Peso Aproximado 300 gr 0,3 Kg","5,30 € / 1 Kg","1,59 €",
Frescos,Verduras,Escarola Frisee Bandeja 300 Gr,"5,83 € / 1 Kg","1,75 €",
Frescos,Verduras,"Lechuga Hoja de Roble Peso Aproximado 250 gr 0,25 Kg","5,96 € / 1 Kg","1,49 €",
Frescos,Verduras,Champiñón Granel,"4,99 € / 1 Kg","4,99 €",
Frescos,Verduras,Cebolla Francesa Malla 500 Gr,"2,78 € / 1 Kg","1,39 €",
Frescos,Verduras,Cebolla Blanca Malla 500 Gr,"2,98 € / 1 Kg","1,49 €",
Frescos,Verduras,Tomate Cherry Sugar Drop 250 Gr,"7,96 € / 1 Kg","1,99 €",
Frescos,Verduras,Zanahoria Baby 125 Gr,"11,12 € / 1 Kg","1,39 €",FLORETTE
Frescos,Verduras,Cardo Bandeja 500 Gr,"3,78 € / 1 Kg","1,89 €",
Frescos,Verduras,"Col Rizada Pieza Peso Aproximado 1.200Gr 1,2 Kg","1,66 € / 1 Kg","1,99 €",
Frescos,Verduras,Cebolla Crujiente Paquete 70 Gr,"21,29 € / 1 Kg","1,49 €",FLORETTE
Frescos,Verduras,Frutos Rojos y Mango Paquete 55 Gr,"34,36 € / 1 Kg","1,89 €",FLORETTE
Frescos,Verduras,Frutos Secos Especial Ensaladas 70 Gr,"27,00 € / 1 Kg","1,89 €",FLORETTE
Frescos,Verduras,Picatostes Ajo Finas Hierbas Paquet 70 Gr,"21,29 € / 1 Kg","1,49 €",FLORETTE
Frescos,Verduras,Picatostes César Paquete 70 Gr,"21,29 € / 1 Kg","1,49 €",FLORETTE
Frescos,Verduras,Picatostes Natural Paquete 65 Gr,"22,92 € / 1 Kg","1,49 €",FLORETTE
Frescos,Verduras,Zanahoria Manojo 700 Gr,"2,84 € / 1 Kg","1,99 €",
Frescos,Verduras,Tomate Raf Selección peso variable,"6,69 € / 1 Kg","3,35 €",
Frescos,Verduras,Alcachofas de Benicarló - Bandeja de 750 Gr,"3,99 € / 1 Kg","2,99 €",
Frescos,Verduras,Champiñon Portobello Bandeja 250 Gr,"7,16 € / 1 Kg","1,79 €",
Frescos,Verduras,Floretes Brócoli Bandeja 400 Gr,"4,98 € / 1 Kg","1,99 €",
Frescos,Verduras,Ajo Ecológico 200 Gr,"9,95 € / 1 Kg","1,99 €",CONSUM ECO
Frescos,Verduras,Remolacha Bio 500 Gr,"3,18 € / 1 Kg","1,59 €",
Frescos,Verduras,Tomate Rama Ecológico 400 Gr,"5,98 € / 1 Kg","2,39 €",CONSUM ECO
Frescos,Verduras,"Patata Eco Malla 1,5 Kg","2,00 € / 1 Kg","3,00 €",CONSUM ECO
Frescos,Verduras,Dientes Ajo Negro Pelado Ecológico 60 Gr,"88,17 € / 1 Kg","5,29 €",CONSUM ECO
Frescos,Verduras,Remolacha Fresca Ecológica 400 Gr,"3,73 € / 1 Kg","1,49 €",
Frescos,Verduras,Apio Ecológico 300 Gr,"4,97 € / 1 Kg","1,49 €",CONSUM ECO
Frescos,Verduras,Brócoli Ecológico 500 Gr,"3,78 € / 1 Kg","1,89 €",CONSUM ECO
Frescos,Verduras,Habas Granel,"3,25 € / 1 Kg","3,25 €",
Frescos,Verduras,Zanahoria Rallada Bolsa 150 Gr,"7,07 € / 1 Kg","1,06 €",FLORETTE
Frescos,Verduras,Judía Plana,"4,99 € / 1 Kg","4,99 €",
Frescos,Verduras,"Col Rizada Media Pieza Peso Aproximado 600 Gr. 0,6 Kg","1,67 € / 1 Kg","1,00 €",
Frescos,Verduras,Floretes Coliflor Bandeja 500 Gr,"3,98 € / 1 Kg","1,99 €",
Frescos,Verduras,Superalimentos 5 semillas 100 Gr,"18,90 € / 1 Kg","1,89 €",FLORETTE
Frescos,Verduras,Tomate Rama Mini Ecológico 250 Gr,"10,36 € / 1 Kg","2,59 €",
Frescos,Verduras,Ensalada Cesar Light Completa 200 Gr,"16,50 € / 1 Kg","3,30 €",FLORETTE
Frescos,Verduras,Espárrago Grueso 300 Gr,"11,30 € / 1 Kg","3,39 €",
Frescos,Verduras,Espinaca Maxi Bolsa 450 Gr,"5,24 € / 1 Kg","2,36 €",FLORETTE
Frescos,Verduras,Judía Ferraura 200 Gr,"14,95 € / 1 Kg","2,99 €",
Frescos,Verduras,Ensalada Mixta Atún con Olivas 190 Gr,"17,37 € / 1 Kg","3,30 €",FLORETTE
Frescos,Verduras,Ensalada Lorena Completa 145 Gr,"22,76 € / 1 Kg","3,30 €",DIQUESÍ
Frescos,Verduras,Palitos Zanahoria 180 Gr,"11,06 € / 1 Kg","1,99 €",
Frescos,Verduras,Brócoli Microondas 225 Gr,"6,62 € / 1 Kg","1,49 €",CONSUM
Frescos,Verduras,Calabaza Eco Peso Aproximado 800 Gr,"3,15 € / 1 Kg","1,89 €",
Frescos,Verduras,"Corazones Romana 2Ud Peso Apróximado 650 Gr. 0,65 Kg","2,69 € / 1 Kg","1,75 €",
Frescos,Verduras,Nabo Granel,"2,98 € / 1 Kg","0,72 €",
Frescos,Verduras,Patata Roja,"1,99 € / 1 Kg","0,66 €",
Frescos,Verduras,Boniato Micro 400 Gr,"6,00 € / 1 Kg","2,40 €",
Frescos,Verduras,Ensalada Cesar American Style 200 Gr,"16,50 € / 1 Kg","3,30 €",FLORETTE
Frescos,Verduras,Tomate Negro,"2,69 € / 1 Kg","0,27 €",
Frescos,Verduras,Nabicol Granel,"2,98 € / 1 Kg","0,89 €",
Frescos,Verduras,Ensalada Completa de Pasta y Pollo 310 Gr,"9,65 € / 1 Kg","2,99 €",CONSUM
Frescos,Verduras,Coliflor Granel,"1,99 € / 1 Kg","2,93 €",
Frescos,Verduras,Guacamole Eco 200 Gr,"9,95 € / 1 Kg","1,99 €",
Frescos,Verduras,Puerro Granel,"2,99 € / 1 Kg","0,33 €",
Frescos,Verduras,Judía Plana Bandeja 750 Gr,"4,33 € / 1 Kg","3,25 €",
Frescos,Verduras,Champiñón Pie Cortado Peso Variable,"4,76 € / 1 Kg","1,43 €",
Frescos,Verduras,Combinado Setas Bandeja 200 Gr,"14,95 € / 1 Kg","2,99 €",
Frescos,Verduras,Ajos Tiernos Manojo 200 Gr,"11,75 € / 1 Kg","2,35 €",
Frescos,Verduras,Escarola Bolsa 150 Gr,"8,00 € / 1 Kg","1,20 €",CONSUM
Frescos,Verduras,"Calçots Manojo 25 U - Sólo disponible jueves, viernes y sábado","0,20 € / 1 U","4,99 €",
Frescos,Verduras,Maiz Dulce 2 Piezas Bandeja 450 Gr,"3,44 € / 1 Kg","1,55 €",HUERCASA
Frescos,Verduras,Ensalada Wraps Completa 285 Gr,"9,96 € / 1 Kg","2,84 €",CONSUM
Frescos,Verduras,Ensalada Del Chef Completa 205 Gr,"14,10 € / 1 Kg","2,89 €",CONSUM
Frescos,Verduras,Espárrago Triguero 250 Gr,"9,00 € / 1 Kg","2,25 €",
Frescos,Verduras,Boniato Al Vapor 300 Gr,"6,63 € / 1 Kg","1,99 €",
Frescos,Verduras,Saltear y listo 200 Gr,"14,95 € / 1 Kg","2,99 €",
Frescos,Verduras,Endibia Bandeja 450 Gr,"3,67 € / 1 Kg","1,65 €",
Frescos,Verduras,Champiñón laminado,"6,22 € / 1 Kg","1,87 €",
Frescos,Verduras,Tomate para Untar Bandeja 500 Gr,"5,98 € / 1 Kg","2,99 €",
Frescos,Verduras,Mix de Brotes Con Espinaca y Rúcula 100 Gr,"11,50 € / 1 Kg","1,15 €",CONSUM
Frescos,Verduras,Mix Brotes Canónigos Bolsa 100 Gr,"14,90 € / 1 Kg","1,49 €",CONSUM
Frescos,Verduras,Ensalada Xtreme Pollo Completa 210 Gr,"19,00 € / 1 Kg","3,99 €",FLORETTE
Frescos,Verduras,Ensalada Gourmet Mediterránea 150 Gr,"13,27 € / 1 Kg","1,99 €",FLORETTE
Frescos,Verduras,Ensalada Proteica Pollo Y Huevo 295 Gr,"14,41 € / 1 Kg","4,25 €",FLORETTE
Frescos,Verduras,Crocante 250 Gr,"7,56 € / 1 Kg","1,89 €",FLORETTE
Frescos,Verduras,Chucrut al Vino Blanco 650 Gr,"3,08 € / 1 Kg","2,00 €",ORZECH
Frescos,Verduras,Puerro troceado Peso Variable,"4,65 € / 1 Kg","0,79 €",
Frescos,Frutas,Mandarina Granel,"1,98 € / 1 Kg","0,29 €
0,25 €",
Frescos,Frutas,Pera Alejandrina,"1,89 € / 1 Kg","0,62 €
0,50 €",
Frescos,Frutas,Ciruela Roja,"3,69 € / 1 Kg","0,39 €",
Frescos,Frutas,Manzana Fuji,"2,39 € / 1 Kg","0,60 €",
Frescos,Frutas,Manzana Golden,"2,09 € / 1 Kg","0,46 €",
Frescos,Frutas,Manzana Red Delicious,"1,99 € / 1 Kg","0,52 €",
Frescos,Frutas,Pera Conferencia,"2,49 € / 1 Kg","0,60 €",
Frescos,Frutas,Plátano Canario,"1,99 € / 1 Kg","0,37 €",
Frescos,Frutas,Melón Piel de Sapo,"1,99 € / 1 Kg","4,85 €",
Frescos,Frutas,Aguacate Premadurado.,"5,49 € / 1 Kg","1,10 €",
Frescos,Frutas,Mango,"4,59 € / 1 Kg","2,30 €",
Frescos,Frutas,Fresón Bandeja 500 Gr,"5,98 € / 1 Kg","2,99 €",
Frescos,Frutas,Limón,"1,85 € / 1 Kg","0,44 €",
Frescos,Frutas,Manzana Royal Gala,"2,39 € / 1 Kg","0,57 €",
Frescos,Frutas,Kiwi verde,"2,99 € / 1 Kg","0,36 €",
Frescos,Frutas,Limón Malla 1 Kg,"1,55 € / 1 Kg","1,55 €",
Frescos,Frutas,Uva Blanca sin Semillas 500 Gr,"5,58 € / 1 Kg","2,79 €",
Frescos,Frutas,Moras Tarrina 125 Gr,"20,72 € / 1 Kg","2,59 €",
Frescos,Frutas,Lima Bandeja 250 Gr,"5,96 € / 1 Kg","1,49 €",
Frescos,Frutas,Naranja Malla 2 Kg,"1,49 € / 1 Kg","2,98 €",
Frescos,Frutas,Piña entera,"1,99 € / 1 Kg","4,23 €",
Frescos,Frutas,Sandía,"2,29 € / 1 Kg","14,31 €",
Frescos,Frutas,Manzana Granny Smith,"2,09 € / 1 Kg","0,51 €",
Frescos,Frutas,Melón Piel de Sapo Media Pieza,"1,99 € / 1 Kg","2,40 €",
Frescos,Frutas,Sandía partida,"2,29 € / 1 Kg","5,73 €",
Frescos,Frutas,Manzana Pink Lady,"2,99 € / 1 Kg","0,66 €",
Frescos,Frutas,Piña Partida,"1,99 € / 1 Kg","2,09 €",
Frescos,Frutas,Naranja para Zumo Malla 4 Kg,"1,35 € / 1 Kg","5,40 €",
Frescos,Frutas,Kiwi Green Selección Bandeja 500 Gr,"5,98 € / 1 Kg","2,99 €",ZESPRI
Frescos,Frutas,Naranja,"1,89 € / 1 Kg","0,57 €",
Frescos,Frutas,Manzana Golden Marlene Bandeja 750 Gr,"2,65 € / 1 Kg","1,99 €",
Frescos,Frutas,Yuca,"3,29 € / 1 Kg","2,89 €",
Frescos,Frutas,Plátano de Freir,"2,99 € / 1 Kg","1,06 €",
Frescos,Frutas,Dátil en Rama Bandeja 500 Gr,"7,58 € / 1 Kg","3,79 €",
Frescos,Frutas,Pera Rocha,"2,49 € / 1 Kg","0,36 €",
Frescos,Frutas,Compota de Manzana y Pera 400 Gr,"7,98 € / 1 Kg","3,19 €",
Frescos,Frutas,Compota de Manzana y Piña 400 Gr,"7,98 € / 1 Kg","3,19 €",
Frescos,Frutas,Compota de Manzana y Mango 400 Gr,"7,98 € / 1 Kg","3,19 €",
Frescos,Frutas,Manzana Red Marlene Bandeja 750 Gr,"2,65 € / 1 Kg","1,99 €",
Frescos,Frutas,Manzana Royal Gala Marlene Bandeja 750 Gr,"2,65 € / 1 Kg","1,99 €",
Frescos,Frutas,Compota de Manzana 400 Gr,"7,98 € / 1 Kg","3,19 €",
Frescos,Frutas,Naranja Bollo Granel,"2,49 € / 1 Kg","0,71 €",BOLLO
Frescos,Frutas,Plátano Bandeja Ecológico,"2,69 € / 1 Kg","2,34 €",CONSUM ECO
Frescos,Frutas,Limón Ecológico 500 Gr,"3,98 € / 1 Kg","1,99 €",CONSUM ECO
Frescos,Frutas,Aguacate Ecológico 300 Gr,"8,97 € / 1 Kg","2,69 €",
Frescos,Frutas,Jengibre Ecológico 150 Gr,"11,27 € / 1 Kg","1,69 €",CONSUM ECO
Frescos,Frutas,Manzana Ambrosia Bolsa 1 U,"2,59 € / 1 U","2,59 €",
Frescos,Frutas,Papayón entero,"4,99 € / 1 Kg","7,56 €",
Frescos,Frutas,Papayón Partido,"4,99 € / 1 Kg","3,78 €",
Frescos,Frutas,Banana,"1,45 € / 1 Kg","0,29 €",
Frescos,Frutas,Manzana Fuji Marlene Bandeja 750 Gr,"2,65 € / 1 Kg","1,99 €",
Frescos,Frutas,Frambuesa Bandeja 170 Gr,"15,82 € / 1 Kg","2,69 €",
Frescos,Frutas,Piña Del Monte,"2,59 € / 1 Kg","5,51 €",DEL MONTE
Frescos,Frutas,Dàtil Medjoul Ecológico 150 Gr,"19,93 € / 1 Kg","2,99 €",
Frescos,Frutas,Zumo Recién Exprimido de Naranja 1L,"4,79 € / 1 L","4,79 €",
Frescos,Frutas,Piña Del Monte Partida,"2,59 € / 1 Kg","2,73 €",DEL MONTE
Frescos,Frutas,Manzana Ecológica 600 Gr,"3,98 € / 1 Kg","2,39 €",
Frescos,Frutas,Pera Conferencia D.O. Rincón de Soto 750 Gr,"3,99 € / 1 Kg","2,99 €",
Frescos,Frutas,Uva roja bandeja sin Semilla 500 Gr,"5,78 € / 1 Kg","2,89 €",
Frescos,Frutas,Piña Natural Rodajas 500 Gr,"5,80 € / 1 Kg","2,90 €",
Frescos,Frutas,Arándano Vaso 225 Gr,"13,29 € / 1 Kg","2,99 €",
Frescos,Frutas,"Mandarina Hoja Tarrina 1,5 Kg","2,09 € / 1 Kg","3,14 €",
Frescos,Frutas,"Mandarina Malla 1,5 Kg","1,79 € / 1 Kg","2,69 €",
Horno,Pan de horno,Pan de Cristal 240 Gr,"4,80 € / 1 Kg","1,35 €
1,15 €",
Horno,Pan de horno,Panecillo 10 Unidades 450 Gr,"2,34 € / 1 Kg","1,20 €
1,05 €",
Horno,Pan de horno,Mini Panecillo 100% Integral 5 Und. 225 Gr,"3,91 € / 1 Kg","1,00 €
0,88 €",
Horno,Pan de horno,Barra de Pan 250 Gr,"1,92 € / 1 Kg","0,48 €",
Horno,Pan de horno,Barra Espiga Tradición 250 Gr,"3,40 € / 1 Kg","0,95 €
0,85 €",
Horno,Pan de horno,Barra Harina Trigo Integral 41% 210 Gr,"3,76 € / 1 Kg","0,89 €
0,79 €",
Horno,Pan de horno,Pan de Espelta 99% 240 Gr,"3,71 € / 1 Kg","0,99 €
0,89 €",
Horno,Pan de horno,Barra Rústica 245 Gr,"3,22 € / 1 Kg","0,79 €",
Horno,Pan de horno,Baguette Rústica 210 Gr,"4,24 € / 1 Kg","0,89 €",
Horno,Pan de horno,Barra Familiar 315 Gr,"3,65 € / 1 Kg","1,15 €",
Horno,Pan de horno,Pan de Leche 3% 5 Unidades 275 Gr,"4,18 € / 1 Kg","1,15 €",
Horno,Pan de horno,Mini 9 Cereales y Semillas 4 Unidades 280 Gr,"4,25 € / 1 Kg","1,19 €",
Horno,Pan de horno,Baguetina con Fibra 5 Unidades 550 Gr,"2,07 € / 1 Kg","1,14 €",
Horno,Pan de horno,Pan 7 Semillas y Pipas de Calabaza 3% M.M 230 Gr,"6,48 € / 1 Kg","1,49 €",
Horno,Pan de horno,Centeno 16% 115 Gr,"8,26 € / 1 Kg","0,95 €",
Horno,Pan de horno,Hogaza 7 Cereales y Semillas 384 Gr,"6,44 € / 1 Kg","2,35 €",
Horno,Pan de horno,Baguettina sin Gluten 100 Gr - congelada,"11,50 € / 1 Kg","1,15 €",
Horno,Pan de horno,Barra de Pan Masa Madre 235 Gr,"3,06 € / 1 Kg","0,72 €",
Horno,Pan de horno,Bollo sin Gluten 60 Gr - congelado,"15,83 € / 1 Kg","0,95 €",
Horno,Pan de horno,Rústico 100 % Integral de Trigo 95 Gr,"6,21 € / 1 Kg","0,59 €",
Horno,Pan de horno,Rústico sin Sal Añadida 100% Integral de Trigo 130 Gr,"5,31 € / 1 Kg","0,69 €",
Horno,Pan de horno,Mini Centeno 30% 3 Unidades 255 Gr,"4,31 € / 1 Kg","1,10 €",
Horno,Pan de horno,Barra Huerta 255 Gr,"3,33 € / 1 Kg","0,85 €",
Horno,Pan de horno,Bocata Rústico 1 Unidad 110 Gr,"4,45 € / 1 Kg","0,49 €",
Horno,Pan de horno,Pan de Picos 285 Gr,"3,33 € / 1 Kg","0,95 €",
Horno,Pan de horno,Mini con Nueces 9% y Calabaza 6% 2 Und. 200 Gr,"7,75 € / 1 Kg","1,55 €",
Horno,Pan de horno,Hogaza 9% Nueces y 6% Calabaza 400 Gr,"6,73 € / 1 Kg","2,69 €",
Horno,Pan de horno,Bocadillo 4 Unidades 460 Gr,"1,93 € / 1 Kg","0,89 €",
Horno,Pan de horno,Pan de Agua 250 Gr,"3,60 € / 1 Kg","0,90 €",
Horno,Pan de horno,Pan Payes sin Gluten 250 Gr,"10,36 € / 1 Kg","2,59 €",
Horno,Pan de horno,Barra Maxi 440 Gr,"4,07 € / 1 Kg","1,79 €",
Horno,Pan de horno,Barra Espiga con Aceite de Oliva 5% 220 Gr,"4,32 € / 1 Kg","0,95 €",
Horno,Pan de horno,Barra Mix Cereales Integral 24% 250 Gr,"5,56 € / 1 Kg","1,39 €",
Horno,Pan de horno,Mini Rústicos 4 Unidades 180 Gr,"4,72 € / 1 Kg","0,85 €",
Horno,Pan de horno,Baguettina 5 Unidades 550 Gr,"2,53 € / 1 Kg","1,39 €",
Horno,Pan de molde y rebanado,Pan de Molde Centeno y Semillas 400 Gr,"4,23 € / 1 Kg","1,99 €
1,69 €",
Horno,Pan de molde y rebanado,Pan Rebanado Payés con Semillas de Calabaza 490 Gr,"4,59 € / 1 Kg","2,25 €",
Horno,Pan de molde y rebanado,Pan de Molde Integral 400 Gr,"3,98 € / 1 Kg","1,59 €",
Horno,Pan de molde y rebanado,Pan Rebanado de Centeno 400 Gr,"4,98 € / 1 Kg","1,99 €",
Horno,Pan de molde y rebanado,Pan Rebanado Redondo 590 Gr,"3,37 € / 1 Kg","1,99 €",
Horno,Pan de molde y rebanado,Pan de Molde con Pipas de Girasol y Calabaza 400 Gr,"4,73 € / 1 Kg","1,89 €",
Horno,Pan de molde y rebanado,Media Hogaza Integral de Espelta y Fibra 300 Gr,"8,63 € / 1 Kg","2,59 €",
Horno,Pan de molde y rebanado,Pan Rebanado con Alto Contenido en Proteinas 300 Gr,"6,63 € / 1 Kg","1,99 €",
Horno,Pan de molde y rebanado,P. Rebanado 15 Semillas y Cereales 420 Gr,"4,74 € / 1 Kg","1,99 €",
Horno,Pan de molde y rebanado,Pan de Molde Brioche 450 Gr,"4,33 € / 1 Kg","1,95 €",
Horno,Pan de molde y rebanado,Hogaza Rebanada 100% Natural 510 Gr,"3,24 € / 1 Kg","1,65 €",
Horno,Pan de molde y rebanado,Hogaza Maíz Semillas Calabaza y Girasol 400 Gr,"5,48 € / 1 Kg","2,19 €",
Horno,Pan hamburguesas y perritos,Pan Hamburguesa Rústico Natural 100% 4U 300 Gr,"5,50 € / 1 Kg","1,65 €",
Horno,Pan hamburguesas y perritos,Burger Cristal 2 Unidades 150 Gr,"7,33 € / 1 Kg","1,10 €",
Horno,Pan hamburguesas y perritos,Pan Perritos Rústicos 4 Unidades 220 Gr,"6,77 € / 1 Kg","1,49 €",
Horno,Pan hamburguesas y perritos,Pan Hamburguesa 98% Integral 4 Unidade 300 Gr,"5,30 € / 1 Kg","1,59 €",
Horno,Pan hamburguesas y perritos,P. Hamburguesa Brioche con Mantequilla 4 Und. 300 Gr,"6,63 € / 1 Kg","1,99 €",
Horno,Pan hamburguesas y perritos,Mini Perritos Brioche 10 Unidades 300 Gr,"6,63 € / 1 Kg","1,99 €",
Horno,Pan hamburguesas y perritos,Mollete Andaluz 2 Unidades 200 Gr,"4,95 € / 1 Kg","0,99 €",
Horno,Pan hamburguesas y perritos,Chapata Cristal Aceite de Oliva 7% 3 U 210 Gr,"4,67 € / 1 Kg","0,98 €",
Horno,Pan rallado,Pan Rallado Natural Paquete 500 Gr,"1,40 € / 1 Kg","0,70 €",CONSUM
Horno,Pan rallado,Rebozado Crujiente Sin Gluten 200 Gr,"7,95 € / 1 Kg","1,59 €",ESGIR
Horno,Pan rallado,Pan Rallado Crujiente Paquete 380 Gr,"4,08 € / 1 Kg","1,55 €",FRUMEN
Horno,Pan rallado,Pan Rallado Estilo Japonés Paquete 150 Gr,"11,67 € / 1 Kg","1,75 €",FRUMEN
Horno,Pan rallado,Pan Rallado Ajo-Perejil 500 Gr,"2,10 € / 1 Kg","1,05 €",CONSUM
Horno,Pan rallado,Rallado Crujiente 400 Gr,"4,63 € / 1 Kg","1,85 €",ESGIR
Horno,Pan rallado,Pan Rallado Sin Gluten 300 Gr,"7,30 € / 1 Kg","2,19 €",GALLO
Horno,Pan rallado,Pan Rallado Casero 500 Gr,"2,10 € / 1 Kg","1,05 €",CONSUM
Horno,"Rosquilletas, picos y snacks",Coqueta Multicereales 200 Gr,"9,75 € / 1 Kg","2,29 €
1,95 €",
Horno,"Rosquilletas, picos y snacks",Coqueta de Pipas 135 Gr,"17,70 € / 1 Kg","2,39 €",
Horno,"Rosquilletas, picos y snacks",Picos Gourmet 140 Gr,"13,50 € / 1 Kg","1,89 €",
Horno,"Rosquilletas, picos y snacks",Tortas Saladas Chipi 125 Gr,"15,92 € / 1 Kg","1,99 €",
Horno,"Rosquilletas, picos y snacks",Picos Gourmet Integral 140 Gr,"14,54 € / 1 Kg","1,89 €",
Horno,"Rosquilletas, picos y snacks",Coquetas de Cacahuete 200 Gr,"11,45 € / 1 Kg","2,29 €",
Horno,"Rosquilletas, picos y snacks",Palitos con Llavoretes 70 Gr,"17,00 € / 1 Kg","1,19 €",
Horno,"Rosquilletas, picos y snacks",Palitos Sabor Campesinos 70 Gr,"17,86 € / 1 Kg","1,25 €",
Horno,Bollería dulce,Tejas 160 Gr,"9,06 € / 1 Kg","1,65 €
1,45 €",
Horno,Bollería dulce,Bizcocho de Azúcar 450 Gr,"7,00 € / 1 Kg","3,50 €
3,15 €",
Horno,Bollería dulce,Bizcocho de Naranja 375 Gr,"9,04 € / 1 Kg","3,89 €
3,39 €",
Horno,Bollería dulce,Panal de Cabello 1 Unidad 117 Gr,"8,46 € / 1 Kg","1,15 €
0,99 €",
Horno,Bollería dulce,Palmeras 160 Gr,"14,94 € / 1 Kg","2,39 €",
Horno,Bollería dulce,Milhojas de Chocolate 250 Gr,"11,96 € / 1 Kg","2,99 €",
Horno,Bollería dulce,Magdalenas Caseras 360 Gr,"7,47 € / 1 Kg","2,69 €",
Horno,Bollería dulce,Bizcocho casero de Manzana 400 Gr,"6,98 € / 1 Kg","2,79 €",
Horno,Bollería dulce,Berlina Rellena de Chocolate 2 Unidades 180 Gr,"9,17 € / 1 Kg","1,65 €",
Horno,Bollería dulce,Big Dots Sugar 2 Unidades 130 Gr,"9,62 € / 1 Kg","1,25 €",
Horno,Bollería dulce,Susu de Crema con Baño de Chocolate 200 Gr,"13,45 € / 1 Kg","2,69 €",
Horno,Bollería dulce,Mini Caracola de Chocolate 5 Unidades 200 Gr,"5,70 € / 1 Kg","1,14 €",
Horno,Bollería dulce,Palmera Cacao 200 Gr,"14,95 € / 1 Kg","2,99 €",
Horno,Bollería dulce,Mini Rosquilla Glas 5 Unidades 150 Gr,"11,27 € / 1 Kg","1,69 €",
Horno,Bollería dulce,Tarta de Almendra 400 Gr,"12,98 € / 1 Kg","5,19 €",
Horno,Bollería dulce,Panquemado 300 Gr,"9,97 € / 1 Kg","2,99 €",
Horno,Bollería dulce,Susú de Crema 180 Gr,"12,17 € / 1 Kg","2,19 €",
Horno,Bollería dulce,Mini Croissant Mantequilla 6 Unidades 120 Gr,"8,33 € / 1 Kg","1,00 €",
Horno,Bollería dulce,Suizos con Mantequilla 100 Gr,"12,90 € / 1 Kg","1,29 €",
Horno,Bollería dulce,Hoops Glaseados 2 Unidades 100 Gr,"7,90 € / 1 Kg","0,79 €",
Horno,Bollería dulce,Hoops Bombón 2 Unidades 110 Gr,"7,18 € / 1 Kg","0,79 €",
Horno,Bollería dulce,Mini Magdalenas 225 Gr,"10,62 € / 1 Kg","2,39 €",
Horno,Bollería dulce,Magdalena Integral Edulcorada 4 Unidades 240 Gr,"8,29 € / 1 Kg","1,99 €",
Horno,Bollería dulce,Delicias de Almendra 225 Gr,"9,73 € / 1 Kg","2,19 €",
Horno,Bollería dulce,Capricho de Avellana y Chocolate 225 Gr,"10,44 € / 1 Kg","2,35 €",
Horno,Bollería dulce,Rosquillo Frito 260 Gr,"8,27 € / 1 Kg","2,15 €",
Horno,Bollería dulce,Fartons 5 Unidades 150 Gr,"11,67 € / 1 Kg","1,75 €",
Horno,Bollería dulce,Bizcocho Casero de Chocolate con Leche 400 Gr,"6,20 € / 1 Kg","2,48 €",
Horno,Bollería dulce,Bizcocho Casero con Nueces 400 Gr,"8,98 € / 1 Kg","3,59 €",
Horno,Bollería dulce,Torta de Pasas y Nueces 330 Gr,"12,88 € / 1 Kg","4,25 €",
Horno,Bollería dulce,Mini Palmeras de Hojaldre 140 Gr,"16,36 € / 1 Kg","2,29 €",
Horno,Bollería dulce,Muffin Chocolate 2 Unidades 220 Gr,"9,05 € / 1 Kg","1,99 €",
Horno,Bollería dulce,Trenza Crema y Cacao 450 Gr,"19,31 € / 1 Kg","8,69 €",
Horno,Bollería dulce,Palmera Cacao 240 Gr,"10,79 € / 1 Kg","2,59 €",
Horno,Bollería dulce,Rosquilla de Huevo 200 Gr,"9,45 € / 1 Kg","1,89 €",
Horno,Bollería dulce,Delicias de Coco 200 Gr,"9,95 € / 1 Kg","1,99 €",
Horno,Bollería dulce,Bizcocho Tradicional de Zanahoria 300 Gr,"9,97 € / 1 Kg","2,99 €",
Horno,Bollería dulce,Bizcocho sin Azucares Añadidos 200 Gr,"11,25 € / 1 Kg","2,25 €",
Horno,Bollería dulce,Dots Pink Nubes 2 Unidades 150 Gr,"7,93 € / 1 Kg","1,19 €",
Horno,Bollería dulce,Cookie Doble Chocolate 2 Unidades 150 Gr,"15,93 € / 1 Kg","2,39 €",
Horno,Bollería dulce,Pastel de Crema 3 Unidades 170 Gr,"7,59 € / 1 Kg","1,29 €",
Horno,Bollería dulce,Mini Croissant Margarina 6 Unidades 140 Gr,"9,21 € / 1 Kg","1,29 €",
Horno,Bollería dulce,Mini Croissant Relleno de Chocolate 6 Unidades 180 Gr,"10,83 € / 1 Kg","1,95 €",
Horno,Bollería dulce,Mini Ensaimada Hojaldrada 6 Unidades 174 Gr,"12,93 € / 1 Kg","2,25 €",
Horno,Bollería dulce,Mini Croissant Relleno de Crema 6 Unidades 180 Gr,"10,83 € / 1 Kg","1,95 €",
Horno,Bollería dulce,Trenza de Nueces 1 Unidad 120 Gr,"9,17 € / 1 Kg","1,10 €",
Horno,Bollería dulce,"Croissant con Semillas 1,85% 1 Unidad 70 Gr","12,71 € / 1 Kg","0,89 €",
Horno,Bollería dulce,Ensaimada Grande Hojaldrada 1 Unidad 84 Gr,"13,10 € / 1 Kg","1,10 €",
Horno,Bollería dulce,Tarta de Manzana 1 Unidad 125 Gr,"11,60 € / 1 Kg","1,45 €",
Horno,Bollería dulce,Napolitana de Chocolate 1 Unidad 95 Gr,"9,37 € / 1 Kg","0,89 €",
Horno,Bollería dulce,Croissant Artesano 1 Unidad 75 Gr,"10,00 € / 1 Kg","0,75 €",
Horno,Bollería dulce,Croissant Mantequilla 1 Unidad 65 Gr,"8,00 € / 1 Kg","0,52 €",
Horno,Bollería salada,Palito Sobrasada 4 Unidades 110 Gr,"10,82 € / 1 Kg","1,39 €
1,19 €",
Horno,Bollería salada,Hojaldre Pisto y Atún 1 Unidad 130 Gr,"8,84 € / 1 Kg","1,35 €
1,15 €",
Horno,Bollería salada,Mini Empanadilla Pisto 7 Unidades 250 Gr,"7,56 € / 1 Kg","1,89 €",
Horno,Bollería salada,Mini Empanadilla Selecta Espinacas Queso 5 Und. 210 Gr,"13,10 € / 1 Kg","2,75 €",
Horno,Bollería salada,Mini Empanadilla de Atún con Olivas 6 Und. 225 Gr,"11,33 € / 1 Kg","2,55 €",
Horno,Bollería salada,Empanadilla Vegetariana Tomate y Verduras 105 Gr,"12,29 € / 1 Kg","1,29 €",
Horno,Bollería salada,Palito Queso y Anchoa 4 Unidades 105 Gr,"14,19 € / 1 Kg","1,49 €",
Horno,Bollería salada,Mini Hojaldritos Variados 12 Unidades 216 Gr,"5,79 € / 1 Kg","1,25 €",
Horno,Bollería salada,Empanada Redonda Atún 15% 420 Gr,"9,50 € / 1 Kg","3,99 €",
Horno,Bollería salada,Napolitana Mixta 1 Unidad 125 Gr,"6,40 € / 1 Kg","0,80 €",
Horno,Bollería salada,Pizza de Atún y York 1 Unidad 155 Gr,"12,84 € / 1 Kg","1,99 €",
Horno,Bollería salada,Calzone de York y Queso 1 Unidad 155 Gr,"10,26 € / 1 Kg","1,59 €",
Horno,Bollería salada,Empanadilla de Pollo y Champiñon 1 Unidad 110 Gr,"13,18 € / 1 Kg","1,45 €",
Horno,Bollería salada,Hojaldre de Carne 1 Unidad 130 Gr,"11,15 € / 1 Kg","1,45 €",
Horno,Bollería salada,Empanadilla de Pisto 1 Unidad 105 Gr,"11,90 € / 1 Kg","1,25 €",
Horno,Bollería salada,Cesta de Queso de Cabra 80 Gr,"18,63 € / 1 Kg","1,49 €",
Horno,Bollería salada,Hojaldre de Pollo con Curry 1 Unidad 100 Gr,"13,50 € / 1 Kg","1,35 €",
Horno,Bollería salada,Empanadilla de Espinacas 1 Unidad 110 Gr,"13,18 € / 1 Kg","1,45 €",
Horno,Tartas y repostería,Carrot Cake Tarta de Zanahoria 770 Gr,"12,86 € / 1 Kg","11,00 €
9,90 €",
Horno,Tartas y repostería,Tarta sabor Chocolate y Avellana 525 Gr,"13,70 € / 1 Kg","7,99 €
7,19 €",
Horno,Tartas y repostería,Vela de Aniversario Número 1 1 U,"0,75 € / 1 U","0,75 €",ROURA
Horno,Tartas y repostería,Almendras con Piel Tostadas Sal Bolsa 200 Gr,"14,95 € / 1 Kg","2,99 €",CONSUM
Horno,Tartas y repostería,Almendras Repeladas Fritas Bolsa 200 Gr,"14,25 € / 1 Kg","2,85 €",CONSUM
Horno,Tartas y repostería,Vela de Aniversario Número 2 1 U,"0,75 € / 1 U","0,75 €",ROURA
Horno,Tartas y repostería,Vela de Aniversario Número 0 1 U,"0,75 € / 1 U","0,75 €",ROURA
Horno,Tartas y repostería,Vela de Aniversario Número 3 1 U,"0,75 € / 1 U","0,75 €",ROURA
Horno,Tartas y repostería,Vela de Aniversario Número 4 1 U,"0,75 € / 1 U","0,75 €",ROURA
Horno,Tartas y repostería,Vela de Aniversario Número 5 1 U,"0,75 € / 1 U","0,75 €",ROURA
Horno,Tartas y repostería,Vela de Aniversario Número 6 1 U,"0,75 € / 1 U","0,75 €",ROURA
Horno,Tartas y repostería,Vela de Aniversario Número 7 1 U,"0,75 € / 1 U","0,75 €",ROURA
Horno,Tartas y repostería,Vela de Aniversario Número 8 1 U,"0,75 € / 1 U","0,75 €",ROURA
Horno,Tartas y repostería,Vela de Aniversario Número 9 1 U,"0,75 € / 1 U","0,75 €",ROURA
Horno,Tartas y repostería,Vela de Aniversario Número ? 1 U,"0,75 € / 1 U","0,75 €",ROURA
Horno,Tartas y repostería,Almendra Repelada Cruda 150 Gr,"12,60 € / 1 Kg","1,89 €",CONSUM
Horno,Tartas y repostería,Trufas Heladas 12 Unidades 192 Gr,"28,59 € / 1 Kg","5,49 €",
Horno,Tartas y repostería,Lionesas de Nata 10 Unidades 250 Gr,"19,96 € / 1 Kg","4,99 €",
Horno,Tartas y repostería,Tarta San Marcos 1 Kg,"7,99 € / 1 Kg","7,99 €",
Horno,Tartas y repostería,Tarta Bombón 1 Kg,"11,90 € / 1 Kg","11,90 €",
Horno,Tartas y repostería,Pastel Sara 125 Gr,"19,92 € / 1 Kg","2,49 €",
Horno,Tartas y repostería,Cheesecake Oreo 350 Gr,"20,83 € / 1 Kg","7,29 €",
Horno,Tartas y repostería,Velita y Cifras 12 U,"0,24 € / 1 U","2,89 €",VAHINÉ
Horno,Tartas y repostería,Velitas Mágicas 10 U,"0,23 € / 1 U","2,29 €",VAHINÉ
Horno,Tartas y repostería,Velitas Cumpleaños Rosas y Azules 16 U,"0,11 € / 1 U","1,75 €",VAHINÉ
Horno,Tartas y repostería,Almendra con Cáscara Tostada Bolsa 250 Gr,"13,00 € / 1 Kg","3,25 €",
Horno,Tartas y repostería,Tarta Galleta Arándanos Nata y Queso 500 Gr,"19,18 € / 1 Kg","9,59 €",
Horno,Tartas y repostería,Tarta Mousse de Limón 550 Gr,"15,00 € / 1 Kg","8,25 €",
Horno,Tartas y repostería,Tarta Crujiente de Chocolate y Nata 350 Gr,"21,69 € / 1 Kg","7,59 €",
Horno,Tartas y repostería,Tarta Nata y Trufa 725 Gr,"12,76 € / 1 Kg","9,25 €",
Horno,Tartas y repostería,Velitas Smiley 27 Gr,"11,07 € / 100 Gr","2,99 €",VAHINE
Horno,Tartas y repostería,Lionesas Surtidas 10 Unidades 250 Gr,"19,96 € / 1 Kg","4,99 €",
Horno,Tartas y repostería,Porción Cheesecake Oreo 100 Gr,"29,90 € / 1 Kg","2,99 €",
Horno,Tartas y repostería,Pastel San Marcos Bajo en Azúcar 210 Gr,"18,05 € / 1 Kg","3,79 €",
Horno,Tartas y repostería,Tarta Milka 350 Gr,"20,83 € / 1 Kg","7,29 €",
Horno,Tartas y repostería,Milhojas de Merengue 2 Unidades 160 Gr,"15,56 € / 1 Kg","2,49 €",
Horno,Tartas y repostería,Tarta Sacher Frambuesa 600 Gr,"16,65 € / 1 Kg","9,99 €",
Horno,Tartas y repostería,Almendra Natural piel Doy Pack 200 Gr,"10,25 € / 1 Kg","2,05 €",CONSUM
Horno,Tartas y repostería,Tarta de Turrón y Nata 650 Gr,"17,31 € / 1 Kg","11,25 €",
Horno,Tartas y repostería,Pastel Tiramisú 125 Gr,"19,12 € / 1 Kg","2,39 €",
Horno,Tartas y repostería,Porción Carrot Cake con Queso 118 Gr,"27,88 € / 1 Kg","3,29 €",
Horno,Tartas y repostería,Tarta de Queso al Horno 500 Gr,"15,98 € / 1 Kg","7,99 €",
Horno,Tartas y repostería,Tarta Fiesta Bizcocho y Sabor Trufa 1000 Gr,"12,50 € / 1 Kg","12,50 €",
Horno,Tartas y repostería,Tarta Bombón Infantil 500 Gr,"15,38 € / 1 Kg","7,69 €",
Horno,Tartas y repostería,Velitas Diseño 10 U,"0,19 € / 1 U","1,89 €",VAHINÉ
Horno,Tartas y repostería,Pack Velas Aniversario Colores Surtidos 24 U,"0,04 € / 1 U","0,99 €",LUMAR
Horno,Tartas y repostería,Red Velvet 625 Gr,"14,38 € / 1 Kg","8,99 €",
Horno,Tartas y repostería,Cake Lotus Biscoff 415 Gr,"22,87 € / 1 Kg","9,49 €",
Horno,Tartas y repostería,Almendra Tostada Sin Sal Bolsa 200 Gr,"14,95 € / 1 Kg","2,99 €",CONSUM
Horno,Tartas y repostería,Base de Tarta 3 Capas 350 Gr,"8,14 € / 1 Kg","2,85 €",GENOISE
Horno,Tartas y repostería,Por.Mousse de Choco y Limón s/Gluten-Lactosa 220 Gr,"27,23 € / 1 Kg","5,99 €",
Horno,Tartas y repostería,Cheesecake Dulce de Leche Swirl 500 Gr,"23,00 € / 1 Kg","11,50 €",
Horno,Tartas y repostería,Tarta Galleta Café y Caramelo 600 Gr,"19,17 € / 1 Kg","11,50 €",
Horno,Tartas y repostería,Bombón Cake 725 Gr,"18,62 € / 1 Kg","13,50 €",
Horno,Tartas y repostería,Chocolate Bar 675 Gr,"20,00 € / 1 Kg","13,50 €",
Platos preparados,Preparados refrigerados,Pasta Fresca Rellena de Ternera con Verduras 250 Gr,"10,76 € / 1 Kg","3,29 €
2,69 €",RANA
Platos preparados,Preparados refrigerados,Gyoza de Carne al Vapor 170 Gr,"22,57 € / 1 Kg","3,79 €
3,25 €",TA-TUNG
Platos preparados,Preparados refrigerados,Pasta Fresca Rellena 4 Quesos 250 Gr,"10,76 € / 1 Kg","3,29 €
2,69 €",RANA
Platos preparados,Preparados refrigerados,Pasta Fresca Rellena de Pollo Asado 250 Gr,"10,76 € / 1 Kg","3,29 €
2,69 €",RANA
Platos preparados,Preparados refrigerados,Tortilla de Patata Fresca con Cebolla 650 Gr,"6,14 € / 1 Kg","5,35 €
3,99 €",PALACIOS
Platos preparados,Preparados refrigerados,Pasta Fresca Rellena de Atún y Tomate 250 Gr,"10,76 € / 1 Kg","3,29 €
2,69 €",RANA
Platos preparados,Preparados refrigerados,Burger Clásica Vegetariana 150 Gr,"19,94 € / 1 Kg","3,49 €
2,99 €",GARDEN
Platos preparados,Preparados refrigerados,Pasta Fresca Rellena Jamón y Queso 250 Gr,"10,76 € / 1 Kg","3,29 €
2,69 €",RANA
Platos preparados,Preparados refrigerados,Nuggets Veganos 200 Gr,"16,25 € / 1 Kg","4,15 €
3,25 €",GARDEN
Platos preparados,Preparados refrigerados,Bocaditos Braseados Vegetarianos 175 Gr,"17,08 € / 1 Kg","4,15 €
2,99 €",GARDEN
Platos preparados,Preparados refrigerados,Pizza Tartufina Jamón y Salsa de Trufa 430 Gr,"7,71 € / 1 Kg","3,99 €
3,39 €",GUAPIZZIMA
Platos preparados,Preparados refrigerados,Escalope de Pechuga de Pollo 200 Gr,"12,70 € / 1 Kg","2,99 €
2,54 €",SABOREA
Platos preparados,Preparados refrigerados,Canelones de Carne con Boletus 350 Gr,"10,71 € / 1 Kg","3,90 €
3,75 €",DUNANY
Platos preparados,Preparados refrigerados,Kit Tagliatelle Carbonara 408 Gr,"12,23 € / 1 Kg","4,99 €",RANA
Platos preparados,Preparados refrigerados,Bacon Burger con Bacon y Queso 220 Gr,"12,81 € / 1 Kg","3,35 €
2,69 €",BROOKLYN
Platos preparados,Preparados refrigerados,Seitán Bio 300 Gr,"10,47 € / 1 Kg","3,69 €
3,14 €",SORIANATURAL
Platos preparados,Preparados refrigerados,Bocados Mediterráneos 160 Gr,"24,94 € / 1 Kg","3,99 €",HEURA
Platos preparados,Preparados refrigerados,Empanado Vegetariano 180 Gr,"16,61 € / 1 Kg","4,15 €
2,99 €",GARDEN GOURM
Platos preparados,Preparados refrigerados,Vuna Sabor a Atún 180 Gr,"27,72 € / 1 Kg","6,20 €
4,99 €",GARDEN
Platos preparados,Preparados refrigerados,Burguer Original 227 Gr,"21,98 € / 1 Kg","4,99 €",HEURA
Platos preparados,Preparados refrigerados,Cheese Burguer 210 Gr,"13,34 € / 1 Kg","3,29 €
2,80 €",BROOKLYN
Platos preparados,Preparados refrigerados,Sensational Filet Pack 2 unidades 180 Gr,"18,06 € / 1 Kg","4,59 €
3,25 €",GARDEN GOURM
Platos preparados,Preparados refrigerados,Arroz 3 Delicias 250 Gr,"10,20 € / 1 Kg","2,99 €
2,55 €",TA-TUNG
Platos preparados,Preparados refrigerados,Pizza 9 Formaggi 420 Gr,"8,31 € / 1 Kg","3,99 €
3,49 €",GUAPIZZIMA
Platos preparados,Preparados refrigerados,Kit Teriyaki Noodles Pollo 400 Gr,"12,48 € / 1 Kg","4,99 €",RANA
Platos preparados,Preparados refrigerados,Ensalada de Atún 175 Gr,"14,00 € / 1 Kg","2,75 €
2,45 €",DELITUSS
Platos preparados,Preparados refrigerados,Guiso de Verduras con Trigo Bulgur 350 Gr,"9,11 € / 1 Kg","3,19 €",VIANATURE
Platos preparados,Preparados refrigerados,Guiso Lentejas con Verduras al Curry 350 Gr,"9,11 € / 1 Kg","3,19 €",VIANATURE
Platos preparados,Preparados refrigerados,Veggie Balls 200 Gr,"14,75 € / 1 Kg","3,29 €
2,95 €",GARDEN GOURM
Platos preparados,Preparados refrigerados,Gazpacho Original 1 L,"3,99 € / 1 L","3,99 €",ALVALLE
Platos preparados,Preparados refrigerados,Pizza 4 Quesos 390 Gr,"8,18 € / 1 Kg","3,19 €",TARRADELLAS
Platos preparados,Preparados refrigerados,Pizza Jamón y Queso. 405 Gr,"7,88 € / 1 Kg","3,19 €",TARRADELLAS
Platos preparados,Preparados refrigerados,Pizza Mediterránea 410 Gr,"7,78 € / 1 Kg","3,19 €",TARRADELLAS
Platos preparados,Preparados refrigerados,Pizza Carbonara 400 Gr,"7,98 € / 1 Kg","3,19 €",TARRADELLAS
Platos preparados,Preparados refrigerados,Pizza Jamón y Queso Pack de 2 Unidades 2 x 220 Gr,"7,25 € / 1 Kg","3,19 €",TARRADELLAS
Platos preparados,Preparados refrigerados,Pizza Carne con Salsa Barbacoa 410 Gr,"7,05 € / 1 Kg","2,89 €",CAMPOFRÍO
Platos preparados,Preparados refrigerados,Pizza Jamón Serrano 390 Gr,"8,18 € / 1 Kg","3,19 €",TARRADELLAS
Platos preparados,Preparados refrigerados,Pollo Asado al VacÍo 1 U,"5,99 € / 1 U","5,99 €",NOEL
Platos preparados,Preparados refrigerados,Gourmet Queso Cabra y Cebolla 250 Gr,"16,24 € / 1 Kg","4,06 €",RANA
Platos preparados,Preparados refrigerados,Tortellinis Rellenos de Carne 250 Gr,"6,88 € / 1 Kg","1,72 €",CONSUM
Platos preparados,Preparados refrigerados,Tortellinis Rellenos de Quesos 250 Gr,"6,88 € / 1 Kg","1,72 €",CONSUM
Platos preparados,Preparados refrigerados,Tortellini Relleno Requesón y Espinacas 250 Gr,"6,88 € / 1 Kg","1,72 €",CONSUM
Platos preparados,Preparados refrigerados,Tagliatelles al Huevo 250 Gr,"4,60 € / 1 Kg","1,15 €",CONSUM
Platos preparados,Preparados refrigerados,Gnocchis de Patata 500 Gr,"2,98 € / 1 Kg","1,49 €",CONSUM
Platos preparados,Preparados refrigerados,Pizza Jamón y Queso al Horno de Piedra 400 Gr,"6,25 € / 1 Kg","2,50 €",CONSUM
Platos preparados,Preparados refrigerados,Pizza 4 Quesos al Horno de Piedra 400 Gr,"7,25 € / 1 Kg","2,90 €",CONSUM
Platos preparados,Preparados refrigerados,Pizza Atún y Bacón 400 Gr,"7,25 € / 1 Kg","2,90 €",CONSUM
Platos preparados,Preparados refrigerados,Gazpacho Suave 1 L,"1,85 € / 1 L","1,85 €",CONSUM
Platos preparados,Preparados refrigerados,Pizza Barbacoa al Horno de Piedra 400 Gr,"6,25 € / 1 Kg","2,50 €",CONSUM
Platos preparados,Preparados refrigerados,Pizza Romana 400 Gr,"7,25 € / 1 Kg","2,90 €",CONSUM
Platos preparados,Preparados refrigerados,Cheese Burger Pack de 2 Unidades 250 Gr,"13,96 € / 1 Kg","3,49 €",PALACIOS
Platos preparados,Preparados refrigerados,Pizza Carbonara Masa Fina 400 Gr,"7,25 € / 1 Kg","2,90 €",CONSUM
Platos preparados,Preparados refrigerados,Pizza Pollo Masa Rústica al Horno de Piedra 400 Gr,"7,25 € / 1 Kg","2,90 €",CONSUM
Platos preparados,Preparados refrigerados,Pizza Jamón y Queso con Salsa Cheddar 360 Gr,"8,03 € / 1 Kg","2,89 €",CAMPOFRÍO
Platos preparados,Preparados refrigerados,Ensalada Taboulé 400 Gr,"6,88 € / 1 Kg","2,75 €",CONSUM
Platos preparados,Preparados refrigerados,La Rosquita Serrana Rústica 205 Gr,"9,71 € / 1 Kg","1,99 €",DE ORO
Platos preparados,Preparados refrigerados,Tallarines Parmesana Sobre 143 Gr,"17,41 € / 1 Kg","2,49 €",G.BLANCA
Platos preparados,Preparados refrigerados,Rollitos de Primavera 280 Gr,"9,96 € / 1 Kg","2,79 €",TA-TUNG
Platos preparados,Preparados refrigerados,Gazpacho Tradicional 1 L,"1,80 € / 1 L","1,80 €",CONSUM
Platos preparados,Preparados refrigerados,Rosca Rústica de Jamón Bacón y Queso 480 Gr,"6,65 € / 1 Kg","3,19 €",DE ORO
Platos preparados,Preparados refrigerados,Tzaziki Crema Yogur con Pepino 150 Gr,"10,60 € / 1 Kg","1,59 €",DELITUSS
Platos preparados,Preparados refrigerados,Gazpacho Pack de 3 Unidades 3 x 330 ml,"2,22 € / 1 L","2,20 €",CONSUM
Platos preparados,Preparados refrigerados,Sándwich Mixto Pack de 2 Unidades 2 x 120 Gr,"7,71 € / 1 Kg","1,85 €",TARRADELLAS
Platos preparados,Preparados refrigerados,Gazpacho Original 500 ml,"4,98 € / 1 L","2,49 €",ALVALLE
Platos preparados,Preparados refrigerados,De la Huerta Ravioli Calabaza y Cebolla 250 Gr,"15,08 € / 1 Kg","3,77 €",RANA
Platos preparados,Preparados refrigerados,Pizza Barbacoa 440 Gr,"7,25 € / 1 Kg","3,19 €",TARRADELLAS
Platos preparados,Preparados refrigerados,Huerta Ravioli Boletus Edulis 250 Gr,"15,08 € / 1 Kg","3,77 €",RANA
Platos preparados,Preparados refrigerados,Pizza Atún y Bacón 405 Gr,"7,88 € / 1 Kg","3,19 €",TARRADELLAS
Platos preparados,Preparados refrigerados,Spaguettis al Huevo 250 Gr,"4,76 € / 1 Kg","1,19 €",CONSUM
Platos preparados,Preparados refrigerados,Tallarines Carbonara Sobre 143 Gr,"17,41 € / 1 Kg","2,49 €",G.BLANCA
Platos preparados,Preparados refrigerados,Huerta Tortellini Ricotta y Espinacas 250 Gr,"15,08 € / 1 Kg","3,77 €",RANA
Platos preparados,Preparados refrigerados,Muslo de Pato Confitado 250 Gr,"29,96 € / 1 Kg","7,49 €",MARTIKO
Platos preparados,Preparados refrigerados,Migas Pack de 2 Unidades 500 Gr,"7,98 € / 1 Kg","3,99 €",FLORISTAN
Platos preparados,Preparados refrigerados,Pizza Pepperoni 400 Gr,"7,98 € / 1 Kg","3,19 €",TARRADELLAS
Platos preparados,Preparados refrigerados,Pizza Romana 410 Gr,"7,78 € / 1 Kg","3,19 €",TARRADELLAS
Platos preparados,Preparados refrigerados,Ensalada de Patatas con Allioli 250 Gr,"6,76 € / 1 Kg","1,69 €",CHOVI
Platos preparados,Preparados refrigerados,Salmorejo 1 L,"2,30 € / 1 L","2,30 €",CONSUM
Platos preparados,Preparados refrigerados,Tortilla de Patata Fresca con Espinacas 300 Gr,"9,97 € / 1 Kg","2,99 €",PALACIOS
Platos preparados,Preparados refrigerados,Sándwich Pavo y Queso con Espinacas 190 Gr,"9,74 € / 1 Kg","1,85 €",VITAL
Platos preparados,Preparados refrigerados,Sándwich Jamón York y Queso sin Corteza 150 Gr,"12,33 € / 1 Kg","1,85 €",VITAL
Platos preparados,Preparados refrigerados,Hummus con Berenjena 150 Gr,"13,27 € / 1 Kg","1,99 €",DELITUSS
Platos preparados,Preparados refrigerados,Pizza Vegalia de Verdura y Queso Curado 360 Gr,"9,03 € / 1 Kg","3,25 €",CAMPOFRÍO
Platos preparados,Preparados refrigerados,Rosca Rústica de Lomo 480 Gr,"6,65 € / 1 Kg","3,19 €",DE ORO
Platos preparados,Preparados refrigerados,Pizza Jamón y Queso sin Gluten y sin Lactosa 420 Gr,"8,07 € / 1 Kg","3,39 €",TARRADELLAS
Platos preparados,Preparados refrigerados,Pizza Pollo y Bacón con Masa 5 Semillas 410 Gr,"7,78 € / 1 Kg","3,19 €",TARRADELLAS
Platos preparados,Preparados refrigerados,Tortilla con Cebolla Mini 200 Gr,"7,45 € / 1 Kg","1,49 €",FLORISTAN
Platos preparados,Preparados refrigerados,Tortilla sin Cebolla Mini 200 Gr,"7,45 € / 1 Kg","1,49 €",FLORISTAN
Platos preparados,Preparados refrigerados,Tortilla de Patata Fresca con Cebolla 600 Gr,"4,33 € / 1 Kg","2,60 €",CONSUM
Platos preparados,Preparados refrigerados,Tortilla de Patata Fresca sin Cebolla 600 Gr,"4,33 € / 1 Kg","2,60 €",CONSUM
Platos preparados,Preparados refrigerados,Arroz al Horno 280 Gr,"12,82 € / 1 Kg","3,59 €",DELINATUR
Platos preparados,Preparados refrigerados,Fideuá de Pescado y Marisco 280 Gr,"12,82 € / 1 Kg","3,59 €",DELINATUR
Platos preparados,Preparados refrigerados,Carrillada de Cerdo con Patatas 280 Gr,"15,68 € / 1 Kg","4,39 €",DELINATUR
Platos preparados,Preparados refrigerados,Lasaña Boloñesa 350 Gr,"7,57 € / 1 Kg","2,65 €",DUNANY
Platos preparados,Preparados refrigerados,Lasaña Vegetal 350 Gr,"8,57 € / 1 Kg","3,00 €",DUNANY
Platos preparados,Preparados refrigerados,Moussaka 350 Gr,"8,54 € / 1 Kg","2,99 €",DUNANY
Platos preparados,Preparados refrigerados,Lasaña de Pollo 350 Gr,"8,83 € / 1 Kg","3,09 €",DUNANY
Platos preparados,Preparados refrigerados,Cordón Bleu de Pechuga Pavo y Pollo 400 Gr,"12,98 € / 1 Kg","5,19 €",SABOREA
Platos preparados,Preparados refrigerados,Macarrones Boloñesa 280 Gr,"8,93 € / 1 Kg","2,50 €",DUNANY
Platos preparados,Preparados refrigerados,Espaguetis Boloñesa 280 Gr,"8,93 € / 1 Kg","2,50 €",DUNANY
Platos preparados,Preparados refrigerados,Tallarines Carbonara 280 Gr,"8,21 € / 1 Kg","2,30 €",DUNANY
Platos preparados,Preparados refrigerados,Pizza Queso de Cabra y Cebolla Asada 360 Gr,"9,03 € / 1 Kg","3,25 €",CAMPOFRÍO
Platos preparados,Preparados refrigerados,Crema de Calabaza y Zanahoria 300 Gr,"4,97 € / 1 Kg","1,49 €",DON SIMON
Platos preparados,Preparados refrigerados,Crema de Verduras 300 Gr,"4,97 € / 1 Kg","1,49 €",DON SIMON
Platos preparados,Preparados refrigerados,Secreto Ibérico con Patatas Confitadas 300 Gr,"19,97 € / 1 Kg","5,99 €",SELECT CHEF
Platos preparados,Preparados refrigerados,Paella de Verduras 300 Gr,"10,68 € / 1 Kg","2,99 €",SELECT CHEF
Platos preparados,Preparados refrigerados,Arroz de Secreto Ibérico con Boletus 300 Gr,"11,25 € / 1 Kg","3,15 €",SELECT CHEF
Platos preparados,Preparados refrigerados,Arroz con Pollo al Curry 280 Gr,"10,18 € / 1 Kg","2,85 €",DELINATUR
Platos preparados,Preparados refrigerados,Pollo y Almendras con arroz 280 Gr,"11,75 € / 1 Kg","3,29 €",DELINATUR
Platos preparados,Preparados refrigerados,Gyoza de Pollo al Vapor 170 Gr,"26,32 € / 1 Kg","3,79 €",TA-TUNG
Platos preparados,Preparados refrigerados,Pastel de Atún 250 Gr,"11,96 € / 1 Kg","2,99 €",BO DE DEBO
Platos preparados,Preparados refrigerados,Paella Valenciana 300 Gr,"10,63 € / 1 Kg","3,19 €",DELINATUR
Platos preparados,Preparados refrigerados,Gazpacho Natural Tradicional 1 L,"3,00 € / 1 L","3,00 €",CONSUM
Platos preparados,Preparados refrigerados,Gazpacho Natural Tradicional 330 ml,"3,64 € / 1 L","1,20 €",CONSUM
Platos preparados,Preparados refrigerados,Salmorejo Natural 330 ml,"3,94 € / 1 L","1,30 €",CONSUM
Platos preparados,Preparados refrigerados,Lasaña 5 Quesos 350 Gr,"9,11 € / 1 Kg","3,19 €",DUNANY
Platos preparados,Preparados refrigerados,Albóndigas con Patatas a lo Provenzal 300 Gr,"10,97 € / 1 Kg","3,29 €",DELINATUR
Platos preparados,Preparados refrigerados,Croquetas de Cocido 190 Gr,"11,32 € / 1 Kg","2,15 €",ALDELIS
Platos preparados,Preparados refrigerados,Croquetas de Ibérico 190 Gr,"11,32 € / 1 Kg","2,15 €",ALDELIS
Platos preparados,Preparados refrigerados,Alitas de Pollo Asadas,"10,99 € / 1 Kg","5,50 €",CARNES FELIX
Platos preparados,Preparados refrigerados,Costillas de Cerdo Barbacoa,"13,49 € / 1 Kg","6,75 €",CARNES FELIX
Platos preparados,Preparados refrigerados,Rabo Estofado con Setas y Zanahoria 350 Gr,"18,83 € / 1 Kg","6,59 €",SELECT CHEF
Platos preparados,Preparados refrigerados,Pollo Tikka Masala con Cuscús 280 Gr,"11,75 € / 1 Kg","3,29 €",DELINATUR
Platos preparados,Preparados refrigerados,Carrillera de Cerdo al Oporto 220 Gr,"25,41 € / 1 Kg","5,59 €",FOODVAC
Platos preparados,Preparados refrigerados,Codillo 700 Gr,"9,27 € / 1 Kg","6,49 €",TELLO
Platos preparados,Preparados refrigerados,Pizza Bianca Lenta Fermentación 400 Gr,"11,23 € / 1 Kg","4,49 €",TARRADELLAS
Platos preparados,Preparados refrigerados,Pizza Jamón Lenta Fermentación 400 Gr,"10,73 € / 1 Kg","4,29 €",TARRADELLAS
Platos preparados,Preparados refrigerados,Girasoles Setas & Mascarpone 250 Gr,"9,80 € / 1 Kg","2,45 €",CONSUM
Platos preparados,Preparados refrigerados,Girasoles Queso Cabra & Miel 250 Gr,"9,80 € / 1 Kg","2,45 €",CONSUM
Platos preparados,Preparados refrigerados,Tortilla Vegana 200 Gr,"7,45 € / 1 Kg","1,49 €",REVOLU GREEN
Platos preparados,Preparados refrigerados,Pollo Asado Troceado,"6,25 € / 1 Kg","7,62 €",GRANJA GOURM
Platos preparados,Preparados refrigerados,Tagliatelle con Huevo 250 Gr,"9,40 € / 1 Kg","2,35 €",RANA
Platos preparados,Preparados refrigerados,Tortellini Pesto 250 Gr,"6,88 € / 1 Kg","1,72 €",CONSUM
Platos preparados,Preparados refrigerados,Tortellini Pollo Bacon 250 Gr,"6,88 € / 1 Kg","1,72 €",CONSUM
Platos preparados,Preparados refrigerados,Hummus Clásico sin Gluten Vegano 200 Gr,"4,45 € / 1 Kg","0,89 €",CONSUM
Platos preparados,Preparados refrigerados,Pizza 4 Quesos Pack de 2 Unidades 2 x 210 Gr,"7,60 € / 1 Kg","3,19 €",TARRADELLAS
Platos preparados,Preparados refrigerados,Relleno de Cangrejo 250 Gr,"8,60 € / 1 Kg","2,15 €",CHOVI
Platos preparados,Preparados refrigerados,Gnocchi 400 Gr,"6,23 € / 1 Kg","2,49 €",RANA
Platos preparados,Preparados refrigerados,Pizza Familiar Barbacoa 580 Gr,"6,88 € / 1 Kg","3,99 €",PALACIOS
Platos preparados,Preparados refrigerados,Pizza Familiar Jamón y Queso 580 Gr,"6,88 € / 1 Kg","3,99 €",PALACIOS
Platos preparados,Preparados refrigerados,Hummus con aceitunas 200 Gr,"7,45 € / 1 Kg","1,49 €",CONSUM
Platos preparados,Preparados refrigerados,Hummus Mexican 200 Gr,"7,45 € / 1 Kg","1,49 €",CONSUM
Platos preparados,Preparados refrigerados,Mini Kebab De Pollo 4 Unidades 4 x 65 Gr,"15,35 € / 1 Kg","3,99 €",LA CARLOTEÑA
Platos preparados,Preparados refrigerados,Tallarines al Wok 250 Gr,"11,96 € / 1 Kg","2,99 €",TA-TUNG
Platos preparados,Preparados refrigerados,Fideos Yakisoba 250 Gr,"15,96 € / 1 Kg","3,99 €",TA-TUNG
Platos preparados,Preparados refrigerados,Croquetas de Pollo 190 Gr,"11,32 € / 1 Kg","2,15 €",ALDELIS
Platos preparados,Preparados refrigerados,Lasaña Boloñesa 700 Gr,"6,86 € / 1 Kg","4,80 €",DUNANY
Platos preparados,Preparados refrigerados,Tortilla Patatas con Cebolla 600 Gr,"6,65 € / 1 Kg","3,99 €",A TU GUSTO
Platos preparados,Preparados refrigerados,Pizza Pollo 410 Gr,"7,78 € / 1 Kg","3,19 €",TARRADELLAS
Platos preparados,Preparados refrigerados,Crema Calabacín con Parmesano 370 Gr,"8,08 € / 1 Kg","2,99 €",NATURE
Platos preparados,Preparados refrigerados,Crema Calabaza con Pipas de Calabaza 365 Gr,"8,19 € / 1 Kg","2,99 €",NATURE
Platos preparados,Preparados refrigerados,Crema Calabacín 300 ml,"4,97 € / 1 L","1,49 €",DON SIMON
Platos preparados,Preparados refrigerados,Crema Alcachofas 300 ml,"5,30 € / 1 L","1,59 €",DON SIMON
Platos preparados,Preparados refrigerados,Crema Espárragos 300 ml,"6,30 € / 1 L","1,89 €",DON SIMON
Platos preparados,Preparados refrigerados,Hummus con Cebolla Caramelizada 150 Gr,"13,27 € / 1 Kg","1,99 €",DELITUSS
Platos preparados,Preparados refrigerados,Tapenada con Queso 150 Gr,"18,33 € / 1 Kg","2,75 €",DELITUSS
Platos preparados,Preparados refrigerados,Ensaladilla Rusa 450 Gr,"6,00 € / 1 Kg","2,70 €",CONSUM
Platos preparados,Preparados refrigerados,Ensaladilla Rusa 250 Gr,"7,20 € / 1 Kg","1,80 €",CONSUM
Platos preparados,Preparados refrigerados,Ensalada Cangrejo 250 Gr,"7,20 € / 1 Kg","1,80 €",CONSUM
Platos preparados,Preparados refrigerados,Ensalada Americana 250 Gr,"6,00 € / 1 Kg","1,50 €",CONSUM
Platos preparados,Preparados refrigerados,Ensalada Cangrejo 450 Gr,"6,64 € / 1 Kg","2,99 €",CONSUM
Platos preparados,Preparados en conserva,Cocido Madrileño Bote 440 Gr,"5,53 € / 1 Kg","2,75 €
2,35 €",LITORAL
Platos preparados,Preparados en conserva,Fabada Asturiana Bote 435 Gr,"5,36 € / 1 Kg","2,50 €
2,25 €",LITORAL
Platos preparados,Preparados en conserva,Pasta Oriental de Pollo Sobre 71 Gr,"10,57 € / 1 Kg","0,89 €
0,75 €",MAGGI
Platos preparados,Preparados en conserva,Fideos Orientales Pollo Yatekomo 60 Gr,"25,83 € / 1 Kg","1,55 €",G.BLANCA
Platos preparados,Preparados en conserva,Fideos Orientales Curry Yatekomo 61 Gr,"26,07 € / 1 Kg","1,59 €",G.BLANCA
Platos preparados,Preparados en conserva,Albóndigas Estilo Casero 300 Gr,"12,17 € / 1 Kg","3,65 €",CARRETILLA
Platos preparados,Preparados en conserva,Pechuga de Pollo al Natural Pack de 2 2 x 52 Gr,"16,25 € / 1 Kg","2,25 €
1,69 €",ALDELIS
Platos preparados,Preparados en conserva,Pechuga de Pavo al Punto de Sal Pack de 2 2 x 52 Gr,"18,17 € / 1 Kg","2,49 €
1,89 €",ALDELIS
Platos preparados,Preparados en conserva,Callos a la Madrileña Bote 380 Gr,"6,05 € / 1 Kg","2,60 €
2,30 €",CONSUM
Platos preparados,Preparados en conserva,Fabada Asturiana Bote 440 Gr,"3,30 € / 1 Kg","1,57 €
1,45 €",CONSUM
Platos preparados,Preparados en conserva,Fabada Asturiana Receta Selecta 420 Gr,"9,41 € / 1 Kg","4,95 €
3,95 €",LITORAL
Platos preparados,Preparados en conserva,Pasta Oriental Curry Bolsa 71 Gr,"10,57 € / 1 Kg","0,89 €
0,75 €",MAGGI
Platos preparados,Preparados en conserva,Lentejas a La Riojana Bote 425 Gr,"4,92 € / 1 Kg","2,09 €",LITORAL
Platos preparados,Preparados en conserva,Sopa Deshidratada de Cebolla Sobre 50 Gr,"17,00 € / 1 Kg","0,85 €",KNORR
Platos preparados,Preparados en conserva,Raviolis en Salsa Bote 420 Gr,"7,12 € / 1 Kg","2,99 €",HERO
Platos preparados,Preparados en conserva,Sopinstant Verdura Caja 48 Gr,"3,02 € / 100 Gr","1,45 €",G.BLANCA
Platos preparados,Preparados en conserva,Sopa Deshidratada Pollo y Fideos Sobre 71 Gr,"11,97 € / 1 Kg","0,85 €",G.BLANCA
Platos preparados,Preparados en conserva,Sopa Deshidratada Ave y Fideos Sobre 76 Gr,"11,18 € / 1 Kg","0,85 €",G.BLANCA
Platos preparados,Preparados en conserva,Sopa Deshidratada Ternera Estrellitas 74 Gr,"11,49 € / 1 Kg","0,85 €",G.BLANCA
Platos preparados,Preparados en conserva,"Sopinstant Champiñón Caja 58,5 Gr","24,79 € / 1 Kg","1,45 €",G.BLANCA
Platos preparados,Preparados en conserva,Sopinstant Espárragos Caja 54 Gr,"25,44 € / 1 Kg","1,45 €",G.BLANCA
Platos preparados,Preparados en conserva,Sopinstant Crema y Pollo Caja 63 Gr,"23,02 € / 1 Kg","1,45 €",G.BLANCA
Platos preparados,Preparados en conserva,Magro de Cerdo Lata 220 Gr,"14,32 € / 1 Kg","3,15 €",APIS
Platos preparados,Preparados en conserva,Yakisoba de Pollo Yatekomo 93 Gr,"20,97 € / 1 Kg","1,95 €",G.BLANCA
Platos preparados,Preparados en conserva,Yakisoba Classic Yatekomo 93 Gr,"20,97 € / 1 Kg","1,95 €",G.BLANCA
Platos preparados,Preparados en conserva,Sopa de Pollo con Fideos Finos Baja en Sal Sobre 68 Gr,"12,50 € / 1 Kg","0,85 €",G.BLANCA
Platos preparados,Preparados en conserva,Sopa Deshidratada Maravilla Sobre 85 Gr,"10,00 € / 1 Kg","0,85 €",G.BLANCA
Platos preparados,Preparados en conserva,Tallarines Parmesana Sobre 143 Gr,"17,41 € / 1 Kg","2,49 €",G.BLANCA
Platos preparados,Preparados en conserva,Lentejas con Vegetales Bote 400 Gr,"4,13 € / 1 Kg","1,65 €",CALZADO
Platos preparados,Preparados en conserva,Sopa Deshidratada Verdura Sobre 51 Gr,"16,67 € / 1 Kg","0,85 €",G.BLANCA
Platos preparados,Preparados en conserva,Salteado con Alubias Bote 400 Gr,"4,13 € / 1 Kg","1,65 €",CALZADO
Platos preparados,Preparados en conserva,Sopa Deshidratada Ave y Arroz Sobre 80 Gr,"10,63 € / 1 Kg","0,85 €",G.BLANCA
Platos preparados,Preparados en conserva,Sopa Jardinera Sobre 66 Gr,"5,91 € / 1 Kg","0,39 €",CONSUM
Platos preparados,Preparados en conserva,Garbanzos con Vegetales Bote 400 Gr,"4,13 € / 1 Kg","1,65 €",CALZADO
Platos preparados,Preparados en conserva,Sopa Pollo con Fideos Sobre 66 Gr,"7,42 € / 1 Kg","0,49 €",CONSUM
Platos preparados,Preparados en conserva,Albóndigas Bote 430 Gr,"7,44 € / 1 Kg","3,20 €",HERO
Platos preparados,Preparados en conserva,Fabada Asturiana Bote 865 Gr,"5,24 € / 1 Kg","4,45 €",LITORAL
Platos preparados,Preparados en conserva,Pasta Oriental Yakisoba Classic 120 Gr,"16,25 € / 1 Kg","1,95 €",MAGGI
Platos preparados,Preparados en conserva,Yatekomo Pollo con Soja Bolsa 79 Gr,"14,56 € / 1 Kg","1,15 €",G.BLANCA
Platos preparados,Preparados en conserva,Lentejas con Verduras Lata 425 Gr,"4,92 € / 1 Kg","2,09 €",LITORAL
Platos preparados,Preparados en conserva,Albóndigas con Guisantes Bote 425 Gr,"5,15 € / 1 Kg","2,19 €",COREN
Platos preparados,Preparados en conserva,Magro de Cerdo Lata 220 Gr,"11,32 € / 1 Kg","2,49 €",CONSUM
Platos preparados,Preparados en conserva,Tallarines Carbonara Sobre 143 Gr,"17,41 € / 1 Kg","2,49 €",G.BLANCA
Platos preparados,Preparados en conserva,Sopa Maravilla Sobre 66 Gr,"7,42 € / 1 Kg","0,49 €",CONSUM
Platos preparados,Preparados en conserva,Risotto de Hongos 280 Gr,"11,75 € / 1 Kg","3,29 €",TREVIJANO
Platos preparados,Preparados en conserva,Risotto Mediterráneo 280 Gr,"11,75 € / 1 Kg","3,29 €",TREVIJANO
Platos preparados,Preparados en conserva,Cous Cous Marroqui 300 Gr,"11,63 € / 1 Kg","3,49 €",TREVIJANO
Platos preparados,Preparados en conserva,Cous Cous Mediterraneo 300 Gr,"11,63 € / 1 Kg","3,49 €",TREVIJANO
Platos preparados,Preparados en conserva,Baked Beans Bote 415 Gr,"3,59 € / 1 Kg","1,49 €",HEINZ
Platos preparados,Preparados en conserva,Potaje de Lentejas Bote 400 Gr,"4,63 € / 1 Kg","1,85 €",MAMIA
Platos preparados,Preparados en conserva,Fideuá 250 Gr,"11,96 € / 1 Kg","2,99 €",CARRETILLA
Platos preparados,Preparados en conserva,Paella Marinera 250 Gr,"11,96 € / 1 Kg","2,99 €",CARRETILLA
Platos preparados,Preparados en conserva,Alubias Salsa de Tomate Bote 420 Gr,"2,36 € / 1 Kg","0,99 €",PELLI
Platos preparados,Preparados en conserva,Perdiz en Escabeche Bote 450 Gr,"24,42 € / 1 Kg","10,99 €",POLGRI
Platos preparados,Preparados en conserva,Codorniz en Escabeche Bote 390 Gr,"14,85 € / 1 Kg","5,79 €",POLGRI
Platos preparados,Preparados en conserva,Pimientos del Piquillo Relleno Bacalao Gamba 250 Gr,"11,40 € / 1 Kg","2,85 €",LEYENDA
Platos preparados,Preparados en conserva,Pollo con Champiñones Bandeja 250 Gr,"15,96 € / 1 Kg","3,99 €",CARRETILLA
Platos preparados,Preparados en conserva,Macarrones Boloñesa Bandeja 325 Gr,"9,20 € / 1 Kg","2,99 €",CARRETILLA
Platos preparados,Preparados en conserva,Fabada Asturiana Bandeja 350 Gr,"8,54 € / 1 Kg","2,99 €",CARRETILLA
Platos preparados,Preparados en conserva,Sopa de Cocido Deshidratada Sobre 72 Gr,"11,81 € / 1 Kg","0,85 €",G.BLANCA
Platos preparados,Preparados en conserva,Yakisoba Bag Classic Yatekomo 93 Gr,"16,02 € / 1 Kg","1,49 €",G.BLANCA
Platos preparados,Preparados en conserva,Callos a la Madrileña Lata 380 Gr,"12,41 € / 1 Kg","4,59 €",LITORAL
Platos preparados,Preparados en conserva,Fabada Asturiana -30% Grasa 435 Gr,"6,40 € / 1 Kg","2,69 €",LITORAL
Platos preparados,Preparados en conserva,Albóndigas con Guisante Lata 425 Gr,"5,15 € / 1 Kg","2,19 €",LOZANO
Platos preparados,Preparados en conserva,Lentejas Riojana 30% Menos Grasa y Sal 425 Gr,"6,33 € / 1 Kg","2,69 €",LITORAL
Platos preparados,Preparados en conserva,Fideos Orientales Hot&Spicy Yatekomo 60 Gr,"26,50 € / 1 Kg","1,59 €",G.BLANCA
Platos preparados,Preparados en conserva,Sopa de Letritas Sobre 82 Gr,"9,63 € / 1 Kg","0,79 €",KNORR
Platos preparados,Preparados en conserva,Fiambre de Pavo Lata 210 Gr,"12,33 € / 1 Kg","2,59 €",CONSUM
Platos preparados,Preparados en conserva,Callos con Garbanzos Bote 380 Gr,"6,82 € / 1 Kg","2,59 €",CONSUM
Platos preparados,Preparados en conserva,Lentejas con Chorizo Bote 430 Gr,"3,14 € / 1 Kg","1,35 €",CONSUM
Platos preparados,Preparados en conserva,Albóndigas con Guisantes 415 Gr,"4,05 € / 1 Kg","1,68 €",CONSUM
Platos preparados,Preparados en conserva,Cocido Madrileño Lata 440 Gr,"4,09 € / 1 Kg","1,80 €",CONSUM
Platos preparados,Preparados en conserva,Alubias con Chorizo Lata 420 Gr,"3,21 € / 1 Kg","1,35 €",CONSUM
Platos preparados,Preparados en conserva,Garbanzos con Chorizo Lata 420 Gr,"3,21 € / 1 Kg","1,35 €",CONSUM
Platos preparados,Preparados en conserva,Alubias a la Jardinera Bote 430 Gr,"2,67 € / 1 Kg","1,15 €",CONSUM
Platos preparados,Preparados en conserva,Garbanzos a la Jardinera Bote 440 Gr,"2,61 € / 1 Kg","1,15 €",CONSUM
Platos preparados,Preparados en conserva,Lentejas a la Jardinera Bote 430 Gr,"2,67 € / 1 Kg","1,15 €",CONSUM
Platos preparados,Preparados en conserva,Alubias a la Vasca Bote 430 Gr,"6,26 € / 1 Kg","2,69 €",LITORAL
Platos preparados,Preparados en conserva,Garbanzos con Espinacas 425 Gr,"4,92 € / 1 Kg","2,09 €",LITORAL
Platos preparados,Preparados en conserva,Albóndigas de Pollo Lata 415 Gr,"4,07 € / 1 Kg","1,69 €",LA NOREÑENSE
Platos preparados,Preparados en conserva,Manitas de Cerdo en Salsa 390 Gr,"10,90 € / 1 Kg","4,25 €",POLGRI
Platos preparados,Preparados en conserva,Yatekomo Pollo Soja Pack de 3 3 x 79 Gr,"12,62 € / 1 Kg","2,99 €",G.BLANCA
Platos preparados,Preparados en conserva,Fideos Orientales Classic Sabor Pollo 121 Gr,"16,12 € / 1 Kg","1,95 €",MAGGI
Platos preparados,Preparados en conserva,Carrillera en Salsa con Patatas y Setas 300 Gr,"16,63 € / 1 Kg","4,99 €",CARRETILLA
Platos preparados,Preparados en conserva,Fideos Orientales Sabor Teriyaki 130 Gr,"15,00 € / 1 Kg","1,95 €",MAGGI
Platos preparados,Preparados en conserva,Yakisoba de Pollo Bolsa 93 Gr,"16,02 € / 1 Kg","1,49 €",G.BLANCA
Platos preparados,Preparados en conserva,Yatekomo Barbacoa Bolsa 79 Gr,"14,56 € / 1 Kg","1,15 €",G.BLANCA
Platos preparados,Preparados en conserva,Yatekomo de Gambas Vaso 60 Gr,"25,83 € / 1 Kg","1,55 €",G.BLANCA
Platos preparados,Preparados en conserva,Pasta Infantil Mickey 300 Gr,"7,00 € / 1 Kg","2,10 €",GALLO
Platos preparados,Preparados en conserva,Pasta Infantil Frozen 300 Gr,"7,00 € / 1 Kg","2,10 €",GALLO
Platos preparados,Preparados en conserva,Pasta Infantil Nemo 350 Gr,"6,00 € / 1 Kg","2,10 €",GALLO
Platos preparados,Preparados en conserva,Oreja Guisada Lata 370 Gr,"7,03 € / 1 Kg","2,60 €",LA NOREÑENSE
Platos preparados,Preparados en conserva,Albóndigas Vegetarianas Bote 415 Gr,"9,52 € / 1 Kg","3,95 €",LITORAL
Congelados y helados,Carnes,Yemas de Gallina 250 Gr - Pamies / Nutrave congeladas,"8,68 € / 1 Kg","2,17 €",
Congelados y helados,Carnes,Magret de Pato 310 Gr congelado,"29,65 € / 1 Kg","9,19 €",MARTIKO
Congelados y helados,Carnes,Higado de Pato congelado 135 Gr,"87,04 € / 1 Kg","11,75 €",MARTIKO
Congelados y helados,Carnes,Paletilla de Cordero congelada,"14,95 € / 1 Kg","14,95 €",
Congelados y helados,Pescados y mariscos,Corazones de Merluza sin Piel congelados 500 Gr,"12,50 € / 1 Kg","6,95 €
6,25 €",PESCANOVA
Congelados y helados,Pescados y mariscos,Cola de Gambón Pelada congelada 400 Gr,"28,13 € / 1 Kg","12,50 €
11,25 €",WOFCO
Congelados y helados,Pescados y mariscos,Preparado Especial para Pastas y Arroces 500 Gr,"6,40 € / 1 Kg","3,79 €
3,20 €",COCINARTE
Congelados y helados,Pescados y mariscos,Tellinas congelada 250 Gr,"15,20 € / 1 Kg","4,39 €
3,80 €",MARINES
Congelados y helados,Pescados y mariscos,Caracol Cabrilla 300 Gr,"6,50 € / 1 Kg","2,19 €
1,95 €",PERIBAÑEZ
Congelados y helados,Pescados y mariscos,Sepia Troceada 300 Gr,"17,97 € / 1 Kg","5,99 €
5,39 €",CONSUM
Congelados y helados,Pescados y mariscos,Puntilla 300 Gr,"11,97 € / 1 Kg","3,99 €
3,59 €",CONSUM
Congelados y helados,Pescados y mariscos,Gambon Extra Caja 800 Gr,"12,06 € / 1 Kg","10,75 €
9,65 €",PESCANOVA
Congelados y helados,Pescados y mariscos,Lomos de Merluza congelados 360 Gr,"19,31 € / 1 Kg","6,95 €",PESCANOVA
Congelados y helados,Pescados y mariscos,Filete de Merluza del Cabo Baby 400 Gr,"13,98 € / 1 Kg","5,59 €",PESCANOVA
Congelados y helados,Pescados y mariscos,Delicias Aguinaga MSC Pack de 2 Unidades 2 x 100 Gr,"9,95 € / 1 Kg","1,99 €",CONSUM
Congelados y helados,Pescados y mariscos,Muslitos de Mar para Cocinar en Horno congelados 250 Gr,"10,36 € / 1 Kg","2,59 €",PESCANOVA
Congelados y helados,Pescados y mariscos,Preparado de Paella y Sopa congelado 500 Gr,"6,60 € / 1 Kg","3,30 €",COCINARTE
Congelados y helados,Pescados y mariscos,Filetes de Bacalao congelado 400 Gr,"17,48 € / 1 Kg","6,99 €",PESCANOVA
Congelados y helados,Pescados y mariscos,Mejillón Jugosón congelado 500 Gr,"6,50 € / 1 Kg","3,25 €",GELVIGO
Congelados y helados,Pescados y mariscos,Caldo Casero de Marisco congelado 500 ml,"8,98 € / 1 L","4,49 €",PRECOAN
Congelados y helados,Pescados y mariscos,Gambón Grande - Congelado,"9,95 € / 1 Kg","9,95 €",
Congelados y helados,Pescados y mariscos,Gamba Alistada Congelada Mediana 55-78 Piezas/Kilo,"29,95 € / 1 Kg","29,95 €",
Congelados y helados,Pescados y mariscos,Cola de Langostino Pelado y Cocido 180 Gr,"25,50 € / 1 Kg","4,59 €",PESCANOVA
Congelados y helados,Pescados y mariscos,Sepia Faraónica Limpia congelada,"14,95 € / 1 Kg","5,98 €",M.MORENO
Congelados y helados,Pescados y mariscos,Gamba Arrocera - Congelado,"14,95 € / 1 Kg","14,95 €",
Congelados y helados,Pescados y mariscos,Gamba Alistada 25-30 Piezas Caja 500 Gr 500 Gr - Congelado,"39,80 € / 1 Kg","19,90 €",
Congelados y helados,Pescados y mariscos,Cola de Langostino Pelado y crudo 180 Gr,"23,83 € / 1 Kg","4,29 €",PESCANOVA
Congelados y helados,Pescados y mariscos,Muslitos de Mar 500 Gr,"6,58 € / 1 Kg","3,29 €",VICI
Congelados y helados,Pescados y mariscos,Gula del Norte 200 Gr,"29,95 € / 1 Kg","5,99 €",AGUINAGA
Congelados y helados,Pescados y mariscos,Dos Medios Pulpos Cocidos 400 Gr,"33,88 € / 1 Kg","13,55 €",
Congelados y helados,Pescados y mariscos,Carne de Mejillon Cocido 250grs 250 Gr,"11,80 € / 1 Kg","2,95 €",MARINES
Congelados y helados,Pescados y mariscos,Porcion Salmon Rosado Mascato congelado,"20,50 € / 1 Kg","4,31 €",
Congelados y helados,Pescados y mariscos,Lomos de Salmón Noruego 250g,"27,96 € / 1 Kg","6,99 €",LEROY
Congelados y helados,Pescados y mariscos,Almeja del Pacifico 500 Gr,"4,60 € / 1 Kg","2,30 €",MARINES
Congelados y helados,Pescados y mariscos,Gambas Peladas Mediana 360 Gr,"16,11 € / 1 Kg","5,80 €",VOSTOQ
Congelados y helados,Pescados y mariscos,Gamba Pelada Grande 360 Gr,"19,03 € / 1 Kg","6,85 €",VOSTOQ
Congelados y helados,Pescados y mariscos,Filete Merluza Argentina Sin piel 350 Gr,"9,97 € / 1 Kg","3,49 €",CONSUM
Congelados y helados,Pescados y mariscos,Carne de Almeja 1 U,"2,70 € / 1 U","2,70 €",MARINES
Congelados y helados,Pescados y mariscos,Filete Merluza Argentina Sin piel 750 Gr,"8,52 € / 1 Kg","6,39 €",CONSUM
Congelados y helados,Pescados y mariscos,Rodaja Atún Natural 180 Gr,"23,61 € / 1 Kg","4,25 €",KOLD-FIN
Congelados y helados,Pescados y mariscos,Rodaja Atún Marinado MSC,"17,95 € / 1 Kg","4,49 €",CONSUM
Congelados y helados,Pescados y mariscos,Rodaja Rape del Cabo,"21,90 € / 1 Kg","5,48 €",CONSUM
Congelados y helados,Pescados y mariscos,Pescadilla Merluza Merluza del Cabo MSC 600 Gr,"5,82 € / 1 Kg","3,49 €",CONSUM
Congelados y helados,Pescados y mariscos,Filete Merluza Cabo MSC Sin piel 400 Gr,"9,98 € / 1 Kg","3,99 €",CONSUM
Congelados y helados,Pescados y mariscos,Rodaja Rejo Potón Cocid 475 Gr,"12,74 € / 1 Kg","6,05 €",
Congelados y helados,Pescados y mariscos,Filete de merluza Del Cabo,"9,90 € / 1 Kg","2,97 €",MASCATO
Congelados y helados,Pescados y mariscos,Medallones Merluza del Cabo MSC 475 Gr,"8,40 € / 1 Kg","3,99 €",CONSUM
Congelados y helados,Pescados y mariscos,La Gula del Norte Trufa Negra 180 Gr,"33,28 € / 1 Kg","5,99 €",AGUINAGA
Congelados y helados,Pescados y mariscos,"Buey de Mar Congelado Cocido Peso Aprox 500 Gr. 0,5 Kg","17,50 € / 1 Kg","8,75 €",MARINES
Congelados y helados,Pescados y mariscos,Gamba Cocida Congelad 300 Gr,"19,67 € / 1 Kg","5,90 €",
Congelados y helados,Pescados y mariscos,Navajas Congelada 400 Gr,"9,98 € / 1 Kg","3,99 €",
Congelados y helados,Pescados y mariscos,Carne de Vieira Congelada 200 Gr,"49,95 € / 1 Kg","9,99 €",
Congelados y helados,Pescados y mariscos,"Bogavante Congelado Peso Aproxim 375G 0,37 Kg","40,14 € / 1 Kg","14,85 €",MARINES
Congelados y helados,Pescados y mariscos,Porciones de Bacalao S/piel en su punto de sal 400 Gr,"12,48 € / 1 Kg","4,99 €",CONSUM
Congelados y helados,Pescados y mariscos,Barritas Surimi 400 Gr,"11,50 € / 1 Kg","4,60 €",KRISSIA
Congelados y helados,Pescados y mariscos,Filete Panga 500 Gr,"7,98 € / 1 Kg","3,99 €",WOFCO
Congelados y helados,Pescados y mariscos,Calamar Troceado 450 Gr,"11,09 € / 1 Kg","4,99 €",CONSUM
Congelados y helados,Pescados y mariscos,Sepia Mediana Skin 350 Gr,"18,26 € / 1 Kg","6,39 €",CONSUM
Congelados y helados,Pescados y mariscos,Hamburguesa de Atún Aleta Amarilla 180 Gr,"19,39 € / 1 Kg","3,49 €",KOLD-FIN
Congelados y helados,Pescados y mariscos,Galera Caja 400 Gr,"9,98 € / 1 Kg","3,99 €",
Congelados y helados,Pescados y mariscos,Gamba Alistada Caja 500 Gr,"17,98 € / 1 Kg","8,99 €",
Congelados y helados,Pescados y mariscos,Langostino Crudo,"14,50 € / 1 Kg","4,35 €",
Congelados y helados,Pescados y mariscos,Gambon Grande Caja 485 Gr,"14,41 € / 1 Kg","6,99 €",PESCANOVA
Congelados y helados,Pescados y mariscos,Langostino Cocido Congelado 500 Gr,"17,18 € / 1 Kg","8,59 €",PESCANOVA
Congelados y helados,Pescados y mariscos,Langostino Crudo Congelado 500 Gr,"15,98 € / 1 Kg","7,99 €",PESCANOVA
Congelados y helados,Pescados y mariscos,Cigala Mediana 14-18 500 Gr,"21,80 € / 1 Kg","10,90 €",AMATSU
Congelados y helados,Pescados y mariscos,Porción de Rosada Del Cabo 250 Gr,"19,96 € / 1 Kg","4,99 €",CONSUM
Congelados y helados,Pescados y mariscos,Lomitos Bacalao 300 Gr,"29,97 € / 1 Kg","8,99 €",CONSUM
Congelados y helados,Pescados y mariscos,Dados Caella 250 Gr,"11,96 € / 1 Kg","2,99 €",MARINES
Congelados y helados,Pescados y mariscos,Rodaja Emperador DP,"15,90 € / 1 Kg","3,18 €",WOFCO
Congelados y helados,Pescados y mariscos,Rodajas de Salmón 600 Gr,"12,48 € / 1 Kg","7,49 €",
Congelados y helados,Pescados y mariscos,Lenguado DP,"11,50 € / 1 Kg","2,30 €",CONSUM
Congelados y helados,Platos preparados,Cocido Madrileño Bote 440 Gr,"5,53 € / 1 Kg","2,75 €
2,35 €",LITORAL
Congelados y helados,Platos preparados,Fabada Asturiana Bote 435 Gr,"5,36 € / 1 Kg","2,50 €
2,25 €",LITORAL
Congelados y helados,Platos preparados,Pasta Oriental de Pollo Sobre 71 Gr,"10,57 € / 1 Kg","0,89 €
0,75 €",MAGGI
Congelados y helados,Platos preparados,Pasta Fresca Rellena de Ternera con Verduras 250 Gr,"10,76 € / 1 Kg","3,29 €
2,69 €",RANA
Congelados y helados,Platos preparados,Fideos Orientales Pollo Yatekomo 60 Gr,"25,83 € / 1 Kg","1,55 €",G.BLANCA
Congelados y helados,Platos preparados,Gyoza de Carne al Vapor 170 Gr,"22,57 € / 1 Kg","3,79 €
3,25 €",TA-TUNG
Congelados y helados,Platos preparados,Fideos Orientales Curry Yatekomo 61 Gr,"26,07 € / 1 Kg","1,59 €",G.BLANCA
Congelados y helados,Platos preparados,Pasta Fresca Rellena 4 Quesos 250 Gr,"10,76 € / 1 Kg","3,29 €
2,69 €",RANA
Congelados y helados,Platos preparados,Albóndigas Estilo Casero 300 Gr,"12,17 € / 1 Kg","3,65 €",CARRETILLA
Congelados y helados,Platos preparados,Pasta Fresca Rellena de Pollo Asado 250 Gr,"10,76 € / 1 Kg","3,29 €
2,69 €",RANA
Congelados y helados,Platos preparados,Tortilla de Patata Fresca con Cebolla 650 Gr,"6,14 € / 1 Kg","5,35 €
3,99 €",PALACIOS
Congelados y helados,Platos preparados,Pasta Fresca Rellena de Atún y Tomate 250 Gr,"10,76 € / 1 Kg","3,29 €
2,69 €",RANA
Congelados y helados,Platos preparados,Burger Clásica Vegetariana 150 Gr,"19,94 € / 1 Kg","3,49 €
2,99 €",GARDEN
Congelados y helados,Platos preparados,Pasta Fresca Rellena Jamón y Queso 250 Gr,"10,76 € / 1 Kg","3,29 €
2,69 €",RANA
Congelados y helados,Platos preparados,Nuggets Veganos 200 Gr,"16,25 € / 1 Kg","4,15 €
3,25 €",GARDEN
Congelados y helados,Platos preparados,Bocaditos Braseados Vegetarianos 175 Gr,"17,08 € / 1 Kg","4,15 €
2,99 €",GARDEN
Congelados y helados,Platos preparados,Pizza Tartufina Jamón y Salsa de Trufa 430 Gr,"7,71 € / 1 Kg","3,99 €
3,39 €",GUAPIZZIMA
Congelados y helados,Platos preparados,Pechuga de Pollo al Natural Pack de 2 2 x 52 Gr,"16,25 € / 1 Kg","2,25 €
1,69 €",ALDELIS
Congelados y helados,Platos preparados,Escalope de Pechuga de Pollo 200 Gr,"12,70 € / 1 Kg","2,99 €
2,54 €",SABOREA
Congelados y helados,Platos preparados,Canelones de Carne con Boletus 350 Gr,"10,71 € / 1 Kg","3,90 €
3,75 €",DUNANY
Congelados y helados,Platos preparados,Kit Tagliatelle Carbonara 408 Gr,"12,23 € / 1 Kg","4,99 €",RANA
Congelados y helados,Platos preparados,Pechuga de Pavo al Punto de Sal Pack de 2 2 x 52 Gr,"18,17 € / 1 Kg","2,49 €
1,89 €",ALDELIS
Congelados y helados,Platos preparados,Bacon Burger con Bacon y Queso 220 Gr,"12,81 € / 1 Kg","3,35 €
2,69 €",BROOKLYN
Congelados y helados,Platos preparados,Seitán Bio 300 Gr,"10,47 € / 1 Kg","3,69 €
3,14 €",SORIANATURAL
Congelados y helados,Platos preparados,Bocados Mediterráneos 160 Gr,"24,94 € / 1 Kg","3,99 €",HEURA
Congelados y helados,Platos preparados,Callos a la Madrileña Bote 380 Gr,"6,05 € / 1 Kg","2,60 €
2,30 €",CONSUM
Congelados y helados,Platos preparados,Fabada Asturiana Bote 440 Gr,"3,30 € / 1 Kg","1,57 €
1,45 €",CONSUM
Congelados y helados,Platos preparados,Empanado Vegetariano 180 Gr,"16,61 € / 1 Kg","4,15 €
2,99 €",GARDEN GOURM
Congelados y helados,Platos preparados,Vuna Sabor a Atún 180 Gr,"27,72 € / 1 Kg","6,20 €
4,99 €",GARDEN
Congelados y helados,Platos preparados,Burguer Original 227 Gr,"21,98 € / 1 Kg","4,99 €",HEURA
Congelados y helados,Platos preparados,Fabada Asturiana Receta Selecta 420 Gr,"9,41 € / 1 Kg","4,95 €
3,95 €",LITORAL
Congelados y helados,Platos preparados,Cheese Burguer 210 Gr,"13,34 € / 1 Kg","3,29 €
2,80 €",BROOKLYN
Congelados y helados,Platos preparados,Sensational Filet Pack 2 unidades 180 Gr,"18,06 € / 1 Kg","4,59 €
3,25 €",GARDEN GOURM
Congelados y helados,Platos preparados,Arroz 3 Delicias 250 Gr,"10,20 € / 1 Kg","2,99 €
2,55 €",TA-TUNG
Congelados y helados,Platos preparados,Pizza 9 Formaggi 420 Gr,"8,31 € / 1 Kg","3,99 €
3,49 €",GUAPIZZIMA
Congelados y helados,Platos preparados,Pasta Oriental Curry Bolsa 71 Gr,"10,57 € / 1 Kg","0,89 €
0,75 €",MAGGI
Congelados y helados,Platos preparados,Kit Teriyaki Noodles Pollo 400 Gr,"12,48 € / 1 Kg","4,99 €",RANA
Congelados y helados,Platos preparados,Ensalada de Atún 175 Gr,"14,00 € / 1 Kg","2,75 €
2,45 €",DELITUSS
Congelados y helados,Platos preparados,Guiso de Verduras con Trigo Bulgur 350 Gr,"9,11 € / 1 Kg","3,19 €",VIANATURE
Congelados y helados,Platos preparados,Guiso Lentejas con Verduras al Curry 350 Gr,"9,11 € / 1 Kg","3,19 €",VIANATURE
Congelados y helados,Platos preparados,Veggie Balls 200 Gr,"14,75 € / 1 Kg","3,29 €
2,95 €",GARDEN GOURM
Congelados y helados,Platos preparados,Lentejas a La Riojana Bote 425 Gr,"4,92 € / 1 Kg","2,09 €",LITORAL
Congelados y helados,Platos preparados,Sopa Deshidratada de Cebolla Sobre 50 Gr,"17,00 € / 1 Kg","0,85 €",KNORR
Congelados y helados,Platos preparados,Raviolis en Salsa Bote 420 Gr,"7,12 € / 1 Kg","2,99 €",HERO
Congelados y helados,Platos preparados,Sopinstant Verdura Caja 48 Gr,"3,02 € / 100 Gr","1,45 €",G.BLANCA
Congelados y helados,Platos preparados,Sopa Deshidratada Pollo y Fideos Sobre 71 Gr,"11,97 € / 1 Kg","0,85 €",G.BLANCA
Congelados y helados,Platos preparados,Sopa Deshidratada Ave y Fideos Sobre 76 Gr,"11,18 € / 1 Kg","0,85 €",G.BLANCA
Congelados y helados,Platos preparados,Sopa Deshidratada Ternera Estrellitas 74 Gr,"11,49 € / 1 Kg","0,85 €",G.BLANCA
Congelados y helados,Platos preparados,"Sopinstant Champiñón Caja 58,5 Gr","24,79 € / 1 Kg","1,45 €",G.BLANCA
Congelados y helados,Platos preparados,Sopinstant Espárragos Caja 54 Gr,"25,44 € / 1 Kg","1,45 €",G.BLANCA
Congelados y helados,Platos preparados,Gazpacho Original 1 L,"3,99 € / 1 L","3,99 €",ALVALLE
Congelados y helados,Platos preparados,Pizza 4 Quesos 390 Gr,"8,18 € / 1 Kg","3,19 €",TARRADELLAS
Congelados y helados,Platos preparados,Pizza Jamón y Queso. 405 Gr,"7,88 € / 1 Kg","3,19 €",TARRADELLAS
Congelados y helados,Platos preparados,Sopinstant Crema y Pollo Caja 63 Gr,"23,02 € / 1 Kg","1,45 €",G.BLANCA
Congelados y helados,Platos preparados,Pizza Mediterránea 410 Gr,"7,78 € / 1 Kg","3,19 €",TARRADELLAS
Congelados y helados,Platos preparados,Pizza Carbonara 400 Gr,"7,98 € / 1 Kg","3,19 €",TARRADELLAS
Congelados y helados,Platos preparados,Pizza Jamón y Queso Pack de 2 Unidades 2 x 220 Gr,"7,25 € / 1 Kg","3,19 €",TARRADELLAS
Congelados y helados,Platos preparados,Pizza Carne con Salsa Barbacoa 410 Gr,"7,05 € / 1 Kg","2,89 €",CAMPOFRÍO
Congelados y helados,Platos preparados,Pizza Jamón Serrano 390 Gr,"8,18 € / 1 Kg","3,19 €",TARRADELLAS
Congelados y helados,Platos preparados,Pollo Asado al VacÍo 1 U,"5,99 € / 1 U","5,99 €",NOEL
Congelados y helados,Platos preparados,Gourmet Queso Cabra y Cebolla 250 Gr,"16,24 € / 1 Kg","4,06 €",RANA
Congelados y helados,Platos preparados,Tortellinis Rellenos de Carne 250 Gr,"6,88 € / 1 Kg","1,72 €",CONSUM
Congelados y helados,Platos preparados,Tortellinis Rellenos de Quesos 250 Gr,"6,88 € / 1 Kg","1,72 €",CONSUM
Congelados y helados,Platos preparados,Tortellini Relleno Requesón y Espinacas 250 Gr,"6,88 € / 1 Kg","1,72 €",CONSUM
Congelados y helados,Platos preparados,Tagliatelles al Huevo 250 Gr,"4,60 € / 1 Kg","1,15 €",CONSUM
Congelados y helados,Platos preparados,Gnocchis de Patata 500 Gr,"2,98 € / 1 Kg","1,49 €",CONSUM
Congelados y helados,Platos preparados,Pizza Jamón y Queso al Horno de Piedra 400 Gr,"6,25 € / 1 Kg","2,50 €",CONSUM
Congelados y helados,Platos preparados,Pizza 4 Quesos al Horno de Piedra 400 Gr,"7,25 € / 1 Kg","2,90 €",CONSUM
Congelados y helados,Platos preparados,Pizza Atún y Bacón 400 Gr,"7,25 € / 1 Kg","2,90 €",CONSUM
Congelados y helados,Platos preparados,Gazpacho Suave 1 L,"1,85 € / 1 L","1,85 €",CONSUM
Congelados y helados,Platos preparados,Pizza Barbacoa al Horno de Piedra 400 Gr,"6,25 € / 1 Kg","2,50 €",CONSUM
Congelados y helados,Platos preparados,Pizza Romana 400 Gr,"7,25 € / 1 Kg","2,90 €",CONSUM
Congelados y helados,Platos preparados,Cheese Burger Pack de 2 Unidades 250 Gr,"13,96 € / 1 Kg","3,49 €",PALACIOS
Congelados y helados,Platos preparados,Pizza Carbonara Masa Fina 400 Gr,"7,25 € / 1 Kg","2,90 €",CONSUM
Congelados y helados,Platos preparados,Pizza Pollo Masa Rústica al Horno de Piedra 400 Gr,"7,25 € / 1 Kg","2,90 €",CONSUM
Congelados y helados,Platos preparados,Pizza Jamón y Queso con Salsa Cheddar 360 Gr,"8,03 € / 1 Kg","2,89 €",CAMPOFRÍO
Congelados y helados,Platos preparados,Ensalada Taboulé 400 Gr,"6,88 € / 1 Kg","2,75 €",CONSUM
Congelados y helados,Platos preparados,Magro de Cerdo Lata 220 Gr,"14,32 € / 1 Kg","3,15 €",APIS
Congelados y helados,Platos preparados,Yakisoba de Pollo Yatekomo 93 Gr,"20,97 € / 1 Kg","1,95 €",G.BLANCA
Congelados y helados,Platos preparados,Yakisoba Classic Yatekomo 93 Gr,"20,97 € / 1 Kg","1,95 €",G.BLANCA
Congelados y helados,Platos preparados,La Rosquita Serrana Rústica 205 Gr,"9,71 € / 1 Kg","1,99 €",DE ORO
Congelados y helados,Platos preparados,Sopa de Pollo con Fideos Finos Baja en Sal Sobre 68 Gr,"12,50 € / 1 Kg","0,85 €",G.BLANCA
Congelados y helados,Platos preparados,Sopa Deshidratada Maravilla Sobre 85 Gr,"10,00 € / 1 Kg","0,85 €",G.BLANCA
Congelados y helados,Platos preparados,Tallarines Parmesana Sobre 143 Gr,"17,41 € / 1 Kg","2,49 €",G.BLANCA
Congelados y helados,Platos preparados,Lentejas con Vegetales Bote 400 Gr,"4,13 € / 1 Kg","1,65 €",CALZADO
Congelados y helados,Platos preparados,Rollitos de Primavera 280 Gr,"9,96 € / 1 Kg","2,79 €",TA-TUNG
Congelados y helados,Platos preparados,Gazpacho Tradicional 1 L,"1,80 € / 1 L","1,80 €",CONSUM
Congelados y helados,Platos preparados,Rosca Rústica de Jamón Bacón y Queso 480 Gr,"6,65 € / 1 Kg","3,19 €",DE ORO
Congelados y helados,Platos preparados,Sopa Deshidratada Verdura Sobre 51 Gr,"16,67 € / 1 Kg","0,85 €",G.BLANCA
Congelados y helados,Platos preparados,Salteado con Alubias Bote 400 Gr,"4,13 € / 1 Kg","1,65 €",CALZADO
Congelados y helados,Platos preparados,Sopa Deshidratada Ave y Arroz Sobre 80 Gr,"10,63 € / 1 Kg","0,85 €",G.BLANCA
Congelados y helados,Platos preparados,Sopa Jardinera Sobre 66 Gr,"5,91 € / 1 Kg","0,39 €",CONSUM
Congelados y helados,Platos preparados,Tzaziki Crema Yogur con Pepino 150 Gr,"10,60 € / 1 Kg","1,59 €",DELITUSS
Congelados y helados,Platos preparados,Garbanzos con Vegetales Bote 400 Gr,"4,13 € / 1 Kg","1,65 €",CALZADO
Congelados y helados,Platos preparados,Gazpacho Pack de 3 Unidades 3 x 330 ml,"2,22 € / 1 L","2,20 €",CONSUM
Congelados y helados,Platos preparados,Sopa Pollo con Fideos Sobre 66 Gr,"7,42 € / 1 Kg","0,49 €",CONSUM
Congelados y helados,Platos preparados,Albóndigas Bote 430 Gr,"7,44 € / 1 Kg","3,20 €",HERO
Congelados y helados,Platos preparados,Fabada Asturiana Bote 865 Gr,"5,24 € / 1 Kg","4,45 €",LITORAL
Congelados y helados,Platos preparados,Sándwich Mixto Pack de 2 Unidades 2 x 120 Gr,"7,71 € / 1 Kg","1,85 €",TARRADELLAS
Congelados y helados,Platos preparados,Pasta Oriental Yakisoba Classic 120 Gr,"16,25 € / 1 Kg","1,95 €",MAGGI
Congelados y helados,Platos preparados,Gazpacho Original 500 ml,"4,98 € / 1 L","2,49 €",ALVALLE
Congelados y helados,Platos preparados,Yatekomo Pollo con Soja Bolsa 79 Gr,"14,56 € / 1 Kg","1,15 €",G.BLANCA
Congelados y helados,Platos preparados,De la Huerta Ravioli Calabaza y Cebolla 250 Gr,"15,08 € / 1 Kg","3,77 €",RANA
Congelados y helados,Platos preparados,Lentejas con Verduras Lata 425 Gr,"4,92 € / 1 Kg","2,09 €",LITORAL
Congelados y helados,Platos preparados,Pizza Barbacoa 440 Gr,"7,25 € / 1 Kg","3,19 €",TARRADELLAS
Congelados y helados,Platos preparados,Albóndigas con Guisantes Bote 425 Gr,"5,15 € / 1 Kg","2,19 €",COREN
Congelados y helados,Platos preparados,Huerta Ravioli Boletus Edulis 250 Gr,"15,08 € / 1 Kg","3,77 €",RANA
Congelados y helados,Platos preparados,Magro de Cerdo Lata 220 Gr,"11,32 € / 1 Kg","2,49 €",CONSUM
Congelados y helados,Platos preparados,Pizza Atún y Bacón 405 Gr,"7,88 € / 1 Kg","3,19 €",TARRADELLAS
Congelados y helados,Platos preparados,Spaguettis al Huevo 250 Gr,"4,76 € / 1 Kg","1,19 €",CONSUM
Congelados y helados,Platos preparados,Tallarines Carbonara Sobre 143 Gr,"17,41 € / 1 Kg","2,49 €",G.BLANCA
Congelados y helados,Platos preparados,Huerta Tortellini Ricotta y Espinacas 250 Gr,"15,08 € / 1 Kg","3,77 €",RANA
Congelados y helados,Platos preparados,Sopa Maravilla Sobre 66 Gr,"7,42 € / 1 Kg","0,49 €",CONSUM
Congelados y helados,Platos preparados,Muslo de Pato Confitado 250 Gr,"29,96 € / 1 Kg","7,49 €",MARTIKO
Congelados y helados,Platos preparados,Migas Pack de 2 Unidades 500 Gr,"7,98 € / 1 Kg","3,99 €",FLORISTAN
Congelados y helados,Platos preparados,Risotto de Hongos 280 Gr,"11,75 € / 1 Kg","3,29 €",TREVIJANO
Congelados y helados,Platos preparados,Risotto Mediterráneo 280 Gr,"11,75 € / 1 Kg","3,29 €",TREVIJANO
Congelados y helados,Platos preparados,Cous Cous Marroqui 300 Gr,"11,63 € / 1 Kg","3,49 €",TREVIJANO
Congelados y helados,Platos preparados,Cous Cous Mediterraneo 300 Gr,"11,63 € / 1 Kg","3,49 €",TREVIJANO
Congelados y helados,Platos preparados,Baked Beans Bote 415 Gr,"3,59 € / 1 Kg","1,49 €",HEINZ
Congelados y helados,Platos preparados,Potaje de Lentejas Bote 400 Gr,"4,63 € / 1 Kg","1,85 €",MAMIA
Congelados y helados,Platos preparados,Fideuá 250 Gr,"11,96 € / 1 Kg","2,99 €",CARRETILLA
Congelados y helados,Platos preparados,Paella Marinera 250 Gr,"11,96 € / 1 Kg","2,99 €",CARRETILLA
Congelados y helados,Platos preparados,Alubias Salsa de Tomate Bote 420 Gr,"2,36 € / 1 Kg","0,99 €",PELLI
Congelados y helados,Platos preparados,Perdiz en Escabeche Bote 450 Gr,"24,42 € / 1 Kg","10,99 €",POLGRI
Congelados y helados,Platos preparados,Codorniz en Escabeche Bote 390 Gr,"14,85 € / 1 Kg","5,79 €",POLGRI
Congelados y helados,Platos preparados,Pimientos del Piquillo Relleno Bacalao Gamba 250 Gr,"11,40 € / 1 Kg","2,85 €",LEYENDA
Congelados y helados,Platos preparados,Pollo con Champiñones Bandeja 250 Gr,"15,96 € / 1 Kg","3,99 €",CARRETILLA
Congelados y helados,Platos preparados,Macarrones Boloñesa Bandeja 325 Gr,"9,20 € / 1 Kg","2,99 €",CARRETILLA
Congelados y helados,Platos preparados,Fabada Asturiana Bandeja 350 Gr,"8,54 € / 1 Kg","2,99 €",CARRETILLA
Congelados y helados,Platos preparados,Pizza Pepperoni 400 Gr,"7,98 € / 1 Kg","3,19 €",TARRADELLAS
Congelados y helados,Platos preparados,Sopa de Cocido Deshidratada Sobre 72 Gr,"11,81 € / 1 Kg","0,85 €",G.BLANCA
Congelados y helados,Platos preparados,Pizza Romana 410 Gr,"7,78 € / 1 Kg","3,19 €",TARRADELLAS
Congelados y helados,Platos preparados,Ensalada de Patatas con Allioli 250 Gr,"6,76 € / 1 Kg","1,69 €",CHOVI
Congelados y helados,Platos preparados,Yakisoba Bag Classic Yatekomo 93 Gr,"16,02 € / 1 Kg","1,49 €",G.BLANCA
Congelados y helados,Platos preparados,Salmorejo 1 L,"2,30 € / 1 L","2,30 €",CONSUM
Congelados y helados,Platos preparados,Tortilla de Patata Fresca con Espinacas 300 Gr,"9,97 € / 1 Kg","2,99 €",PALACIOS
Congelados y helados,Platos preparados,Sándwich Pavo y Queso con Espinacas 190 Gr,"9,74 € / 1 Kg","1,85 €",VITAL
Congelados y helados,Platos preparados,Sándwich Jamón York y Queso sin Corteza 150 Gr,"12,33 € / 1 Kg","1,85 €",VITAL
Congelados y helados,Platos preparados,Hummus con Berenjena 150 Gr,"13,27 € / 1 Kg","1,99 €",DELITUSS
Congelados y helados,Platos preparados,Callos a la Madrileña Lata 380 Gr,"12,41 € / 1 Kg","4,59 €",LITORAL
Congelados y helados,Platos preparados,Pizza Vegalia de Verdura y Queso Curado 360 Gr,"9,03 € / 1 Kg","3,25 €",CAMPOFRÍO
Congelados y helados,Platos preparados,Rosca Rústica de Lomo 480 Gr,"6,65 € / 1 Kg","3,19 €",DE ORO
Congelados y helados,Platos preparados,Pizza Jamón y Queso sin Gluten y sin Lactosa 420 Gr,"8,07 € / 1 Kg","3,39 €",TARRADELLAS
Congelados y helados,Platos preparados,Pizza Pollo y Bacón con Masa 5 Semillas 410 Gr,"7,78 € / 1 Kg","3,19 €",TARRADELLAS
Congelados y helados,Platos preparados,Fabada Asturiana -30% Grasa 435 Gr,"6,40 € / 1 Kg","2,69 €",LITORAL
Congelados y helados,Platos preparados,Albóndigas con Guisante Lata 425 Gr,"5,15 € / 1 Kg","2,19 €",LOZANO
Congelados y helados,Platos preparados,Lentejas Riojana 30% Menos Grasa y Sal 425 Gr,"6,33 € / 1 Kg","2,69 €",LITORAL
Congelados y helados,Platos preparados,Tortilla con Cebolla Mini 200 Gr,"7,45 € / 1 Kg","1,49 €",FLORISTAN
Congelados y helados,Platos preparados,Tortilla sin Cebolla Mini 200 Gr,"7,45 € / 1 Kg","1,49 €",FLORISTAN
Congelados y helados,Platos preparados,Fideos Orientales Hot&Spicy Yatekomo 60 Gr,"26,50 € / 1 Kg","1,59 €",G.BLANCA
Congelados y helados,Platos preparados,Tortilla de Patata Fresca con Cebolla 600 Gr,"4,33 € / 1 Kg","2,60 €",CONSUM
Congelados y helados,Platos preparados,Tortilla de Patata Fresca sin Cebolla 600 Gr,"4,33 € / 1 Kg","2,60 €",CONSUM
Congelados y helados,Platos preparados,Arroz al Horno 280 Gr,"12,82 € / 1 Kg","3,59 €",DELINATUR
Congelados y helados,Platos preparados,Fideuá de Pescado y Marisco 280 Gr,"12,82 € / 1 Kg","3,59 €",DELINATUR
Congelados y helados,Platos preparados,Carrillada de Cerdo con Patatas 280 Gr,"15,68 € / 1 Kg","4,39 €",DELINATUR
Congelados y helados,Platos preparados,Lasaña Boloñesa 350 Gr,"7,57 € / 1 Kg","2,65 €",DUNANY
Congelados y helados,Platos preparados,Lasaña Vegetal 350 Gr,"8,57 € / 1 Kg","3,00 €",DUNANY
Congelados y helados,Platos preparados,Moussaka 350 Gr,"8,54 € / 1 Kg","2,99 €",DUNANY
Congelados y helados,Platos preparados,Lasaña de Pollo 350 Gr,"8,83 € / 1 Kg","3,09 €",DUNANY
Congelados y helados,Platos preparados,Cordón Bleu de Pechuga Pavo y Pollo 400 Gr,"12,98 € / 1 Kg","5,19 €",SABOREA
Congelados y helados,Platos preparados,Macarrones Boloñesa 280 Gr,"8,93 € / 1 Kg","2,50 €",DUNANY
Congelados y helados,Platos preparados,Espaguetis Boloñesa 280 Gr,"8,93 € / 1 Kg","2,50 €",DUNANY
Congelados y helados,Platos preparados,Tallarines Carbonara 280 Gr,"8,21 € / 1 Kg","2,30 €",DUNANY
Congelados y helados,Platos preparados,Pizza Queso de Cabra y Cebolla Asada 360 Gr,"9,03 € / 1 Kg","3,25 €",CAMPOFRÍO
Congelados y helados,Platos preparados,Crema de Calabaza y Zanahoria 300 Gr,"4,97 € / 1 Kg","1,49 €",DON SIMON
Congelados y helados,Platos preparados,Crema de Verduras 300 Gr,"4,97 € / 1 Kg","1,49 €",DON SIMON
Congelados y helados,Platos preparados,Secreto Ibérico con Patatas Confitadas 300 Gr,"19,97 € / 1 Kg","5,99 €",SELECT CHEF
Congelados y helados,Platos preparados,Paella de Verduras 300 Gr,"10,68 € / 1 Kg","2,99 €",SELECT CHEF
Congelados y helados,Platos preparados,Arroz de Secreto Ibérico con Boletus 300 Gr,"11,25 € / 1 Kg","3,15 €",SELECT CHEF
Congelados y helados,Platos preparados,Sopa de Letritas Sobre 82 Gr,"9,63 € / 1 Kg","0,79 €",KNORR
Congelados y helados,Platos preparados,Arroz con Pollo al Curry 280 Gr,"10,18 € / 1 Kg","2,85 €",DELINATUR
Congelados y helados,Platos preparados,Pollo y Almendras con arroz 280 Gr,"11,75 € / 1 Kg","3,29 €",DELINATUR
Congelados y helados,Platos preparados,Gyoza de Pollo al Vapor 170 Gr,"26,32 € / 1 Kg","3,79 €",TA-TUNG
Congelados y helados,Platos preparados,Fiambre de Pavo Lata 210 Gr,"12,33 € / 1 Kg","2,59 €",CONSUM
Congelados y helados,Platos preparados,Pastel de Atún 250 Gr,"11,96 € / 1 Kg","2,99 €",BO DE DEBO
Congelados y helados,Platos preparados,Paella Valenciana 300 Gr,"10,63 € / 1 Kg","3,19 €",DELINATUR
Congelados y helados,Platos preparados,Gazpacho Natural Tradicional 1 L,"3,00 € / 1 L","3,00 €",CONSUM
Congelados y helados,Platos preparados,Gazpacho Natural Tradicional 330 ml,"3,64 € / 1 L","1,20 €",CONSUM
Congelados y helados,Platos preparados,Salmorejo Natural 330 ml,"3,94 € / 1 L","1,30 €",CONSUM
Congelados y helados,Platos preparados,Lasaña 5 Quesos 350 Gr,"9,11 € / 1 Kg","3,19 €",DUNANY
Congelados y helados,Platos preparados,Callos con Garbanzos Bote 380 Gr,"6,82 € / 1 Kg","2,59 €",CONSUM
Congelados y helados,Platos preparados,Lentejas con Chorizo Bote 430 Gr,"3,14 € / 1 Kg","1,35 €",CONSUM
Congelados y helados,Platos preparados,Albóndigas con Guisantes 415 Gr,"4,05 € / 1 Kg","1,68 €",CONSUM
Congelados y helados,Platos preparados,Cocido Madrileño Lata 440 Gr,"4,09 € / 1 Kg","1,80 €",CONSUM
Congelados y helados,Platos preparados,Alubias con Chorizo Lata 420 Gr,"3,21 € / 1 Kg","1,35 €",CONSUM
Congelados y helados,Platos preparados,Garbanzos con Chorizo Lata 420 Gr,"3,21 € / 1 Kg","1,35 €",CONSUM
Congelados y helados,Platos preparados,Albóndigas con Patatas a lo Provenzal 300 Gr,"10,97 € / 1 Kg","3,29 €",DELINATUR
Congelados y helados,Platos preparados,Alubias a la Jardinera Bote 430 Gr,"2,67 € / 1 Kg","1,15 €",CONSUM
Congelados y helados,Platos preparados,Garbanzos a la Jardinera Bote 440 Gr,"2,61 € / 1 Kg","1,15 €",CONSUM
Congelados y helados,Platos preparados,Lentejas a la Jardinera Bote 430 Gr,"2,67 € / 1 Kg","1,15 €",CONSUM
Congelados y helados,Platos preparados,Croquetas de Cocido 190 Gr,"11,32 € / 1 Kg","2,15 €",ALDELIS
Congelados y helados,Platos preparados,Croquetas de Ibérico 190 Gr,"11,32 € / 1 Kg","2,15 €",ALDELIS
Congelados y helados,Platos preparados,Alitas de Pollo Asadas,"10,99 € / 1 Kg","5,50 €",CARNES FELIX
Congelados y helados,Platos preparados,Costillas de Cerdo Barbacoa,"13,49 € / 1 Kg","6,75 €",CARNES FELIX
Congelados y helados,Platos preparados,Rabo Estofado con Setas y Zanahoria 350 Gr,"18,83 € / 1 Kg","6,59 €",SELECT CHEF
Congelados y helados,Platos preparados,Pollo Tikka Masala con Cuscús 280 Gr,"11,75 € / 1 Kg","3,29 €",DELINATUR
Congelados y helados,Platos preparados,Carrillera de Cerdo al Oporto 220 Gr,"25,41 € / 1 Kg","5,59 €",FOODVAC
Congelados y helados,Platos preparados,Codillo 700 Gr,"9,27 € / 1 Kg","6,49 €",TELLO
Congelados y helados,Platos preparados,Alubias a la Vasca Bote 430 Gr,"6,26 € / 1 Kg","2,69 €",LITORAL
Congelados y helados,Platos preparados,Garbanzos con Espinacas 425 Gr,"4,92 € / 1 Kg","2,09 €",LITORAL
Congelados y helados,Platos preparados,Pizza Bianca Lenta Fermentación 400 Gr,"11,23 € / 1 Kg","4,49 €",TARRADELLAS
Congelados y helados,Platos preparados,Pizza Jamón Lenta Fermentación 400 Gr,"10,73 € / 1 Kg","4,29 €",TARRADELLAS
Congelados y helados,Platos preparados,Girasoles Setas & Mascarpone 250 Gr,"9,80 € / 1 Kg","2,45 €",CONSUM
Congelados y helados,Platos preparados,Girasoles Queso Cabra & Miel 250 Gr,"9,80 € / 1 Kg","2,45 €",CONSUM
Congelados y helados,Platos preparados,Tortilla Vegana 200 Gr,"7,45 € / 1 Kg","1,49 €",REVOLU GREEN
Congelados y helados,Platos preparados,Pollo Asado Troceado,"6,25 € / 1 Kg","7,62 €",GRANJA GOURM
Congelados y helados,Platos preparados,Tagliatelle con Huevo 250 Gr,"9,40 € / 1 Kg","2,35 €",RANA
Congelados y helados,Platos preparados,Tortellini Pesto 250 Gr,"6,88 € / 1 Kg","1,72 €",CONSUM
Congelados y helados,Platos preparados,Tortellini Pollo Bacon 250 Gr,"6,88 € / 1 Kg","1,72 €",CONSUM
Congelados y helados,Platos preparados,Hummus Clásico sin Gluten Vegano 200 Gr,"4,45 € / 1 Kg","0,89 €",CONSUM
Congelados y helados,Platos preparados,Pizza 4 Quesos Pack de 2 Unidades 2 x 210 Gr,"7,60 € / 1 Kg","3,19 €",TARRADELLAS
Congelados y helados,Platos preparados,Albóndigas de Pollo Lata 415 Gr,"4,07 € / 1 Kg","1,69 €",LA NOREÑENSE
Congelados y helados,Platos preparados,Albóndigas Veganas Salsa Tomate 350 Gr,"11,40 € / 1 Kg","3,99 €",CARLOTA
Congelados y helados,Platos preparados,Quinoa con Verduras Manzana y Curry 350 Gr,"11,40 € / 1 Kg","3,99 €",CARLOTA
Congelados y helados,Platos preparados,Manitas de Cerdo en Salsa 390 Gr,"10,90 € / 1 Kg","4,25 €",POLGRI
Congelados y helados,Platos preparados,Relleno de Cangrejo 250 Gr,"8,60 € / 1 Kg","2,15 €",CHOVI
Congelados y helados,Platos preparados,Yatekomo Pollo Soja Pack de 3 3 x 79 Gr,"12,62 € / 1 Kg","2,99 €",G.BLANCA
Congelados y helados,Platos preparados,Gnocchi 400 Gr,"6,23 € / 1 Kg","2,49 €",RANA
Congelados y helados,Platos preparados,Fideos Orientales Classic Sabor Pollo 121 Gr,"16,12 € / 1 Kg","1,95 €",MAGGI
Congelados y helados,Platos preparados,Pizza Familiar Barbacoa 580 Gr,"6,88 € / 1 Kg","3,99 €",PALACIOS
Congelados y helados,Platos preparados,Pizza Familiar Jamón y Queso 580 Gr,"6,88 € / 1 Kg","3,99 €",PALACIOS
Congelados y helados,Platos preparados,Carrillera en Salsa con Patatas y Setas 300 Gr,"16,63 € / 1 Kg","4,99 €",CARRETILLA
Congelados y helados,Platos preparados,Hummus con aceitunas 200 Gr,"7,45 € / 1 Kg","1,49 €",CONSUM
Congelados y helados,Platos preparados,Hummus Mexican 200 Gr,"7,45 € / 1 Kg","1,49 €",CONSUM
Congelados y helados,Platos preparados,Mini Kebab De Pollo 4 Unidades 4 x 65 Gr,"15,35 € / 1 Kg","3,99 €",LA CARLOTEÑA
Congelados y helados,Platos preparados,Fideos Orientales Sabor Teriyaki 130 Gr,"15,00 € / 1 Kg","1,95 €",MAGGI
Congelados y helados,Platos preparados,Tallarines al Wok 250 Gr,"11,96 € / 1 Kg","2,99 €",TA-TUNG
Congelados y helados,Platos preparados,Fideos Yakisoba 250 Gr,"15,96 € / 1 Kg","3,99 €",TA-TUNG
Congelados y helados,Platos preparados,Croquetas de Pollo 190 Gr,"11,32 € / 1 Kg","2,15 €",ALDELIS
Congelados y helados,Platos preparados,Yakisoba de Pollo Bolsa 93 Gr,"16,02 € / 1 Kg","1,49 €",G.BLANCA
Congelados y helados,Platos preparados,Yatekomo Barbacoa Bolsa 79 Gr,"14,56 € / 1 Kg","1,15 €",G.BLANCA
Congelados y helados,Platos preparados,Yatekomo de Gambas Vaso 60 Gr,"25,83 € / 1 Kg","1,55 €",G.BLANCA
Congelados y helados,Platos preparados,Pasta Infantil Mickey 300 Gr,"7,00 € / 1 Kg","2,10 €",GALLO
Congelados y helados,Platos preparados,Pasta Infantil Frozen 300 Gr,"7,00 € / 1 Kg","2,10 €",GALLO
Congelados y helados,Platos preparados,Pasta Infantil Nemo 350 Gr,"6,00 € / 1 Kg","2,10 €",GALLO
Congelados y helados,Platos preparados,Lasaña Boloñesa 700 Gr,"6,86 € / 1 Kg","4,80 €",DUNANY
Congelados y helados,Platos preparados,Tortilla Patatas con Cebolla 600 Gr,"6,65 € / 1 Kg","3,99 €",A TU GUSTO
Congelados y helados,Platos preparados,Oreja Guisada Lata 370 Gr,"7,03 € / 1 Kg","2,60 €",LA NOREÑENSE
Congelados y helados,Platos preparados,Albóndigas Vegetarianas Bote 415 Gr,"9,52 € / 1 Kg","3,95 €",LITORAL
Congelados y helados,Platos preparados,Pizza Pollo 410 Gr,"7,78 € / 1 Kg","3,19 €",TARRADELLAS
Congelados y helados,Platos preparados,Crema Calabacín con Parmesano 370 Gr,"8,08 € / 1 Kg","2,99 €",NATURE
Congelados y helados,Platos preparados,Crema Calabaza con Pipas de Calabaza 365 Gr,"8,19 € / 1 Kg","2,99 €",NATURE
Congelados y helados,Platos preparados,Crema Calabacín 300 ml,"4,97 € / 1 L","1,49 €",DON SIMON
Congelados y helados,Platos preparados,Crema Alcachofas 300 ml,"5,30 € / 1 L","1,59 €",DON SIMON
Congelados y helados,Platos preparados,Crema Espárragos 300 ml,"6,30 € / 1 L","1,89 €",DON SIMON
Congelados y helados,Platos preparados,Hummus con Cebolla Caramelizada 150 Gr,"13,27 € / 1 Kg","1,99 €",DELITUSS
Congelados y helados,Platos preparados,Tapenada con Queso 150 Gr,"18,33 € / 1 Kg","2,75 €",DELITUSS
Congelados y helados,Platos preparados,Ensaladilla Rusa 450 Gr,"6,00 € / 1 Kg","2,70 €",CONSUM
Congelados y helados,Platos preparados,Ensaladilla Rusa 250 Gr,"7,20 € / 1 Kg","1,80 €",CONSUM
Congelados y helados,Platos preparados,Ensalada Cangrejo 250 Gr,"7,20 € / 1 Kg","1,80 €",CONSUM
Congelados y helados,Platos preparados,Ensalada Americana 250 Gr,"6,00 € / 1 Kg","1,50 €",CONSUM
Congelados y helados,Platos preparados,Ensalada Cangrejo 450 Gr,"6,64 € / 1 Kg","2,99 €",CONSUM
Congelados y helados,Precocinados,Anillos a la Romana sin Gluten congelados 400 Gr,"7,38 € / 1 Kg","3,49 €
2,95 €",PESCANOVA
Congelados y helados,Precocinados,Rabas Empanadas congeladas 400 Gr,"8,38 € / 1 Kg","3,95 €
3,35 €",PESCANOVA
Congelados y helados,Precocinados,Nuggets Pescado congelados 245 Gr,"10,98 € / 1 Kg","3,19 €
2,69 €",FINDUS
Congelados y helados,Precocinados,Pechuga de Pollo Empanada 320 Gr,"7,93 € / 1 Kg","2,99 €
2,54 €",FRIPOZO
Congelados y helados,Precocinados,Croqueta Jamón Iberico Horneable 340 Gr,"11,74 € / 1 Kg","4,99 €
3,99 €",LA COCINERA
Congelados y helados,Precocinados,Croquetas de Cocido Casero con Jamón congeladas 500 Gr,"9,98 € / 1 Kg","4,99 €",LA COCINERA
Congelados y helados,Precocinados,Empanadillas de Atún congeladas 10 Unidades 312 Gr,"15,26 € / 1 Kg","4,76 €",LA COCINERA
Congelados y helados,Precocinados,Peskitos de Merluza congelados 400 Gr,"9,63 € / 1 Kg","3,85 €",PESCANOVA
Congelados y helados,Precocinados,Nuggets congelados 350 Gr,"14,26 € / 1 Kg","4,99 €",LA COCINERA
Congelados y helados,Precocinados,San Jacobos 4 Unidades congelados 320 Gr,"3,91 € / 1 Kg","1,25 €",CONSUM
Congelados y helados,Precocinados,Albóndigas de Bacalao Caseras congeladas 400 Gr,"5,63 € / 1 Kg","2,25 €",PRECOAN
Congelados y helados,Precocinados,Merluza Empanada congelada 340 Gr,"12,32 € / 1 Kg","4,19 €",PESCANOVA
Congelados y helados,Precocinados,Puntilla Enharinada congelada 300 Gr,"11,63 € / 1 Kg","3,49 €",COCINARTE
Congelados y helados,Precocinados,Muslitos de Mar para Cocinar en Horno congelados 250 Gr,"10,36 € / 1 Kg","2,59 €",PESCANOVA
Congelados y helados,Precocinados,Empanadillas de Atún congeladas 500 Gr,"3,62 € / 1 Kg","1,81 €",CONSUM
Congelados y helados,Precocinados,Crunchy de Pollo con Salsa Barbacoa congelat 300 Gr,"8,17 € / 1 Kg","2,45 €",FRIPOZO
Congelados y helados,Precocinados,Croquetas Artesanas de Jamón Ibérico congeladas 400 Gr,"12,48 € / 1 Kg","4,99 €",LA COCINERA
Congelados y helados,Precocinados,Fingers congelados 320 Gr,"15,59 € / 1 Kg","4,99 €",LA COCINERA
Congelados y helados,Precocinados,Mini Albóndigas Bacalao sin Gluten congeladas 250 Gr,"7,80 € / 1 Kg","1,95 €",PRECOAN
Congelados y helados,Precocinados,Varitas de Queso 240 Gr,"16,63 € / 1 Kg","3,99 €",MAHESO
Congelados y helados,Precocinados,Pescadito Enharinado congelado 500 Gr,"7,70 € / 1 Kg","3,85 €",EXKIMO
Congelados y helados,Precocinados,Colas de Gamba Rebozadas congeladas 200 Gr,"15,75 € / 1 Kg","3,15 €",COCINARTE
Congelados y helados,Precocinados,Chopirones Rebozados al Huevo congelados 250 Gr,"13,80 € / 1 Kg","3,45 €",PESCANOVA
Congelados y helados,Precocinados,Tenders Pollo Barbacoa y Miel congelados 250 Gr,"11,16 € / 1 Kg","2,79 €",FRIPOZO
Congelados y helados,Precocinados,Alcachofas en Tempura congeladas 250 Gr,"7,56 € / 1 Kg","1,89 €",COCINARTE
Congelados y helados,Precocinados,Pechuga Supercrispy congelada 250 Gr,"18,36 € / 1 Kg","4,59 €",MAHESO
Congelados y helados,Precocinados,Alitas de Pollo Estilo Americano congeladas 500 Gr,"13,98 € / 1 Kg","6,99 €",LA COCINERA
Congelados y helados,Precocinados,Cheddar Bites congelado 250 Gr,"11,96 € / 1 Kg","2,99 €",FRIPOZO
Congelados y helados,Precocinados,Anillas a la Romana congeladas 400 Gr,"8,63 € / 1 Kg","3,45 €",CONSUM
Congelados y helados,Precocinados,Varitas de Merluza Empanada congeladas 450 Gr,"7,09 € / 1 Kg","3,19 €",PESCANOVA
Congelados y helados,Precocinados,Nuggets 0% Pollo congelados 250 Gr,"15,96 € / 1 Kg","3,99 €",GREEN CUISIN
Congelados y helados,Precocinados,Capricho Romana congelado 600 Gr,"7,65 € / 1 Kg","4,59 €",PESCANOVA
Congelados y helados,Precocinados,Alitas de Brócoli congeladas 400 Gr,"9,13 € / 1 Kg","3,65 €",COCINARTE
Congelados y helados,Precocinados,San Jacobo Horneable congelado 320 Gr,"9,34 € / 1 Kg","2,99 €",FRIPOZO
Congelados y helados,Precocinados,Nuggets de Pollo sin Gluten sin Lactosa congelados 455 Gr,"15,36 € / 1 Kg","6,99 €",LA COCINERA
Congelados y helados,Precocinados,Varitas Pescado congeladas 280 Gr,"10,68 € / 1 Kg","2,99 €",FINDUS
Congelados y helados,Precocinados,Croqueta Jamon congelada 500 Gr,"2,90 € / 1 Kg","1,45 €",CONSUM
Congelados y helados,Precocinados,Croqueta Pollo congelada 500 Gr,"3,90 € / 1 Kg","1,95 €",CONSUM
Congelados y helados,Precocinados,Tortilla de Camarón congelada 350 Gr,"6,54 € / 1 Kg","2,29 €",EMFACAR
Congelados y helados,Precocinados,Nuggets de Pollo congelados 300 Gr,"7,17 € / 1 Kg","2,15 €",FRIPOZO
Congelados y helados,Precocinados,Filete Pescado al Limon 225 Gr,"16,84 € / 1 Kg","3,79 €",FINDUS
Congelados y helados,Precocinados,Muslitos de Mar 500 Gr,"6,58 € / 1 Kg","3,29 €",VICI
Congelados y helados,Precocinados,Empanadilla Carne 312 Gr,"15,26 € / 1 Kg","4,76 €",LA COCINERA
Congelados y helados,Precocinados,Tempura Verduras 400 Gr,"6,73 € / 1 Kg","2,69 €",CONSUM
Congelados y helados,Precocinados,Palomitas Gouda 400 Gr,"7,48 € / 1 Kg","2,99 €",CONSUM
Congelados y helados,Precocinados,Nuggets de Pollo 400 Gr,"5,38 € / 1 Kg","2,15 €",CONSUM
Congelados y helados,Precocinados,Aros Cebolla 350 Gr,"8,54 € / 1 Kg","2,99 €",MC CAIN
Congelados y helados,Precocinados,Croquetas Espinacas 400 Gr,"12,48 € / 1 Kg","4,99 €",LA COCINERA
Congelados y helados,Precocinados,Pimientos Rellenos de Bacalao 240 Gr,"10,21 € / 1 Kg","2,45 €",COCINARTE
Congelados y helados,Precocinados,Merluza Empanada Horneable 600 Gr,"7,75 € / 1 Kg","4,65 €",CONSUM
Congelados y helados,Frutas y Verduras,Corazones Alcachofa Troceados congelados 300 Gr,"13,96 € / 1 Kg","4,75 €
4,19 €",FINDUS
Congelados y helados,Frutas y Verduras,Ensaladilla congelada 800 Gr,"4,00 € / 1 Kg","3,84 €
3,20 €",FINDUS
Congelados y helados,Frutas y Verduras,Guisantes Superfinos congelados 550 Gr,"5,44 € / 1 Kg","3,64 €
2,99 €",FINDUS
Congelados y helados,Frutas y Verduras,Patatas Mediterraneas 750 Gr,"3,99 € / 1 Kg","3,35 €
2,99 €",MC CAIN
Congelados y helados,Frutas y Verduras,Habas Baby congeladas 400 Gr,"12,00 € / 1 Kg","4,80 €",FINDUS
Congelados y helados,Frutas y Verduras,Patatas Prefritas Corte Grueso congeladas 1 Kg,"1,90 € / 1 Kg","1,90 €",CONSUM
Congelados y helados,Frutas y Verduras,Patatas Prefritas Corte Fino congeladas 1 Kg,"1,90 € / 1 Kg","1,90 €",CONSUM
Congelados y helados,Frutas y Verduras,Patatas Prefritas al Horno congeladas 1 Kg,"2,40 € / 1 Kg","2,40 €",CONSUM
Congelados y helados,Frutas y Verduras,Ajos Tiernos congelados 300 Gr,"6,30 € / 1 Kg","1,89 €",COCINARTE
Congelados y helados,Frutas y Verduras,Alcachofa Baby congelada 300 Gr,"9,83 € / 1 Kg","2,95 €",CONSUM
Congelados y helados,Frutas y Verduras,Brócoli congelado 900 Gr,"2,17 € / 1 Kg","1,95 €",CONSUM
Congelados y helados,Frutas y Verduras,Habas Finas congeladas 400 Gr,"2,88 € / 1 Kg","1,15 €",CONSUM
Congelados y helados,Frutas y Verduras,Cebolla Troceada congelada 400 Gr,"2,50 € / 1 Kg","1,00 €",CONSUM
Congelados y helados,Frutas y Verduras,Alcachofa Troceada congelada 400 Gr,"6,38 € / 1 Kg","2,55 €",CONSUM
Congelados y helados,Frutas y Verduras,Guisantes Finos congelados 1 Kg,"1,69 € / 1 Kg","1,69 €",CONSUM
Congelados y helados,Frutas y Verduras,Garbanzos congelados 400 Gr,"2,98 € / 1 Kg","1,19 €",CONSUM
Congelados y helados,Frutas y Verduras,Judías Plana Troceada congeladas 1 Kg,"1,55 € / 1 Kg","1,55 €",CONSUM
Congelados y helados,Frutas y Verduras,Judía Fina Troceada congelada 1 Kg,"1,55 € / 1 Kg","1,55 €",CONSUM
Congelados y helados,Frutas y Verduras,Espinacas Cortadas congeladas 400 Gr,"2,23 € / 1 Kg","0,89 €",CONSUM
Congelados y helados,Frutas y Verduras,Ensaladilla congelada 1 Kg,"1,20 € / 1 Kg","1,20 €",CONSUM
Congelados y helados,Frutas y Verduras,Menestra con Espárrago congelada 600 Gr,"2,32 € / 1 Kg","1,39 €",CONSUM
Congelados y helados,Frutas y Verduras,Garrofón congelado 400 Gr,"3,13 € / 1 Kg","1,25 €",CONSUM
Congelados y helados,Frutas y Verduras,Menestra de Verduras congelada 1 Kg,"1,55 € / 1 Kg","1,55 €",CONSUM
Congelados y helados,Frutas y Verduras,Verdura para Paella congelada 450 Gr,"2,22 € / 1 Kg","1,00 €",CONSUM
Congelados y helados,Frutas y Verduras,Patatas Prefritas Golden Long congeladas 1 Kg,"3,69 € / 1 Kg","3,69 €",MC CAIN
Congelados y helados,Frutas y Verduras,Patatas Prefritas Corte Casero congeladas 1 Kg,"1,95 € / 1 Kg","1,95 €",CONSUM
Congelados y helados,Frutas y Verduras,Hervido congelado 750 Gr,"2,33 € / 1 Kg","1,75 €",CONSUM
Congelados y helados,Frutas y Verduras,Zanahorias Baby congeladas 300 Gr,"8,97 € / 1 Kg","2,69 €",FINDUS
Congelados y helados,Frutas y Verduras,Acelgas Hoja Miniporción congeladas 400 Gr,"2,63 € / 1 Kg","1,05 €",CONSUM
Congelados y helados,Frutas y Verduras,Verduras Gourmet Vapor Listos en Tres Minutos congelada 350 Gr,"9,40 € / 1 Kg","3,29 €",FINDUS
Congelados y helados,Frutas y Verduras,Cardo congelado 400 Gr,"9,63 € / 1 Kg","3,85 €",FINDUS
Congelados y helados,Frutas y Verduras,Perejil Troceado congelado 50 Gr,"47,80 € / 1 Kg","2,39 €",FINDUS
Congelados y helados,Frutas y Verduras,Maíz Superdulce congelado 300 Gr,"9,30 € / 1 Kg","2,79 €",FINDUS
Congelados y helados,Frutas y Verduras,Coles de Bruselas congeladas 400 Gr,"6,95 € / 1 Kg","2,78 €",FINDUS
Congelados y helados,Frutas y Verduras,Espinacas Hoja congeladas 1 Kg,"4,66 € / 1 Kg","4,66 €",FINDUS
Congelados y helados,Frutas y Verduras,Judías Verdes Troceadas congeladas 400 Gr,"5,75 € / 1 Kg","2,30 €",FINDUS
Congelados y helados,Frutas y Verduras,Edamame en Grano congelado 250 Gr,"6,60 € / 1 Kg","1,65 €",C.NAVARRA
Congelados y helados,Frutas y Verduras,Alubia Blanca congelada 400 Gr,"3,38 € / 1 Kg","1,35 €",C.NAVARRA
Congelados y helados,Frutas y Verduras,Frutos del Bosque congelados 300 Gr,"5,93 € / 1 Kg","1,78 €",C.NAVARRA
Congelados y helados,Frutas y Verduras,Arandanos congelados 300 Gr,"6,63 € / 1 Kg","1,99 €",C.NAVARRA
Congelados y helados,Frutas y Verduras,Espárrago Verde congelado 300 Gr,"14,97 € / 1 Kg","4,49 €",VERLEAL
Congelados y helados,Frutas y Verduras,Ajo Picado congelado 125 Gr,"12,24 € / 1 Kg","1,53 €",VERLEAL
Congelados y helados,Frutas y Verduras,Mezcla para Sofrito congelada 400 Gr,"3,98 € / 1 Kg","1,59 €",VERLEAL
Congelados y helados,Frutas y Verduras,Patata Chef Gourmet congelada 500 Gr,"7,78 € / 1 Kg","3,89 €",MC CAIN
Congelados y helados,Frutas y Verduras,Guisantes Finos congelados 800 Gr,"4,81 € / 1 Kg","3,85 €",FINDUS
Congelados y helados,Frutas y Verduras,Patatas Bravas congeladas 750 Gr,"2,47 € / 1 Kg","1,85 €",CONSUM
Congelados y helados,Frutas y Verduras,Menestra de la Huerta 650 Gr,"6,65 € / 1 Kg","4,32 €",FINDUS
Congelados y helados,Frutas y Verduras,Patatas Horno Extra Crujiente 1 Kg,"2,40 € / 1 Kg","2,40 €",CONSUM
Congelados y helados,Pizza y bases congeladas,Piccolinis de Jamón y Queso congelados 270 Gr,"13,30 € / 1 Kg","4,25 €
3,59 €",BUITONI
Congelados y helados,Pizza y bases congeladas,Pizza congelada Ristorante Mozzarella 335 Gr,"9,25 € / 1 Kg","3,79 €
3,10 €",RISTORANTE
Congelados y helados,Pizza y bases congeladas,Pizza congelada Ristorante Speciale 345 Gr,"8,99 € / 1 Kg","3,79 €
3,10 €",RISTORANTE
Congelados y helados,Pizza y bases congeladas,Pizza congelada Ristorante Atún 355 Gr,"8,74 € / 1 Kg","3,79 €
3,10 €",RISTORANTE
Congelados y helados,Pizza y bases congeladas,Pizza congelada Ristorante 4 Quesos 340 Gr,"9,12 € / 1 Kg","3,79 €
3,10 €",RISTORANTE
Congelados y helados,Pizza y bases congeladas,Pizza congelada Ristorante Jamón 340 Gr,"9,12 € / 1 Kg","3,79 €
3,10 €",RISTORANTE
Congelados y helados,Pizza y bases congeladas,Pizza congelada Ristorante Spinaci 390 Gr,"7,95 € / 1 Kg","3,79 €
3,10 €",RISTORANTE
Congelados y helados,Pizza y bases congeladas,Pizza congelada Ristorante Barbacoa 340 Gr,"9,12 € / 1 Kg","3,79 €
3,10 €",RISTORANTE
Congelados y helados,Pizza y bases congeladas,Pizza congelada Ristorante Carbonara 340 Gr,"9,12 € / 1 Kg","3,79 €
3,10 €",RISTORANTE
Congelados y helados,Pizza y bases congeladas,Piccolinis congelados 3 Quesos 270 Gr,"13,30 € / 1 Kg","4,25 €
3,59 €",BUITONI
Congelados y helados,Pizza y bases congeladas,Pizza congelada Bella Napoli Prosciutto 430 Gr,"13,93 € / 1 Kg","5,99 €",BUITONI
Congelados y helados,Pizza y bases congeladas,Piccolinis congelados de Frankfurt 270 Gr,"13,30 € / 1 Kg","4,25 €
3,59 €",BUITONI
Congelados y helados,Pizza y bases congeladas,Pizza congelada Bella Napoli 4 Formaggi 425 Gr,"14,09 € / 1 Kg","5,99 €",BUITONI
Congelados y helados,Pizza y bases congeladas,Pizza congelada Ristorante Vegana 345 Gr,"8,99 € / 1 Kg","3,79 €
3,10 €",RISTORANTE
Congelados y helados,Pizza y bases congeladas,Paninis Jamón y Queso congelados 250 Gr,"13,40 € / 1 Kg","3,35 €",PANNINI
Congelados y helados,Pizza y bases congeladas,Paninis congelados Barbacoa 250 Gr,"13,40 € / 1 Kg","3,35 €",PANNINI
Congelados y helados,Pizza y bases congeladas,Pizza Forno congelada Jamón y Queso 350 Gr,"10,43 € / 1 Kg","3,65 €",BUITONI
Congelados y helados,Pizza y bases congeladas,Pizza congelada Casa Di Mama Prosciutto 405 Gr,"11,33 € / 1 Kg","4,59 €",CASA DI MAMA
Congelados y helados,Pizza y bases congeladas,Pizza congelada Casa Di Mama 4 Quesos 395 Gr,"11,62 € / 1 Kg","4,59 €",CASA DI MAMA
Congelados y helados,Pizza y bases congeladas,Pizza Atún y Cebolla 370 Gr,"7,03 € / 1 Kg","2,60 €",CONSUM
Congelados y helados,Pizza y bases congeladas,Pizza congelada 5 Quesos 345 Gr,"7,25 € / 1 Kg","2,50 €",CONSUM
Congelados y helados,Pizza y bases congeladas,Pizza congelada Jamón y Queso 340 Gr,"7,35 € / 1 Kg","2,50 €",CONSUM
Congelados y helados,Pizza y bases congeladas,Pizza congelada Tradizionale Speciale 385 Gr,"11,92 € / 1 Kg","4,59 €",TRADIZIONALE
Congelados y helados,Pizza y bases congeladas,Pizza Forno congelada Caprese 350 Gr,"10,43 € / 1 Kg","3,65 €",BUITONI
Congelados y helados,Pizza y bases congeladas,Pizza congelada Forno Barbacoa 325 Gr,"11,23 € / 1 Kg","3,65 €",BUITONI
Congelados y helados,Pizza y bases congeladas,Pizza congelada Forno Prosciutto e Funghi 340 Gr,"10,74 € / 1 Kg","3,65 €",BUITONI
Congelados y helados,Pizza y bases congeladas,Pizza congelada Rústica Royale 575 Gr,"9,55 € / 1 Kg","5,49 €",RUSTICA
Congelados y helados,Pizza y bases congeladas,Pizza Rústica congelada Cuatro Quesos 555 Gr,"9,89 € / 1 Kg","5,49 €",RUSTICA
Congelados y helados,Pizza y bases congeladas,Pizza congelada Vegetal Horno de Piedra 430 Gr,"6,95 € / 1 Kg","2,99 €",NIÑA DEL SUR
Congelados y helados,Pizza y bases congeladas,Pizza congelada Bacon y Atún Horno de Piedra 400 Gr,"7,48 € / 1 Kg","2,99 €",NIÑA DEL SUR
Congelados y helados,Pizza y bases congeladas,Pizza congelada Ristorante Mozzarella sin Gluten 370 Gr,"12,41 € / 1 Kg","4,59 €",RISTORANTE
Congelados y helados,Pizza y bases congeladas,Paninis congelados 4 Quesos 250 Gr,"13,40 € / 1 Kg","3,35 €",PANNINI
Congelados y helados,Pizza y bases congeladas,Cocas de Dacsa congeladas 10 Unidades 600 Gr,"3,75 € / 1 Kg","2,25 €",VALDES
Congelados y helados,Pizza y bases congeladas,Pizza congelada La Mia Grande 4 Formaggi 400 Gr,"13,23 € / 1 Kg","5,29 €",LA MIA GRAND
Congelados y helados,Pizza y bases congeladas,Pizza congelada La Mia Grande Prosciutto e Formaggi 400 Gr,"13,23 € / 1 Kg","5,29 €",LA MIA GRAND
Congelados y helados,Pizza y bases congeladas,Pizza congelada Prosciutto sin Gluten sin Lactosa 345 Gr,"13,30 € / 1 Kg","4,59 €",RISTORANTE
Congelados y helados,Pizza y bases congeladas,Pizza congelada Rustica Pepperoni Cheddar y Mozzarella 565 Gr,"9,72 € / 1 Kg","5,49 €",RUSTICA
Congelados y helados,Pizza y bases congeladas,Pizza congelada Forno di Pietra 4 Formaggi 340 Gr,"10,74 € / 1 Kg","3,65 €",BUITONI
Congelados y helados,Pizza y bases congeladas,Pizza Forno di Pietra Atún 345 Gr,"10,58 € / 1 Kg","3,65 €",BUITONI
Congelados y helados,Pizza y bases congeladas,Pizza Barbacoa 350 Gr,"7,14 € / 1 Kg","2,50 €",CONSUM
Congelados y helados,Pizza y bases congeladas,Pizza Baguette Jamón y Queso 250 Gr,"9,96 € / 1 Kg","2,49 €",CONSUM
Congelados y helados,Pizza y bases congeladas,Mini Pizza Jamón Queso 9 Unidades 270 Gr,"9,22 € / 1 Kg","2,49 €",CONSUM
Congelados y helados,Pizza y bases congeladas,Pizza Pepperoni 340 Gr,"7,65 € / 1 Kg","2,60 €",CONSUM
Congelados y helados,Hielo,Cubitos de Hielo Bolsa 2 Kg,"0,48 € / 1 Kg","0,95 €",HIELOSUR
Congelados y helados,Hielo,Hielo Agua Mineral 1 Kg,"0,69 € / 1 Kg","0,69 €",HIELIUM
Congelados y helados,Hielo,Hielo Picado Agua Mineral 2 Kg,"0,68 € / 1 Kg","1,35 €",HIELIUM
Congelados y helados,Helados,Sándwich de Nata Pack de 6 Unidades 330 Gr,"9,97 € / 1 Kg","3,89 €
3,29 €",NESTLE
Congelados y helados,Helados,Magnum Mini Almendras Pack de 6 Unidades 6 x 46 Gr,"14,46 € / 1 Kg","4,99 €
3,99 €",FRIGO
Congelados y helados,Helados,Tarrina Stracciatella 900 Ml. 480 Gr,"5,94 € / 1 Kg","3,00 €
2,85 €",CONSUM
Congelados y helados,Helados,Tarrina Yogurt F.Bosque 900 Ml. 480 Gr,"7,27 € / 1 Kg","3,75 €
3,49 €",CONSUM
Congelados y helados,Helados,Bombón Coco y Mango de la India Pack de 3 Un. 213 Gr,"18,73 € / 1 Kg","4,79 €
3,99 €",NUII
Congelados y helados,Helados,Mini Conos de Vainilla s/Azúcar 8 Unidades 312 Gr,"19,04 € / 1 Kg","6,99 €
5,94 €",NESTLE
Congelados y helados,Helados,Bombón Chocolate Blanco & Arándanos Rojo 270 Gr,"19,85 € / 1 Kg","4,79 €
3,99 €",NUII
Congelados y helados,Helados,Mini Bombón Golden Caramel Billonaire x6 282 Gr,"14,15 € / 1 Kg","5,59 €
3,99 €",FRIGO
Congelados y helados,Helados,Barrita 6 Unidades 251 Gr,"17,89 € / 1 Kg","4,99 €
4,49 €",MARS
Congelados y helados,Helados,Pirulo Fruity Mix x7 422 Gr,"11,47 € / 1 Kg","5,69 €
4,84 €",NESTLE
Congelados y helados,Helados,Tarrina de Vainilla 1 Litro 495 Gr,"4,65 € / 1 Kg","2,30 €",CONSUM
Congelados y helados,Helados,Nata Montada 500 Ml. 230 Gr,"9,13 € / 1 Kg","2,10 €",CONSUM
Congelados y helados,Helados,Cono Vainilla Chocolate Pack de 6 Unidades 6 x 71 Gr,"5,28 € / 1 Kg","2,25 €",CONSUM
Congelados y helados,Helados,Mini Bombón Surtido Pack de 8 Unidades 342 Gr,"5,82 € / 1 Kg","1,99 €",CONSUM
Congelados y helados,Helados,Tarrina Dulce de Leche 900 Ml 480 Gr,"7,81 € / 1 Kg","3,75 €",CONSUM
Congelados y helados,Helados,Mini Sándwich Bombón Pack de 6 Unidades 324 Gr,"7,56 € / 1 Kg","2,45 €",CONSUM
Congelados y helados,Helados,Sándwich de Nata Pack de 6 Unidades 318 Gr,"6,26 € / 1 Kg","1,99 €",CONSUM
Congelados y helados,Helados,Tarrina Leche Merengada 1 Litro 490 Gr,"5,69 € / 1 Kg","2,79 €",CONSUM
Congelados y helados,Helados,Tarrina con Chocolate 1 Litro 505 Gr,"5,74 € / 1 Kg","2,90 €",CONSUM
Congelados y helados,Helados,Bloque Tres Sabores 1 Litro 523 Gr,"3,54 € / 1 Kg","1,85 €",CONSUM
Congelados y helados,Helados,Bloque de Turrón 1 Litro 535 Gr,"5,14 € / 1 Kg","2,75 €",CONSUM
Congelados y helados,Helados,Bombón Almendrado 4 Unidades 324 Gr,"6,14 € / 1 Kg","1,99 €",CONSUM
Congelados y helados,Helados,Tarrina de Vainilla con Nueces 460 Ml. 400 Gr,"17,48 € / 1 Kg","6,99 €",HAAGEN DAZS
Congelados y helados,Helados,Tarrina Sorbete de Limón 1000 Ml.l 570 Gr,"4,12 € / 1 Kg","2,35 €",CONSUM
Congelados y helados,Helados,Tarrina 3 Chocolates 900 Ml. 500 Gr,"7,38 € / 1 Kg","3,69 €",CONSUM
Congelados y helados,Helados,Tarrina de Vainilla y Nueces Pecan 900 Ml. 476 Gr,"6,84 € / 1 Kg","3,25 €",CONSUM
Congelados y helados,Helados,Cono Nata Pack de 6 Unidades 426 Gr,"5,16 € / 1 Kg","2,20 €",CONSUM
Congelados y helados,Helados,Minibombones sin Azúcar 4Clásico + 4 Almendrado 288 Gr,"9,55 € / 1 Kg","2,75 €",CONSUM
Congelados y helados,Helados,Sándwich de Vainilla y Chocolate 6 Unidades 318 Gr,"7,08 € / 1 Kg","2,25 €",CONSUM
Congelados y helados,Helados,Bombón Chocolate Negro 4 Unidades 324 Gr,"6,14 € / 1 Kg","1,99 €",CONSUM
Congelados y helados,Helados,Mini Bombón Almendrado Pack de 8 348 Gr,"7,73 € / 1 Kg","2,69 €",CONSUM
Congelados y helados,Helados,Bombón Choco. Blanco 4 Unidades 320 Gr,"6,22 € / 1 Kg","1,99 €",CONSUM
Congelados y helados,Helados,Chococlack Pack de 4 Unidades 264 Gr,"15,11 € / 1 Kg","3,99 €",NESTLE
Congelados y helados,Helados,Polo Sorbete Mandarina Pack de 6 Und. 384 Gr,"4,82 € / 1 Kg","1,85 €",CONSUM
Congelados y helados,Helados,Cono Vainilla Caramelo Pack de 6 Unidades 6 x 72 Gr,"5,21 € / 1 Kg","2,25 €",CONSUM
Congelados y helados,Helados,Polo Sorbete de Limón Pack de 6 Und. 384 Gr,"4,56 € / 1 Kg","1,75 €",CONSUM
Congelados y helados,Helados,Tarta Laminada de Nata más 50% Gratis 525 Gr,"4,10 € / 1 Kg","2,15 €",CONSUM
Congelados y helados,Helados,Cono de Fresa Pack de 6 Unidades 6 x 72 Gr,"5,21 € / 1 Kg","2,25 €",CONSUM
Congelados y helados,Helados,Magnum Mini Classic Pack de 6+2 Unidades 352 Gr,"14,18 € / 1 Kg","4,99 €",FRIGO
Congelados y helados,Helados,Polo Sorbete Horchata Pack de 6 Und. 384 Gr,"4,04 € / 1 Kg","1,55 €",CONSUM
Congelados y helados,Helados,Pirulo Fantasmikos Pack de 15 Unidades 240 Gr,"21,63 € / 1 Kg","5,19 €",NESTLE
Congelados y helados,Helados,Colajet Pack de 4 Unidades 4 x 63 Gr,"12,50 € / 1 Kg","3,15 €",NESTLE
Congelados y helados,Helados,Calippo de Fresa Pack de 5 Unidades 525 Gr,"9,50 € / 1 Kg","4,99 €",FRIGO
Congelados y helados,Helados,Mini Bombones de 3 Chocolates-Caramelo 280 Gr,"11,25 € / 1 Kg","3,15 €",CONSUM
Congelados y helados,Helados,Bombón Caramelo Pack de 4 Unidades 252 Gr,"10,28 € / 1 Kg","2,59 €",CONSUM
Congelados y helados,Helados,Cornetto Mini Classico Pack de 6+2 Unidades 288 Gr,"16,28 € / 1 Kg","4,69 €",FRIGO
Congelados y helados,Helados,Bombón Magnum Double Chocolate 85 Ml. x 3 Und 69Gr,"22,66 € / 1 Kg","4,69 €",FRIGO
Congelados y helados,Helados,Maxibón Cookies Pack de 4 Unidades 360 Gr,"16,08 € / 1 Kg","5,79 €",NESTLE
Congelados y helados,Helados,Tarrina Chocolate Belga 460 Ml. 400 Gr,"17,48 € / 1 Kg","6,99 €",HAAGEN DAZS
Congelados y helados,Helados,Maxibón de Nata Pack de 4 Unidades 384 Gr,"15,08 € / 1 Kg","5,79 €",NESTLE
Congelados y helados,Helados,Mini Bombón Almendrado sin Azúcar 6 Unidades 162 Gr,"36,98 € / 1 Kg","5,99 €",NESTLE
Congelados y helados,Helados,Calippo Lima Limón Pack de 5 Unidades 525 Gr,"9,50 € / 1 Kg","4,99 €",FRIGO
Congelados y helados,Helados,Bombón Magnum Almendrado 3+1 Unidad 300 Gr,"13,30 € / 1 Kg","3,99 €",FRIGO
Congelados y helados,Helados,Tarrina Dulce de Leche 460 Ml. 400 Gr,"17,48 € / 1 Kg","6,99 €",HAAGEN DAZS
Congelados y helados,Helados,Tarrina de Vainilla con Cookies 460 Ml. 386 Gr,"17,92 € / 1 Kg","6,99 €",HAAGEN DAZS
Congelados y helados,Helados,Tarta al Whisky 1 Litro 535 Gr,"7,46 € / 1 Kg","3,99 €",CONSUM
Congelados y helados,Helados,Tarrinas Caramel Attraction P-4 - 321 Gr,"23,33 € / 1 Kg","7,49 €",HAAGEN DAZS
Congelados y helados,Helados,Bombón Macadamia Nut Pack de 3 Unidades 210 Gr,"20,90 € / 1 Kg","4,39 €",HAAGEN DAZS
Congelados y helados,Helados,Tarrinas Fruit Collection Pack de 4 - 349 Gr,"21,46 € / 1 Kg","7,49 €",HAAGEN DAZS
Congelados y helados,Helados,Maxibon Mini Nata Pack de 6 Unidades 306 Gr,"18,92 € / 1 Kg","5,79 €",NESTLE
Congelados y helados,Helados,Cono Nata-Chocolate X4 sin Gluten/Lactosa 320 Gr,"12,97 € / 1 Kg","4,15 €",ROYNE
Congelados y helados,Helados,Bombón Choco-Nata X4 s/Az.Añadido/Glut/Lact 360 Gr,"11,53 € / 1 Kg","4,15 €",ROYNE
Congelados y helados,Helados,Helado de Fresa 460 Ml. 400 Gr,"17,48 € / 1 Kg","6,99 €",HAAGEN DAZS
Congelados y helados,Helados,Cono Milka Vainilla y Chocolate x4 Un 270 Gr,"18,48 € / 1 Kg","4,99 €",MILKA
Congelados y helados,Helados,Sándwich de Oreo Pack de 6 Unidades 198 Gr,"25,20 € / 1 Kg","4,99 €",OREO
Congelados y helados,Helados,Magnum Mini Intense Dark 264 Gr,"21,17 € / 1 Kg","5,59 €",FRIGO
Congelados y helados,Helados,Cornetto Clássico Pack de 6 Unidades 360 Gr,"13,86 € / 1 Kg","4,99 €",FRIGO
Congelados y helados,Helados,Sándwich Nata sin Azúcar 300 Gr,"13,83 € / 1 Kg","4,15 €",ROYNE
Congelados y helados,Helados,Horchata sin Azúcar Pack de 2 Unidades 2 x 200 Gr,"4,48 € / 1 Kg","1,79 €",MONZO
Congelados y helados,Helados,Magnum Mini Chocolate Blanco & Cookies 270 Gr,"20,70 € / 1 Kg","5,59 €",FRIGO
Congelados y helados,Helados,Bombón Blanco con Limón 189 Gr,"12,65 € / 1 Kg","2,39 €",CONSUM
Congelados y helados,Helados,Tarrina Cappuccino 900 Ml. 465 Gr,"6,77 € / 1 Kg","3,15 €",CONSUM
Congelados y helados,Helados,Bombón de Galletas Caramelizadas 3x90 Ml. 250 Gr,"15,96 € / 1 Kg","3,99 €",LOTUS
Congelados y helados,Helados,Sándwich Stick Oreo y Chocolate Milka 204 Gr,"24,46 € / 1 Kg","4,99 €",OREO
Congelados y helados,Helados,Bombón Magnum Frac 3 Unidades 207 Gr,"22,66 € / 1 Kg","4,69 €",FRIGO
Congelados y helados,Helados,Cono Extreme Doble Chocolate Pack de 6 444 Gr,"11,24 € / 1 Kg","4,99 €",NESTLE
Congelados y helados,Helados,Cono Extreme Doble Vainilla Pack de 6 420 Gr,"11,88 € / 1 Kg","4,99 €",NESTLE
Congelados y helados,Helados,Limón Granizado 0% sin Azúcar Añadido 800 Gr,"3,19 € / 1 Kg","2,55 €",MONZO
Congelados y helados,Helados,Tarrina Caramel Biscuit y Cream Speculoos 420 Gr,"16,64 € / 1 Kg","6,99 €",HAAGEN DAZS
Congelados y helados,Helados,Mini Bombón Biscoff 6 Unidades 270 Gr,"20,33 € / 1 Kg","5,49 €",LOTUS
Congelados y helados,Helados,Bombón Rocher Classic 4 Unidades 200 Gr,"19,08 € / 1 Kg","4,79 €",FERRERO
Congelados y helados,Helados,Maxibón Waffle Blonde Caramel 360 Gr,"16,08 € / 1 Kg","5,79 €",NESTLE
Congelados y helados,Helados,Drácula Cola Pack de 6 Unidades 300 Gr,"16,63 € / 1 Kg","4,99 €",FRIGO
Congelados y helados,Helados,Conos Chocolatisimo 6 Unidades 6 x 65 Gr,"8,18 € / 1 Kg","3,19 €",CONSUM
Congelados y helados,Helados,Mini Bombón Toblerone 6 x 36 Gr. 216 Gr,"23,10 € / 1 Kg","4,99 €",NESTLE
Congelados y helados,Helados,Tarrina de Vainilla Carte d'Or + 30% Gratis 622 Gr,"6,41 € / 1 Kg","3,99 €",FRIGO
Congelados y helados,Helados,Maxibon Jungly 4 Unidades 360 Gr,"16,08 € / 1 Kg","5,79 €",NESTLE
Congelados y helados,Helados,Cono Kinder Classic 248 Gr,"19,31 € / 1 Kg","4,79 €",FERRERO
Congelados y helados,Helados,Tarrina Mini Joys Collection Pack -4 345 Gr,"21,71 € / 1 Kg","7,49 €",HAAGEN DAZS
Congelados y helados,Helados,Tarrina Avellana y Cacao 500 Gr,"7,50 € / 1 Kg","3,75 €",CONSUM
Congelados y helados,Helados,Tarrina Caramelo Salado 350 Gr,"9,11 € / 1 Kg","3,19 €",CONSUM
Congelados y helados,Helados,Tarrina Cookie dough 500 ml 350 Gr,"9,86 € / 1 Kg","3,45 €",CONSUM
Congelados y helados,Helados,Bombon Vainilla Chocolat Pack de 3 195 Gr,"23,54 € / 1 Kg","4,59 €",MILKA
Congelados y helados,Helados,Magnum Double Sunlover 225 Gr,"20,84 € / 1 Kg","4,69 €",FRIGO
Congelados y helados,Helados,Bombon Chocolate Kinder pack 4 152 Gr,"26,25 € / 1 Kg","3,99 €",FERRERO
Congelados y helados,Helados,Mini Bombones 3+3 Caramelo y Chocolate 253 Gr,"23,28 € / 1 Kg","5,89 €",NUII
Congelados y helados,Helados,Cono Kinder Bueno White 248 Gr,"19,31 € / 1 Kg","4,79 €",FERRERO
Congelados y helados,Helados,Tarrina Stawberry Cheesecake 350 Gr,"8,54 € / 1 Kg","2,99 €",CONSUM
Congelados y helados,Helados,Bombon Dulce de Leche 3 unidades 189 Gr,"13,70 € / 1 Kg","2,59 €",CONSUM
Congelados y helados,Helados,Sandwich Vainilla Cookies Vegano x4 272 Gr,"10,99 € / 1 Kg","2,99 €",CONSUM
Congelados y helados,Helados,Bombon Avellana yCacao pack de 4 204 Gr,"13,48 € / 1 Kg","2,75 €",CONSUM
Congelados y helados,Helados,Smoothie Fresa 4X60 gr con Manzana y Grosella 240 Gr,"11,46 € / 1 Kg","2,75 €",CONSUM
Congelados y helados,Helados,Smoothie Mango 4x60 gr Manzana Piña Maracuya 240 Gr,"11,46 € / 1 Kg","2,75 €",CONSUM
Congelados y helados,Helados,Mini Bombón Fruto Rojos Tropical x8 300 Gr,"8,83 € / 1 Kg","2,65 €",CONSUM
Congelados y helados,Helados,Tarrina Proteinas Cookies Dough 500 ml 265 Gr,"11,28 € / 1 Kg","2,99 €",CONSUM
Congelados y helados,Helados,Tarrina Choco Cookie Proteina 265 Gr,"11,28 € / 1 Kg","2,99 €",CONSUM
Congelados y helados,Helados,Bombon Sweet caramel 3 Unidades 204 Gr,"16,13 € / 1 Kg","3,29 €",CONSUM
Congelados y helados,Helados,Cono Lima Limón 4x74 gr 296 Gr,"6,39 € / 1 Kg","1,89 €",CONSUM
Congelados y helados,Helados,Cono Vainilla Caramelo Salado Pack de 4 284 Gr,"7,01 € / 1 Kg","1,99 €",CONSUM
Congelados y helados,Helados,Castaña Nata 180 Gr,"16,61 € / 1 Kg","2,99 €",ICE CREAM
Congelados y helados,Helados,Tarrina Chocolate Vegano 500 ml 340 Gr,"10,26 € / 1 Kg","3,49 €",CONSUM
Congelados y helados,Helados,Bombon Magnum Euphoria x3 208 Gr,"22,55 € / 1 Kg","4,69 €",MAGNUM
Congelados y helados,Helados,Bombón Blanco Biscoff 250 Gr,"15,96 € / 1 Kg","3,99 €",LOTUS
Congelados y helados,Helados,Magnum Afterdinner Classic 8 Unidades 232 Gr,"21,51 € / 1 Kg","4,99 €",FRIGO
Congelados y helados,Helados,Magnum Classic Super Precio 237 Gr,"12,62 € / 1 Kg","2,99 €",MAGNUM
Congelados y helados,Helados,Sandwich Cookies XXL Filipinos 308 Gr,"18,47 € / 1 Kg","5,69 €",FILIPINOS
Congelados y helados,Horchatas y granizados,Horchata Granizada Pack de 4 Unidades 4 x 200 ml,"2,62 € / 1 L","2,49 €
2,10 €",MONZO
Congelados y helados,Horchatas y granizados,Granizado de Cebada Pack de 2 Unidades 400 Gr,"3,48 € / 1 Kg","1,65 €
1,39 €",MONZO
Congelados y helados,Horchatas y granizados,Leche Merengada Pack de 2 Unidades 2 x 200 ml,"4,88 € / 1 L","1,95 €",MONZO
Congelados y helados,Horchatas y granizados,Limón Granizado Pack de 4 Unidades 4 x 200 ml,"3,11 € / 1 L","2,49 €",MONZO
Congelados y helados,Horchatas y granizados,Café Granizado Pack de 4 Unidades 4 x 200 ml,"3,24 € / 1 L","2,59 €",MONZO
Congelados y helados,Horchatas y granizados,Horchata Granizada 1 L,"2,79 € / 1 L","2,79 €",MONZO
Congelados y helados,"Pan, churros y porras",Porras Prefritas congeladas 320 Gr,"8,75 € / 1 Kg","3,29 €
2,80 €",MAHESO
Congelados y helados,"Pan, churros y porras",Churros Lazo 400 Gr,"4,48 € / 1 Kg","2,10 €
1,79 €",MAHESO
Congelados y helados,"Pan, churros y porras",Pan Bao 6 Unidades 240 Gr,"10,38 € / 1 Kg","2,49 €",
Infantil,Alimentación infantil,Yogolino de Fresa Pack de 4 4 x 100 Gr,"7,38 € / 1 Kg","2,95 €",NESTLE
Infantil,Alimentación infantil,Yogolino de Plátano Pack de 4 4 x 100 Gr,"7,38 € / 1 Kg","2,95 €",NESTLE
Infantil,Alimentación infantil,Yogolino Natural Pack de 4 4 x 100 Gr,"7,38 € / 1 Kg","2,95 €",NESTLE
Infantil,Alimentación infantil,Papilla 8 Cereales Galleta 475 Gr,"7,48 € / 1 Kg","3,95 €
3,55 €",NESTLE
Infantil,Alimentación infantil,Papilla 8 Cereales Miel 475 Gr,"7,48 € / 1 Kg","3,95 €
3,55 €",NESTLE
Infantil,Alimentación infantil,Papilla 8 Cereales 475 Gr,"7,48 € / 1 Kg","3,95 €
3,55 €",NESTLE
Infantil,Alimentación infantil,Yogolino Melocotón y Plátano 0% Azúcar 4 x 100 Gr,"7,48 € / 1 Kg","3,45 €
2,99 €",NESTLE
Infantil,Alimentación infantil,Yogolino Fresa y Plátano 0% Azúcar 4 x 100 Gr,"7,48 € / 1 Kg","3,45 €
2,99 €",NESTLE
Infantil,Alimentación infantil,Papilla Polvo 8 Cereales con Cacao 475 Gr,"7,48 € / 1 Kg","3,95 €
3,55 €",NESTLE
Infantil,Alimentación infantil,Papilla 0%0% Multicereales 270 Gr,"12,03 € / 1 Kg","3,70 €
3,25 €",NESTLE
Infantil,Alimentación infantil,Papilla 0%0% Multicerales y Galleta 270 Gr,"12,03 € / 1 Kg","3,70 €
3,25 €",NESTLE
Infantil,Alimentación infantil,Tarrito Solo Zanahorias Guisantes y Merluza 190 Gr,"13,11 € / 1 Kg","2,49 €",HERO
Infantil,Alimentación infantil,Tarrito 3 Frutas 190 Gr,"6,84 € / 1 Kg","1,30 €",HERO
Infantil,Alimentación infantil,Tarrito Lenguado con Bechamel 235 Gr,"7,23 € / 1 Kg","1,70 €",HERO
Infantil,Alimentación infantil,Tarrito Verdura con Jamón y Ternera 235 Gr,"7,23 € / 1 Kg","1,70 €",HERO
Infantil,Alimentación infantil,Tarrito Arroz con Pollo 235 Gr,"7,23 € / 1 Kg","1,70 €",HERO
Infantil,Alimentación infantil,Tarrito Verduras con Pollo y Ternera 235 Gr,"7,23 € / 1 Kg","1,70 €",HERO
Infantil,Alimentación infantil,Tarrito Zanahoria y Arroz con Caldo de Ave 235 Gr,"7,23 € / 1 Kg","1,70 €",HERO
Infantil,Alimentación infantil,Tarrito Ternera con Zanahoria Baby 235 Gr,"7,23 € / 1 Kg","1,70 €",HERO
Infantil,Alimentación infantil,Tarrito Buenas Noches Pollo y Verduritas Pack 2 2 x 190 Gr,"7,87 € / 1 Kg","2,99 €",HERO
Infantil,Alimentación infantil,Tarrito Buenas Noches Pescadilla Pack 2 2 x 190 Gr,"7,87 € / 1 Kg","2,99 €",HERO
Infantil,Alimentación infantil,Tarrito Buenas Noches Guisantes con Jamón P-2 2 x 190 Gr,"7,87 € / 1 Kg","2,99 €",HERO
Infantil,Alimentación infantil,Pouche Hero Nanos Plátano y Fresa 100 Gr,"11,90 € / 1 Kg","1,19 €",HERO
Infantil,Alimentación infantil,"Pouche Hero Nanos Naranja, Platano y Galleta 100 Gr","11,90 € / 1 Kg","1,19 €",HERO
Infantil,Alimentación infantil,Pouche 4 Frutas 90 Gr,"13,89 € / 1 Kg","1,25 €",NESTLE
Infantil,Alimentación infantil,Tarrito Fruta Variada Pack de 2 2 x 120 Gr,"8,29 € / 1 Kg","1,99 €",HERO
Infantil,Alimentación infantil,Tarrito Queso y Fruta Pack de 2 2 x 80 Gr,"17,44 € / 1 Kg","2,79 €",HERO
Infantil,Alimentación infantil,Tarrito Merienda Galleta Fruta Variada Pack 2 2 x 190 Gr,"7,87 € / 1 Kg","2,99 €",HERO
Infantil,Alimentación infantil,Tarrito 4 Frutas Mi Menú con Galleta 2 x 200 Gr,"4,98 € / 1 Kg","1,99 €",BE PLUS
Infantil,Alimentación infantil,Pouche Bio Manzana y Plátano 100 Gr,"10,90 € / 1 Kg","1,09 €",BE PLUS
Infantil,Alimentación infantil,Pouche Hero Baby Multifrutas y Galleta 100 Gr,"10,00 € / 1 Kg","1,00 €",HERO
Infantil,Alimentación infantil,Recetas Caseras Lentejas con Verduritas 2 x 190 Gr,"7,87 € / 1 Kg","2,99 €",HERO
Infantil,Alimentación infantil,Leche y Cereales con Galleta Pack 2 2 x 250 ml,"5,10 € / 1 L","2,55 €",NESTLE
Infantil,Alimentación infantil,Leche y Cereales con Miel Pack 2 2 x 250 ml,"5,10 € / 1 L","2,55 €",NESTLE
Infantil,Alimentación infantil,Recetas Caseras Cocido con Ternera P-2 2 x 190 Gr,"7,87 € / 1 Kg","2,99 €",HERO
Infantil,Alimentación infantil,"Tarrito Calabacín, Jamón y Queso Pack de 2 2 x 190 Gr","7,87 € / 1 Kg","2,99 €",HERO
Infantil,Alimentación infantil,Mi Primera Galleta sin Gluten 180 Gr,"13,83 € / 1 Kg","2,49 €",HERO
Infantil,Alimentación infantil,Tarrito Solo Eco Pera y Manzana 120 Gr,"12,50 € / 1 Kg","1,50 €",HERO
Infantil,Alimentación infantil,Pouche Supernanos Yogur Griego y Cookies 100 Gr,"11,90 € / 1 Kg","1,19 €",HERO
Infantil,Alimentación infantil,"Tarrito Solo Eco Pera, Plátano y Zanahoria 120 Gr","12,50 € / 1 Kg","1,50 €",HERO
Infantil,Alimentación infantil,"Pouche Solo Eco Pera,Platano y naranja 100 Gr","15,90 € / 1 Kg","1,59 €",HERO
Infantil,Alimentación infantil,Manzana Plátano y Yogur Solo Eco 120 Gr,"12,50 € / 1 Kg","1,50 €",HERO
Infantil,Alimentación infantil,Pouche Yogurt Plátano Fresa 100 Gr,"11,90 € / 1 Kg","1,19 €",HERO
Infantil,Alimentación infantil,Pouche Manzana Fresa Platano Arandano Solo 100 Gr,"15,90 € / 1 Kg","1,59 €",HERO
Infantil,Alimentación infantil,Tarrito Verdura Huerta y Pavo 235 Gr,"7,23 € / 1 Kg","1,70 €",HERO
Infantil,Alimentación infantil,Papilla 8 Cereales Fruta 0% Azúcares 340 Gr,"11,18 € / 1 Kg","3,80 €",HERO
Infantil,Alimentación infantil,Pouche Manzana Arándano Avena 100 Gr,"10,90 € / 1 Kg","1,09 €",BE PLUS
Infantil,Alimentación infantil,Pouche Bío Pera Manzana Albaricoque 100 Gr,"10,90 € / 1 Kg","1,09 €",BE PLUS
Infantil,Alimentación infantil,Tarrito Verduritas con Merluza 235 Gr,"7,23 € / 1 Kg","1,70 €",HERO
Infantil,Alimentación infantil,Galletitas Animales Solo Cereales 100% Eco-Bío 100 Gr,"34,90 € / 1 Kg","3,49 €",HERO
Infantil,Alimentación infantil,Smilitos Snack Ecológico 38 Gr,"5,24 € / 100 Gr","1,99 €",SMILEAT
Infantil,Alimentación infantil,Ternera con Verduras Tarrito 230 Gr,"11,70 € / 1 Kg","2,69 €",SMILEAT
Infantil,Alimentación infantil,Pavo con Verduras Tarrito 230 Gr,"11,70 € / 1 Kg","2,69 €",SMILEAT
Infantil,Alimentación infantil,Verduras con Merluza Tarrito 230 Gr,"11,70 € / 1 Kg","2,69 €",SMILEAT
Infantil,Alimentación infantil,Pouch Fresa y Plátano 100 Gr,"16,90 € / 1 Kg","1,69 €",SMILEAT
Infantil,Alimentación infantil,Pouch Frutas Variadas 100 Gr,"16,90 € / 1 Kg","1,69 €",SMILEAT
Infantil,Alimentación infantil,Frutas con Cereales Tarrito 2 x 200 Gr,"4,98 € / 1 Kg","1,99 €",BE PLUS
Infantil,Alimentación infantil,Frutas con Galleta Pouch 100 Gr,"8,90 € / 1 Kg","0,89 €",BE PLUS
Infantil,Alimentación infantil,Snack Zanahorias y Maíz Solo Eco 40 Gr,"6,23 € / 100 Gr","2,49 €",HERO
Infantil,Alimentación infantil,Pouch Fresa y Plátano 100 Gr,"8,90 € / 1 Kg","0,89 €",BE PLUS
Infantil,Alimentación infantil,"Pouch Cool Fruits Manzana, Fresa, Banana 110 Gr","11,36 € / 1 Kg","1,25 €",NESTLE
Infantil,Alimentación infantil,Pouch Happy Fruits Frutas Variadas 110 Gr,"11,36 € / 1 Kg","1,25 €",NESTLE
Infantil,Alimentación infantil,Crema de Arroz y Maíz sin Gluten 240 Gr,"10,42 € / 1 Kg","2,50 €",NESTLE
Infantil,Alimentación infantil,Yogur Plátano y Fresa Pack 2 Tarritos 240 Gr,"11,63 € / 1 Kg","2,79 €",HERO BABY
Infantil,Alimentación infantil,"Tarrito Manzana, Pera, Melocotón y Plátano 2 x 200 Gr","4,98 € / 1 Kg","1,99 €",BE PLUS
Infantil,Alimentación infantil,Yogolino Natillas Pack de 4 4 x 100 Gr,"8,63 € / 1 Kg","3,45 €",NESTLE
Infantil,Alimentación infantil,Pouch Crazy Fruits Tutti Frutti 110 Gr,"11,36 € / 1 Kg","1,25 €",NESTLE
Infantil,Alimentación infantil,Pouch Yogolino Fresa y Manzana 100 Gr,"13,00 € / 1 Kg","1,30 €",NESTLE
Infantil,Alimentación infantil,Papilla 8 Cereales 0% Azúcar Añadido 410 Gr,"10,98 € / 1 Kg","4,50 €",HERO BABY
Infantil,Alimentación infantil,Papilla 8 Cereales y Miel 0% Azúcares Producidos 410 Gr,"10,98 € / 1 Kg","4,50 €",HERO BABY
Infantil,Alimentación infantil,Pouch Yogisan Fresa Plátano 90 Gr,"10,00 € / 1 Kg","0,90 €",BE PLUS
Infantil,Alimentación infantil,Peque Galletas Bolsa 180 Gr,"19,44 € / 1 Kg","3,50 €",NESTLE
Infantil,Alimentación infantil,Puffs Maiz y Avena Solo Eco 25 Gr,"5,96 € / 100 Gr","1,49 €",HERO
Infantil,Alimentación infantil,Tarritos Ternera Arroz Trocitos Pack de 2 2 x 235 Gr,"7,87 € / 1 Kg","3,70 €",HERO
Infantil,Alimentación infantil,Pouche Mango Yogurt y Plátano Solo Eco 100 Gr,"15,90 € / 1 Kg","1,59 €",HERO
Infantil,Alimentación infantil,"Tarrito Brócoli, Guisantes y Pavo Bio 190 Gr","13,68 € / 1 Kg","2,60 €",GERBER
Infantil,Alimentación infantil,Tarrito Hortalizas con Ternera Bio 190 Gr,"13,68 € / 1 Kg","2,60 €",GERBER
Infantil,Alimentación infantil,Crema de Arroz Sin Gluten y sin Azucar 220 Gr,"14,55 € / 1 Kg","3,20 €",HERO
Infantil,Alimentación infantil,Tarrito Espaguetis con Pollo 190 Gr,"9,42 € / 1 Kg","1,79 €",NESTLE
Infantil,Alimentación infantil,Tarrito Verduritas con Pavo 190 Gr,"9,42 € / 1 Kg","1,79 €",NESTLE
Infantil,Alimentación infantil,Tarrito Verduras Pescado 190 Gr,"9,42 € / 1 Kg","1,79 €",NESTLE
Infantil,Alimentación infantil,Tarrito Jardinera Ternera 190 Gr,"9,42 € / 1 Kg","1,79 €",NESTLE
Infantil,Alimentación infantil,Tarritos Verdura con Ternera 250 Gr,"6,36 € / 1 Kg","1,59 €",BE PLUS
Infantil,Alimentación infantil,Tarrito Pollo con Arroz 250 Gr,"6,36 € / 1 Kg","1,59 €",BE PLUS
Infantil,Alimentación infantil,Pouche Yogur y Avena Ecológico 100 Gr,"16,90 € / 1 Kg","1,69 €",SMILEAT
Infantil,Alimentación infantil,Snack Fresa Plátano Smilitos 25 Gr,"5,80 € / 100 Gr","1,45 €",SMILEAT
Infantil,Alimentación infantil,Tarrito Fruta Variada 190 Gr,"6,84 € / 1 Kg","1,30 €",HERO
Infantil,Alimentación infantil,Pouch Pera Manzana Y Plátano Bio 90 Gr,"16,11 € / 1 Kg","1,45 €",GERBER
Infantil,Alimentación infantil,Tarrito Guisantes y Patata con Pollo Bio 190 Gr,"13,68 € / 1 Kg","2,60 €",GERBER
Infantil,Alimentación infantil,Minipuff Fresa Solo Eco 18 Gr,"6,61 € / 100 Gr","1,19 €",HERO
Infantil,Alimentación infantil,Yogolino Cacao Pack de 4 4 x 100 Gr,"8,63 € / 1 Kg","3,45 €",NESTLE
Infantil,Leches infantiles,Peques3 Crecimiento Preparado Lácteo 1 L,"1,75 € / 1 L","1,95 €
1,75 €",PULEVA
Infantil,Leches infantiles,Leche Continuación Brik Peques 2 1 L,"1,75 € / 1 L","1,95 €
1,75 €",PULEVA
Infantil,Leches infantiles,Peques3 Crecimiento con Cereales 1 L,"1,75 € / 1 L","1,95 €
1,75 €",PULEVA
Infantil,Leches infantiles,Leche NESTLÉ JUNIOR Galleta 1 L,"1,99 € / 1 L","2,35 €
1,99 €",NESTLE
Infantil,Leches infantiles,Peques3 Preparado Lácteo Cereales y Cacao 3 x 200 ml,"2,92 € / 1 L","1,95 €
1,75 €",PULEVA
Infantil,Leches infantiles,Peques3 Preparado Lácteo Cereales y Fruta 3 x 200 ml,"2,92 € / 1 L","1,95 €
1,75 €",PULEVA
Infantil,Leches infantiles,Leche Continuación 2 Premium Polvo 800 Gr,"22,44 € / 1 Kg","17,95 €",NIDINA
Infantil,Leches infantiles,Leche Continuación Premium Polvo 3 800 Gr,"22,44 € / 1 Kg","17,95 €",NIDINA
Infantil,Leches infantiles,Leche NESTLÉ JUNIOR Cereales 1 L,"1,99 € / 1 L","2,35 €
1,99 €",NESTLE
Infantil,Leches infantiles,Leche Crecimiento Original Nativa 3 1 L,"2,35 € / 1 L","2,35 €",NESTLE
Infantil,Leches infantiles,Leche Crecimiento Nativa 3 Cereales 1 L,"2,35 € / 1 L","2,35 €",NESTLE
Infantil,Leches infantiles,Leche Continuación 2 Polvo 800 Gr,"14,88 € / 1 Kg","11,90 €",NATIVA
Infantil,Leches infantiles,Leche Infantil de Inicio 1 Premium Polvo 800 Gr,"18,69 € / 1 Kg","14,95 €",NIDINA
Infantil,Leches infantiles,Leche Inicio 1 Bote Polvo 800 Gr,"14,88 € / 1 Kg","11,90 €",NATIVA
Infantil,Leches infantiles,Leche Infantil Polvo Continuación 3 800 Gr,"14,94 € / 1 Kg","11,95 €",NATIVA
Infantil,Higiene,Toallita Higiénica Bebé Biodegradable 60 U,"0,03 € / 1 U","1,59 €
1,39 €",BABY CREAM
Infantil,Higiene,Colonia Original Muy Suave 600 ml,"0,54 € / 100 ml","3,75 €
3,19 €",DENENES
Infantil,Higiene,Gel Champú Original 600 ml,"0,54 € / 100 ml","3,75 €
3,19 €",DENENES
Infantil,Higiene,Gel Champú Atopic 600 ml,"0,57 € / 100 ml","3,99 €
3,39 €",DENENES
Infantil,Higiene,Leche Hidratante Atopic 400 ml,"0,85 € / 100 ml","3,99 €
3,39 €",DENENES
Infantil,Higiene,Crema Protectora Bebé Acción Rápida 100 ml,"4,55 € / 100 ml","4,55 €",JOHNSON
Infantil,Higiene,Bastoncillos 100 U,"0,02 € / 1 U","1,99 €",JOHNSON
Infantil,Higiene,Colonia Infantil Spray 240 ml,"1,66 € / 100 ml","3,99 €",NENUCO
Infantil,Higiene,Gasas no Tejidas Ojos y Manos 100 U,"0,02 € / 1 U","2,00 €",BEL BABY
Infantil,Higiene,Toallitas Infantiles 64 U,"0,03 € / 1 U","1,75 €",DODOT
Infantil,Higiene,Toallitas Infantiles Cremosas 24 U,"0,04 € / 1 U","0,85 €",CONSUM
Infantil,Higiene,Toallitas Infantiles Cremosas 80 U,"0,02 € / 1 U","1,40 €",CONSUM
Infantil,Higiene,Jabón Líquido Infantil Dulces Sueños 750 ml,"0,53 € / 100 ml","3,99 €",JOHNSON
Infantil,Higiene,Papel Higiénico Húmedo 120 U,"0,02 € / 1 U","2,15 €",CONSUM KIDS
Infantil,Higiene,Toallitas Infantiles Áloe 80 U,"0,01 € / 1 U","1,15 €",CONSUM KIDS
Infantil,Higiene,Toallitas Infantiles Pieles Atópicas 60 U,"0,03 € / 1 U","1,70 €",CONSUM KIDS
Infantil,Higiene,Champú Infantil Gotas de Fuerza 500 ml,"0,84 € / 100 ml","4,19 €",JOHNSON
Infantil,Higiene,Toallitas Humedas Bebe Ecológicas 60 U,"0,04 € / 1 U","2,39 €",SALUSTAR
Infantil,Higiene,Bastoncillos Algodón 200 U,"0,01 € / 1 U","0,90 €",KYREY
Infantil,Higiene,Bastoncillos Infantiles 100 % Algodón 60 U,"0,02 € / 1 U","0,99 €",CONSUM KIDS
Infantil,Higiene,Esponja Natural Marina 1 U,"3,99 € / 1 U","3,99 €",DAVIDEL
Infantil,Higiene,Toallitas Kids Frescura y Limpieza 80 U,"0,01 € / 1 U","1,05 €",CONSUM KIDS
Infantil,Higiene,Toallitas Infantiles Aloe 24 U,"0,03 € / 1 U","0,75 €",CONSUM KIDS
Infantil,Higiene,Toallitas Fresh 24 U,"0,04 € / 1 U","1,05 €",KYREY
Infantil,Higiene,Crema Pañal Sin Perfume 100 ml,"2,75 € / 100 ml","2,75 €",CONSUM KIDS
Infantil,Higiene,Gel Infantil Extrasuave 750 ml,"0,30 € / 100 ml","2,25 €",CONSUM KIDS
Infantil,Higiene,Agua de Colonia Infantil 200 ml,"0,85 € / 100 ml","1,69 €",CONSUM KIDS
Infantil,Higiene,Champú Infantil 500 ml,"0,39 € / 100 ml","1,95 €",CONSUM KIDS
Infantil,Higiene,Colonia Infantil 750 ml,"0,27 € / 100 ml","1,99 €",CONSUM KIDS
Infantil,Higiene,Toallitas Húmedas Refrescantes 20 U,"0,06 € / 1 U","1,19 €",SALUSTAR
Infantil,Higiene,Colonia con Prebióticos Protege & Perfuma 250 ml,"2,80 € / 100 ml","6,99 €",SEVEN KIDS
Infantil,Higiene,Loción Infantil Hidratante Corporal 500 ml,"0,60 € / 100 ml","2,99 €",CONSUM KIDS
Infantil,Higiene,Polvos De Talco Soft & Care 200 Gr,"8,25 € / 1 Kg","1,65 €",LEA
Infantil,Higiene,Esponja Extrasuave Bebé 1 U,"0,90 € / 1 U","0,90 €",CONSUM KIDS
Infantil,Higiene,Agua de Colonia 500 ml,"0,59 € / 100 ml","2,95 €",NENUCO
Infantil,Higiene,Leche Hidratante 500 ml,"0,80 € / 100 ml","3,99 €",NENUCO
Infantil,Higiene,Champú Suave 500 ml,"0,80 € / 100 ml","3,99 €",NENUCO
Infantil,Higiene,Jabón Líquido Ultrasuave 650 ml,"0,45 € / 100 ml","2,95 €",NENUCO
Infantil,Higiene,Toallita Limpieza y Fresc Pack 3 Unidades 3 x 80 U,"0,01 € / 1 U","3,00 €",CONSUM KIDS
Infantil,Higiene,Gel Champú Kids Prebióticos y Vitamina B3 400 ml,"1,49 € / 100 ml","5,95 €",SEVEN KIDS
Infantil,Higiene,Crema Facial Kids Prebióticos y Vitamina B3 50 ml,"11,90 € / 100 ml","5,95 €",SEVEN KIDS
Infantil,Higiene,Colonia Infantil Formato Ahorro 1100 ml,"0,45 € / 100 ml","4,99 €",NENUCO
Infantil,Higiene,Toallitas Pure Aqua Cuidado Total 48 U,"0,07 € / 1 U","3,49 €",DODOT
Infantil,Higiene,Colonia Maculina Nº1 150 ml,"9,30 € / 100 ml","13,95 €",V&L
Infantil,Pañales,Pañal DryNites 4 a 7 Años Niña 10 U,"0,73 € / 1 U","8,99 €
7,25 €",HUGGIES
Infantil,Pañales,Pañal DryNites 4 a 7 Años Niño 10 U,"0,73 € / 1 U","8,99 €
7,25 €",HUGGIES
Infantil,Pañales,Pañal DryNites 8 a 15 Años Niña 9 U,"0,81 € / 1 U","8,99 €
7,25 €",HUGGIES
Infantil,Pañales,Pañal Drynites 8 a 15 Años Niño 9 U,"0,81 € / 1 U","8,99 €
7,25 €",HUGGIES
Infantil,Pañales,Pañal Recién Nacido T.0 hasta 2.5 Kilos 24 U,"0,37 € / 1 U","8,95 €",DODOT
Infantil,Pañales,Ropa Interior Noches Tranquilas 4-7 Años 15 U,"0,66 € / 1 U","9,95 €",CONSUM KIDS
Infantil,Pañales,Ropa Interior 8-15 Años Noches Tranquilas 12 U,"0,83 € / 1 U","9,95 €",CONSUM KIDS
Infantil,Pañales,Bañador Desechable Little Swimmers T 3-4 12 U,"0,58 € / 1 U","6,99 €",HUGGIES
Infantil,Pañales,Bañador Desechable Little Swimmers T 5-6 11 U,"0,64 € / 1 U","6,99 €",HUGGIES
Infantil,Pañales,Pañal Pants T 4 9-15 Kilos 33 U,"0,42 € / 1 U","13,95 €",DODOT
Infantil,Pañales,Pañal Pants T 5 12-18 Kilos 30 U,"0,47 € / 1 U","13,95 €",DODOT
Infantil,Pañales,Pañal Pants T 6 16-22 Kilos 27 U,"0,52 € / 1 U","13,95 €",DODOT
Infantil,Pañales,Pañal Bebé Activity T 4 9-14 Kilos 58 U,"0,47 € / 1 U","26,99 €",DODOT
Infantil,Pañales,Pañal Bebé Activity T 5 11-16 Kilos 52 U,"0,52 € / 1 U","26,99 €",DODOT
Infantil,Pañales,Pañal Braguita Talla 5 de 13 a 20 Kilos 23 U,"0,31 € / 1 U","7,15 €",CONSUM KIDS
Infantil,Pañales,Pañal Braguita Talla 6 de 16 a 25 Kilos 21 U,"0,34 € / 1 U","7,15 €",CONSUM KIDS
Infantil,Pañales,Pañales Bebe Talla 5 13 - 18 Kg 44 U,"0,20 € / 1 U","8,85 €",CONSUM KIDS
Infantil,Pañales,Pañales Bebe Talla 4 9 - 15 Kg 50 U,"0,17 € / 1 U","8,60 €",CONSUM KIDS
Infantil,Pañales,Pañales Talla 2 28 U,"0,16 € / 1 U","4,35 €",CONSUM KIDS
Infantil,Pañales,Pañal Talla 3 56 U,"0,16 € / 1 U","8,69 €",CONSUM KIDS
Infantil,Pañales,Pañal Talla 6 27 U,"0,30 € / 1 U","8,10 €",CONSUM KIDS
Infantil,Pañales,Pañal Sensitive T1 De 2 a 5 Kg 44 U,"0,29 € / 1 U","12,60 €",DODOT
Infantil,Pañales,Pañal Pant T 7 +17 Kg 23 U,"0,61 € / 1 U","13,95 €",DODOT
Infantil,Pañales,Bañador Desechable Splashers T5-6 10 U,"0,60 € / 1 U","5,95 €",DODOT
Infantil,Pañales,Pañal Talla 1 28 U,"0,18 € / 1 U","4,95 €",CONSUM KIDS
Infantil,Pañales,Pañal Bebé Talla 6 De 13 a 19 Kilos 36 U,"0,39 € / 1 U","14,00 €",DODOT
Infantil,Pañales,Pañal Bebé Talla 6 Activity +13 Kilos 36 U,"0,56 € / 1 U","19,99 €",DODOT
Infantil,Pañales,Pañal Bebé Talla 3 De 4 a 10 Kg 36 U,"0,24 € / 1 U","8,50 €",CHELINO
Infantil,Pañales,Pañal Bebé Talla 4 de 9 a 15 Kg 34 U,"0,25 € / 1 U","8,50 €",CHELINO
Infantil,Pañales,Pañal Bebé Talla 5 de 13 a 18 Kg 30 U,"0,28 € / 1 U","8,50 €",CHELINO
Infantil,Pañales,Pañal Bebé Talla 6 de 17 a 28 kg 27 U,"0,31 € / 1 U","8,50 €",CHELINO
Infantil,Pañales,Pañal Bebé Seco Talla 5 De 11 kg a 16kg 54 U,"0,33 € / 1 U","17,95 €",DODOT
Infantil,Pañales,Pañal Bebé Seco T 3 De 6 a 10 KG 62 U,"0,29 € / 1 U","17,95 €",DODOT
Infantil,Pañales,Pañal Bebé Seco T 4 De 9 a 14 KG 58 U,"0,31 € / 1 U","17,95 €",DODOT
Infantil,Pañales,Pañal Sensitive Talla 2 De 4 a 8 Kg 58 U,"0,27 € / 1 U","15,59 €",DODOT
Infantil,Pañales,Pañal Extra Care Talla 2 de 4 a 6 Kilos 24 U,"0,33 € / 1 U","7,99 €",HUGGIES
Infantil,Pañales,Pañal Extra Care Talla 3 de 5 a 9 Kilos 40 U,"0,42 € / 1 U","16,99 €",HUGGIES
Infantil,Pañales,Pañal Extra Care Talla 4 de 8 a 14 Kilos 33 U,"0,51 € / 1 U","16,99 €",HUGGIES
Infantil,Pañales,Pañal Extra Care Talla 5 de 12 a 22 Kilos 28 U,"0,61 € / 1 U","16,99 €",HUGGIES
Infantil,Puericultura,Discos Absorbentes Lactancia 60 U,"0,10 € / 1 U","5,95 €",TIGEX
Infantil,Puericultura,Babero Desechable 10 U,"0,20 € / 1 U","1,95 €",PONETTE
Infantil,Puericultura,Roll On Arnica 1 U,"3,95 € / 1 U","3,95 €",TOPETO
Infantil,Puericultura,Limpia Biberones y Tetinas Eco 500 ml,"0,72 € / 100 ml","3,59 €",FROSCH
Infantil,Puericultura,Escobilla limpiabiberones con fibras dobles 1 U,"4,39 € / 1 U","4,39 €",TIGEX
Infantil,Puericultura,Dos tetinas látex cuello ancho 1 U,"3,25 € / 1 U","3,25 €",TIGEX
Infantil,Puericultura,Cuchara blanda silicona 1 U,"3,59 € / 1 U","3,59 €",TIGEX
Infantil,Puericultura,Aspirador nasal ergonómico 1 U,"4,89 € / 1 U","4,89 €",TIGEX
Infantil,Puericultura,Cepillo y peine 1 U,"4,29 € / 1 U","4,29 €",TIGEX
Infantil,Puericultura,Mis Amigos Marinos con chorro de agua 1 U,"5,89 € / 1 U","5,89 €",TIGEX
Infantil,Puericultura,Tijera Bebé 1 U,"2,50 € / 1 U","2,50 €",PONETTE
Infantil,Puericultura,Bol Ventosa Color 1 U,"6,75 € / 1 U","6,75 €",TIGEX
Infantil,Puericultura,Chupete Silicona 6-18 M Fisiológico Soft Touch 2 U,"2,23 € / 1 U","4,45 €",TIGEX
Infantil,Puericultura,Chupete Silicona 18-36M Fisiológico Soft Touch 2 U,"2,23 € / 1 U","4,45 €",TIGEX
Infantil,Puericultura,Taza Antifugas Asas 260 ml,"2,92 € / 100 ml","7,59 €",TIGEX
Infantil,Puericultura,Chupete Silicona 18-36M Fisiológico Soft Touch 2 U,"2,23 € / 1 U","4,45 €",TIGEX
Infantil,Puericultura,Chupete Silicona 6-18 M Fisiológico Soft Touch 2 U,"2,25 € / 1 U","4,49 €",TIGEX
Infantil,Puericultura,Chupete Látex 6-18 M Reversible 2 Día-1 Noche 2 U,"2,60 € / 1 U","5,19 €",TIGEX
Infantil,Puericultura,Chupete Látex 18-36 M Reversible 2 Día-1 Noche 3 U,"1,73 € / 1 U","5,19 €",TIGEX
Infantil,Puericultura,Babero Semirígido 6 Meses 1 U,"4,19 € / 1 U","4,19 €",TIGEX
Droguería y limpieza,Celulosa,Rollo Multiusos Tornado Azul 1 U,"3,99 € / 1 U","5,59 €
3,99 €",FOXY
Droguería y limpieza,Celulosa,Higiénico Triple Capa Seda 4 Rollos más 2 Gratis 6 U,"0,50 € / 1 U","3,89 €
2,99 €",FOXY
Droguería y limpieza,Celulosa,Servilletas 2 Capas Blanca 30x30 100 U,"0,02 € / 1 U","1,50 €
1,40 €",CONSUM
Droguería y limpieza,Celulosa,Servilleta 1 Capa Blanca 30x30 200unidad. 1 U,"0,01 € / 1 U","1,30 €
1,25 €",CONSUM
Droguería y limpieza,Celulosa,Papel Cocina Doble Capa Especi.Fritos Cartapaglia 2 U,"1,23 € / 1 U","2,89 €
2,45 €",FOXY
Droguería y limpieza,Celulosa,Pañuelos Faciales Dos Capas 200 U,"0,01 € / 1 U","1,30 €
1,20 €",CONSUM
Droguería y limpieza,Celulosa,Servilleta 2 Capas Happy Hour 50 U,"0,03 € / 1 U","1,79 €
1,45 €",FOXY
Droguería y limpieza,Celulosa,Higiénico Húmedo Sensitive 66 U,"0,04 € / 1 U","2,99 €
2,39 €",SCOTTEX
Droguería y limpieza,Celulosa,Higiénico Dermo Cuidado 6 U,"0,53 € / 1 U","3,99 €
3,15 €",SCOTTEX
Droguería y limpieza,Celulosa,Toallita Higiénica Bebé Biodegradable 60 U,"0,03 € / 1 U","1,59 €
1,39 €",BABY CREAM
Droguería y limpieza,Celulosa,Higiénico Doble Capa Original 12 U,"0,25 € / 1 U","3,99 €
2,99 €",SCOTTEX
Droguería y limpieza,Celulosa,Higiénico Húmedo Dermo Cuidado 66 U,"0,04 € / 1 U","2,99 €
2,39 €",SCOTTEX
Droguería y limpieza,Celulosa,Higiénico Bouquet Color 4 Rollos Más 2 Gratis 6 U,"0,65 € / 1 U","3,89 €",FOXY
Droguería y limpieza,Celulosa,Papel Cocina Compacto Mega3 2 Unid.Igual a 6 2 U,"1,88 € / 1 U","3,75 €",FOXY
Droguería y limpieza,Celulosa,Higiénico Mega3 4 U,"0,97 € / 1 U","3,89 €",FOXY
Droguería y limpieza,Celulosa,Higiénico Doble Capa 6 U,"0,32 € / 1 U","1,89 €",CONSUM
Droguería y limpieza,Celulosa,Rollo Multiusos 2 Capas 125 metros 1 U,"3,25 € / 1 U","3,25 €",CONSUM
Droguería y limpieza,Celulosa,Servilleta 1 Capa Decorada 33x33 100 U,"0,02 € / 1 U","1,69 €",CONSUM
Droguería y limpieza,Celulosa,Higiénico Doble Capa 12 U,"0,19 € / 1 U","2,25 €",CONSUM
Droguería y limpieza,Celulosa,Higiénico Triple Capa Perfumado 12 U,"0,47 € / 1 U","5,69 €",CONSUM
Droguería y limpieza,Celulosa,Papel Cocina Megarrollo 2 Unidades Igual a 8 2 U,"2,00 € / 1 U","3,99 €",CONSUM
Droguería y limpieza,Celulosa,Papel Cocina Compacto 3 Unidades Igual a 6 3 U,"0,93 € / 1 U","2,79 €",CONSUM
Droguería y limpieza,Celulosa,Papel Cocina Blanco 4 U,"0,60 € / 1 U","2,39 €",CONSUM
Droguería y limpieza,Celulosa,Higiénico Doble Capa Compacto 6 U,"0,38 € / 1 U","2,29 €",CONSUM
Droguería y limpieza,Celulosa,Higiénico Doble Capa Compacto 12 U,"0,37 € / 1 U","4,40 €",CONSUM
Droguería y limpieza,Celulosa,Servilletas 2 Capas Decoradas 33x32 100 U,"0,02 € / 1 U","2,15 €",CONSUM
Droguería y limpieza,Celulosa,Rollo Cocina Maxi Asso Ultra 3 Capas 2 U,"1,85 € / 1 U","3,69 €",FOXY
Droguería y limpieza,Celulosa,Papel Cocina Megarrollo 3 U,"1,00 € / 1 U","2,99 €",SCOTTEX
Droguería y limpieza,Celulosa,Servilleta 3 Capas Burdeos/Crema 40x40 50 U,"0,06 € / 1 U","2,79 €",CONSUM
Droguería y limpieza,Celulosa,Pañuelos Faciales 3 Capas Caja 70 U,"0,03 € / 1 U","1,89 €",SCOTTEX
Droguería y limpieza,Celulosa,Papel Cocina Decorado 3 Capas 3 U,"1,20 € / 1 U","3,59 €",CONSUM
Droguería y limpieza,Celulosa,Servilleta Cocktail 2 Capas 20x20 100 U,"0,01 € / 1 U","1,20 €",CONSUM
Droguería y limpieza,Celulosa,Servilleta 3 Capas Blanca 40x40 50 U,"0,06 € / 1 U","2,79 €",CONSUM
Droguería y limpieza,Celulosa,Rollo Multiusos Jumbo 1 U,"3,99 € / 1 U","3,99 €",SCOTTEX
Droguería y limpieza,Celulosa,Pañuelo Compacto Cuatro Capas 10 U,"0,12 € / 1 U","1,15 €",CONSUM
Droguería y limpieza,Celulosa,Pañuelos Faciales Cuatro Capas 80 U,"0,03 € / 1 U","2,35 €",CONSUM
Droguería y limpieza,Celulosa,Pañuelo Compacto Mentol Cuatro Capas 10 U,"0,18 € / 1 U","1,79 €",CONSUM
Droguería y limpieza,Celulosa,Pañuelo Compacto Aloe Cuatro Capas 10 U,"0,18 € / 1 U","1,79 €",CONSUM
Droguería y limpieza,Celulosa,Rollo Multiusos 3 Capas 70 Metros 1 U,"4,79 € / 1 U","4,79 €",CONSUM
Droguería y limpieza,Celulosa,Toallitas Infantiles 64 U,"0,03 € / 1 U","1,75 €",DODOT
Droguería y limpieza,Celulosa,Toallitas Infantiles Cremosas 24 U,"0,04 € / 1 U","0,85 €",CONSUM
Droguería y limpieza,Celulosa,Servilleta ECO Dos Capas 32x33 50 U,"0,03 € / 1 U","1,49 €",CONSUM ECO
Droguería y limpieza,Celulosa,Servilletas Trapuntati Dos Capas 50 U,"0,04 € / 1 U","1,99 €",FOXY
Droguería y limpieza,Celulosa,Toallitas Infantiles Cremosas 80 U,"0,02 € / 1 U","1,40 €",CONSUM
Droguería y limpieza,Celulosa,Papel Higiénico Húmedo 120 U,"0,02 € / 1 U","2,15 €",CONSUM KIDS
Droguería y limpieza,Celulosa,Toallitas Infantiles Áloe 80 U,"0,01 € / 1 U","1,15 €",CONSUM KIDS
Droguería y limpieza,Celulosa,Toallitas Infantiles Pieles Atópicas 60 U,"0,03 € / 1 U","1,70 €",CONSUM KIDS
Droguería y limpieza,Celulosa,Higiénico Húmedo Compacto 100 U,"0,02 € / 1 U","1,55 €",CONSUM
Droguería y limpieza,Celulosa,Higiénico Húmedo Compacto 15 U,"0,05 € / 1 U","0,80 €",CONSUM
Droguería y limpieza,Celulosa,Higiénico Acolchado Tres Capas 6 U,"0,65 € / 1 U","3,89 €",CONSUM
Droguería y limpieza,Celulosa,Servilleta Textura Tela Decorada 39x40 30 U,"0,15 € / 1 U","4,40 €",CONSUM
Droguería y limpieza,Celulosa,Toallitas Humedas Bebe Ecológicas 60 U,"0,04 € / 1 U","2,39 €",SALUSTAR
Droguería y limpieza,Celulosa,Papel Higiénico Húmedo 12 U,"0,15 € / 1 U","1,85 €",SALUSTAR
Droguería y limpieza,Celulosa,Pañuelo Reciclado 4 Capas Green 10 U,"0,19 € / 1 U","1,89 €",CLEAN PAPER
Droguería y limpieza,Celulosa,Pañuelos Faciales Pequeños Espacios 55 U,"0,03 € / 1 U","1,49 €",CONSUM
Droguería y limpieza,Celulosa,Rollo Cocina Eco 2=6 2 U,"1,55 € / 1 U","3,09 €",CONSUM
Droguería y limpieza,Celulosa,Toallitas Kids Frescura y Limpieza 80 U,"0,01 € / 1 U","1,05 €",CONSUM KIDS
Droguería y limpieza,Celulosa,Higiénico Resistente Cuatro Capas 8 U,"0,44 € / 1 U","3,50 €",CONSUM
Droguería y limpieza,Celulosa,Toallitas Infantiles Aloe 24 U,"0,03 € / 1 U","0,75 €",CONSUM KIDS
Droguería y limpieza,Celulosa,Pañuelo Facial Collection 48 U,"0,05 € / 1 U","2,19 €",KLEENEX
Droguería y limpieza,Celulosa,Pañuelos de Bolsillo 12 U,"0,18 € / 1 U","2,19 €",SCOTTEX
Droguería y limpieza,Celulosa,Toallitas Fresh 24 U,"0,04 € / 1 U","1,05 €",KYREY
Droguería y limpieza,Celulosa,Rollo Cocina Compact 3 U,"1,23 € / 1 U","3,69 €",FOXY
Droguería y limpieza,Celulosa,Higiénico Húmedo Fresh 74 U,"0,04 € / 1 U","2,99 €",SCOTTEX
Droguería y limpieza,Celulosa,Higiénico Megarollo 6 Rollos 6 U,"0,67 € / 1 U","3,99 €",SCOTTEX
Droguería y limpieza,Celulosa,Toallitas Húmedas Refrescantes 20 U,"0,06 € / 1 U","1,19 €",SALUSTAR
Droguería y limpieza,Celulosa,Pañuelos De Bolsillo Alivia 10 U,"0,19 € / 1 U","1,89 €",FOXY
Droguería y limpieza,Celulosa,Higiénico Acolchado 8 U,"0,56 € / 1 U","4,49 €",SCOTTEX
Droguería y limpieza,Celulosa,Toallita Limpieza y Fresc Pack 3 Unidades 3 x 80 U,"0,01 € / 1 U","3,00 €",CONSUM KIDS
Droguería y limpieza,Celulosa,Pañuelo Bolsillo Original 15 U,"0,17 € / 1 U","2,49 €",KLEENEX
Droguería y limpieza,Celulosa,Toallitas Pure Aqua Cuidado Total 48 U,"0,07 € / 1 U","3,49 €",DODOT
Droguería y limpieza,Cuidado ropa,Suavizante Concentrado Azul 59 Lavados,"0,05 € / 1 Lv","3,55 €
2,85 €",FLOR
Droguería y limpieza,Cuidado ropa,Quitamanchas En Polvo Oxi Advance 400 Gr,"14,73 € / 1 Kg","7,49 €
5,89 €",VANISH
Droguería y limpieza,Cuidado ropa,Potenciador del Lavado Oxi Advance 400 Gr,"14,73 € / 1 Kg","7,49 €
5,89 €",VANISH
Droguería y limpieza,Cuidado ropa,Detergente Líquido Frescor 52 Lv,"0,07 € / 1 Lv","3,95 €
3,70 €",CONSUM
Droguería y limpieza,Cuidado ropa,"Quitamanchas Pistola Oxi Action 0,75 L","5,99 € / 1 L","4,49 €",VANISH
Droguería y limpieza,Cuidado ropa,Detergente Líquido Marsella 52 Lv,"0,07 € / 1 Lv","3,95 €
3,70 €",CONSUM
Droguería y limpieza,Cuidado ropa,Detergente Líquido Gel Activo 45 Lv,"0,22 € / 1 Lv","12,99 €
9,79 €",COLON
Droguería y limpieza,Cuidado ropa,Potenciador del Lavado En Gel 750 ml,"9,99 € / 1 L","7,49 €",VANISH
Droguería y limpieza,Cuidado ropa,Suavizante Twist Frutos Rojos 59 Lv,"0,05 € / 1 Lv","3,55 €
2,85 €",FLOR
Droguería y limpieza,Cuidado ropa,Detergente Cápsulas Power 33 Lv,"0,30 € / 1 Lv","12,49 €
9,99 €",WIPP
Droguería y limpieza,Cuidado ropa,Suavizante Delicado Pieles Sensibles 70 Lv,"0,04 € / 1 Lv","3,60 €
2,79 €",VERNEL
Droguería y limpieza,Cuidado ropa,Suavizante Frescor Marino 70 Lv,"0,04 € / 1 Lv","3,60 €
2,79 €",VERNEL
Droguería y limpieza,Cuidado ropa,Suavizante Concentrado Azul 70 Lv,"0,04 € / 1 Lv","3,60 €
2,79 €",VERNEL
Droguería y limpieza,Cuidado ropa,Suavizante Aromaterapia Lirio 70 Lv,"0,04 € / 1 Lv","3,60 €
2,79 €",VERNEL
Droguería y limpieza,Cuidado ropa,Detergente Líquido 35 Lv,"0,28 € / 1 Lv","11,59 €
9,99 €",WIPP
Droguería y limpieza,Cuidado ropa,Detergente Líquido Higiene&Antiolores 35 Lv,"0,28 € / 1 Lv","11,59 €
9,99 €",WIPP
Droguería y limpieza,Cuidado ropa,Detergente en Cápsulas Adiós al Separar 12 Lv,"0,25 € / 1 Lv","3,99 €
2,99 €",DIXAN
Droguería y limpieza,Cuidado ropa,Potenciador del Lavado Oxi Advance Gel White 750 ml,"9,99 € / 1 L","7,49 €",VANISH
Droguería y limpieza,Cuidado ropa,Detergente Líquido 30 Lv,"0,17 € / 1 Lv","7,15 €
4,99 €",DIXAN
Droguería y limpieza,Cuidado ropa,Detergente Líquido Aromaterapia 30 Lv,"0,17 € / 1 Lv","7,19 €
4,99 €",DIXAN
Droguería y limpieza,Cuidado ropa,Suavizante Frescor Floral 56 Lv,"0,04 € / 1 Lv","3,25 €
1,99 €",MIMOSIN
Droguería y limpieza,Cuidado ropa,Suavizante Azul Vital 56 Lv,"0,04 € / 1 Lv","3,25 €
1,99 €",MIMOSIN
Droguería y limpieza,Cuidado ropa,Suavizante Caricias 56 Lv,"0,04 € / 1 Lv","3,25 €
1,99 €",MIMOSIN
Droguería y limpieza,Cuidado ropa,Detergente Líquido Prendas Delicadas 25 Lv,"0,13 € / 1 Lv","3,15 €",PERLAN
Droguería y limpieza,Cuidado ropa,Antical Pastillas 15 U,"0,60 € / 1 U","8,99 €",CALGON
Droguería y limpieza,Cuidado ropa,Limpión Lavadoras 1 Kg,"1,99 € / 1 Kg","1,99 €",OCHOSA/ASEVI
Droguería y limpieza,Cuidado ropa,Agua de Plancha 1 L,"0,65 € / 1 L","0,65 €",CONSUM
Droguería y limpieza,Cuidado ropa,Toldo Salvalluvias 1 U,"1,99 € / 1 U","1,99 €",COLEBOLSA
Droguería y limpieza,Cuidado ropa,"Antical Gel 0,75 L","11,99 € / 1 L","8,99 €",CALGON
Droguería y limpieza,Cuidado ropa,Toallitas Lavadora Antitransferente 20 U,"0,09 € / 1 U","1,85 €",CONSUM
Droguería y limpieza,Cuidado ropa,"Detergente Concentrado 0,15 Kg","13,67 € / 1 Kg","2,05 €",VIKER
Droguería y limpieza,Cuidado ropa,Sinmanchas Coloreadas Spray 750 ml,"6,47 € / 1 L","4,85 €",KH-7
Droguería y limpieza,Cuidado ropa,Blanqueador Blanco Nuclear 6 U,"0,50 € / 1 U","2,99 €",IBERIA
Droguería y limpieza,Cuidado ropa,"Limpia Lavadoras . 0,25 L","21,80 € / 1 L","5,45 €",COLON
Droguería y limpieza,Cuidado ropa,Suavizante Concentrado Azul 78 Lv,"0,06 € / 1 Lv","4,89 €",FLOR
Droguería y limpieza,Cuidado ropa,"Detergente en Polvo Lavado Mano 0,47 Kg","6,79 € / 1 Kg","3,19 €",WIPP
Droguería y limpieza,Cuidado ropa,"Almidón Spray 0,5 L","9,78 € / 1 L","4,89 €",TOKE
Droguería y limpieza,Cuidado ropa,Quitamanchas en Seco Spray 200 ml,"18,95 € / 1 L","3,79 €",CEBRALIN
Droguería y limpieza,Cuidado ropa,"Aditivo Transpirex Spray Quitamanchas Prelavado 0,6 L","9,98 € / 1 L","5,99 €",NEUTREX
Droguería y limpieza,Cuidado ropa,Bolsa Ropa Lavadora 40x50 cm 1 U,"1,89 € / 1 U","1,89 €",D´EMILIA
Droguería y limpieza,Cuidado ropa,Detergente Concentrado Ropa Blanca y Color 25 Lv,"0,12 € / 1 Lv","3,09 €",CONSUM
Droguería y limpieza,Cuidado ropa,Desinfectante Textil Sin Lejía 500 ml,"5,90 € / 1 L","2,95 €",SANYTOL
Droguería y limpieza,Cuidado ropa,Suavizante Concentrado Aroma Nenuco 72 Lv,"0,06 € / 1 Lv","4,89 €",FLOR
Droguería y limpieza,Cuidado ropa,Tinte Negro 40ºC 2 Sobres 2 U,"1,50 € / 1 U","2,99 €",IBERIA
Droguería y limpieza,Cuidado ropa,Tinte Azul Marino 40ºC 2 Sobres 2 U,"1,50 € / 1 U","2,99 €",IBERIA
Droguería y limpieza,Cuidado ropa,"Aditivo Líquido Cortinas Luminosas 0,15 L","1,75 € / 1 U","1,75 €",IBERIA
Droguería y limpieza,Cuidado ropa,Quitamanchas Desteñidos 4 U,"1,00 € / 1 U","3,99 €",IBERIA
Droguería y limpieza,Cuidado ropa,Detergente Líquido P.Delicadas Máquina 37 Lv,"0,11 € / 1 Lv","3,99 €",NORIT
Droguería y limpieza,Cuidado ropa,Detergente Líquido Prendas Delicadas Mano 45 Lv,"0,09 € / 1 Lv","3,99 €",NORIT
Droguería y limpieza,Cuidado ropa,Detergente Cápsulas Eco 20 Lv,"0,25 € / 1 Lv","4,99 €",CONSUM ECO
Droguería y limpieza,Cuidado ropa,Detergente Líquido Max 50 Lv,"0,13 € / 1 Lv","6,29 €",ASEVI
Droguería y limpieza,Cuidado ropa,Protector del Color 15 Unidades 15 U,"0,23 € / 1 U","3,49 €",IBERIA
Droguería y limpieza,Cuidado ropa,Detergente Polvo Marsella 36 Lv,"0,12 € / 1 Lv","4,39 €",CONSUM
Droguería y limpieza,Cuidado ropa,Detergente Polvo 36 Lv,"0,14 € / 1 Lv","4,99 €",CONSUM
Droguería y limpieza,Cuidado ropa,Perlas Unstoppables Perfume Fresh 210 Gr,"33,29 € / 1 Kg","6,99 €",LENOR
Droguería y limpieza,Cuidado ropa,Detergente Polvo 12 Lv,"0,20 € / 1 Lv","2,39 €",CONSUM
Droguería y limpieza,Cuidado ropa,Jabón Pastilla 3 U,"0,98 € / 1 U","2,95 €",LAGARTO
Droguería y limpieza,Cuidado ropa,Quitamanchas Oxi Action White 450 Gr,"14,20 € / 1 Kg","6,39 €",VANISH
Droguería y limpieza,Cuidado ropa,Quitamanchas Oxi Action Pink 450 Gr,"14,20 € / 1 Kg","6,39 €",VANISH
Droguería y limpieza,Cuidado ropa,Desinfectante Textil 1 L,"3,29 € / 1 L","3,29 €",SANICENTRO
Droguería y limpieza,Cuidado ropa,Suavizante Concentrado Brisa de Santorini 60 Lv,"0,04 € / 1 Lv","2,39 €",CONSUM
Droguería y limpieza,Cuidado ropa,Suavizante Concentrado Aire de Ceilán 60 Lv,"0,04 € / 1 Lv","2,39 €",CONSUM
Droguería y limpieza,Cuidado ropa,Suavizante Concentrado Sol de Antioquia 60 Lv,"0,04 € / 1 Lv","2,39 €",CONSUM
Droguería y limpieza,Cuidado ropa,Suavizante Hipoalergénico 60 Lv,"0,03 € / 1 Lv","1,99 €",CONSUM
Droguería y limpieza,Cuidado ropa,Suavizante Plancha Fácil 60 Lv,"0,03 € / 1 Lv","1,99 €",CONSUM
Droguería y limpieza,Cuidado ropa,Suavizante Orgánico Lavanda 45 Lv,"0,12 € / 1 Lv","5,39 €",BOTANICAL
Droguería y limpieza,Cuidado ropa,Suavizante Frescor 80 Lv,"0,02 € / 1 Lv","1,85 €",CONSUM
Droguería y limpieza,Cuidado ropa,Suavizante Rosa Mosqueta 80 Lv,"0,02 € / 1 Lv","1,85 €",CONSUM
Droguería y limpieza,Cuidado ropa,Suavizante Relax 80 Lv,"0,02 € / 1 Lv","1,85 €",CONSUM
Droguería y limpieza,Cuidado ropa,Perlas Classic frescor de Abril,"23,76 € / 1 Kg","4,99 €",LENOR
Droguería y limpieza,Cuidado ropa,Aditivo Textil 720 ml,"3,32 € / 1 L","2,39 €",ASEVI
Droguería y limpieza,Cuidado ropa,Suavizante Talco 80 Lv,"0,02 € / 1 Lv","1,85 €",CONSUM
Droguería y limpieza,Cuidado ropa,"Detergente Líquido Eco 1,5 L","0,13 € / 1 Lv","5,59 €",CONSUM ECO
Droguería y limpieza,Cuidado ropa,Perfumador Líquido Ropa Blue 36 Lv,"0,11 € / 1 Lv","3,95 €",ASEVI
Droguería y limpieza,Cuidado ropa,Detergente Líquido Mano 1 L,"0,07 € / 1 Lv","2,19 €",CONSUM
Droguería y limpieza,Cuidado ropa,Detergente Líquido Color 52 Lv,"0,09 € / 1 Lv","4,75 €",CONSUM
Droguería y limpieza,Cuidado ropa,Detergente Liquido Higyenic Max 47 Lv,"0,14 € / 1 Lv","6,79 €",ASEVI
Droguería y limpieza,Cuidado ropa,Detergente Líquido Prendas Oscuras 30 Lv,"0,14 € / 1 Lv","4,20 €",CONSUM
Droguería y limpieza,Cuidado ropa,Detergente Líquido Marsella Rellenable 40 Lv,"0,07 € / 1 Lv","2,99 €",CONSUM
Droguería y limpieza,Cuidado ropa,Detergente Líquido Frescor Rellenable 40 Lv,"0,07 € / 1 Lv","2,99 €",CONSUM
Droguería y limpieza,Cuidado ropa,Detergente Líquido Orgánico Gel Lavanda 35 Lv,"0,37 € / 1 Lv","12,95 €",BOTANICAL
Droguería y limpieza,Cuidado ropa,Detergente Líquido Prendas Delicadas 50 Lv,"0,05 € / 1 Lv","2,50 €",CONSUM
Droguería y limpieza,Cuidado ropa,Detergente Líquido Gel Vanish Advanced 31 Lv,"0,30 € / 1 Lv","9,29 €",COLON
Droguería y limpieza,Cuidado ropa,Quitamanchas en Polvo Oxi Advance 800 Gr,"16,86 € / 1 Kg","13,49 €",VANISH
Droguería y limpieza,Cuidado ropa,Detergente Líquido Gel Aroma Nenuco 45 Lv,"0,18 € / 1 Lv","7,99 €",COLON
Droguería y limpieza,Cuidado ropa,"Limpia Lavadoras 0,25 L","7,80 € / 1 L","1,95 €",CONSUM
Droguería y limpieza,Cuidado ropa,"Quitamanchas Ropa Blanca 0,9 Kg","3,10 € / 1 Kg","2,79 €",CONSUM
Droguería y limpieza,Cuidado ropa,"Quitamanchas Ropa Color 0,9 Kg","3,10 € / 1 Kg","2,79 €",CONSUM
Droguería y limpieza,Cuidado ropa,Potenciador del Lavado en Polvo 800 Gr,"16,86 € / 1 Kg","13,49 €",VANISH
Droguería y limpieza,Cuidado ropa,Detergente Líquido 55 Lv,"0,21 € / 1 Lv","11,50 €",DIXAN
Droguería y limpieza,Cuidado ropa,Pinza Plástico 24 Unidades 1 U,"0,69 € / 1 U","0,69 €",TARRES
Droguería y limpieza,Cuidado ropa,Detergente Líquido Sensitive 83 Lv,"0,07 € / 1 Lv","6,19 €",A.LAVANDERA
Droguería y limpieza,Cuidado ropa,"Spray Plancha Fácil 0,75 L","2,60 € / 1 L","1,95 €",CONSUM
Droguería y limpieza,Cuidado ropa,Suavizante Concentrado Frutos Rojos Twist 78 Lv,"0,06 € / 1 Lv","4,89 €",FLOR
Droguería y limpieza,Cuidado ropa,Suavizante Concentrado Melocotón Twist 78 Lv,"0,06 € / 1 Lv","4,89 €",FLOR
Droguería y limpieza,Cuidado ropa,Detergente Gel Black 21 Lv,"0,30 € / 1 Lv","6,25 €",MICOLOR
Droguería y limpieza,Cuidado ropa,Quitamanchas Ropa Blanca 2 L,"0,88 € / 1 L","1,75 €",CONSUM
Droguería y limpieza,Cuidado ropa,Quitamanchas Ropa Color 2 L,"0,88 € / 1 L","1,75 €",CONSUM
Droguería y limpieza,Cuidado ropa,Detergente Líquido Rosa Mosqueta 75 Lv,"0,07 € / 1 Lv","5,59 €",CONSUM
Droguería y limpieza,Cuidado ropa,Detergente Líquido Lavanda 75 Lv,"0,07 € / 1 Lv","5,59 €",CONSUM
Droguería y limpieza,Cuidado ropa,Perfumador Pink Botella 36 Lavados 36 Lv,"0,11 € / 1 Lv","3,95 €",ASEVI
Droguería y limpieza,Cuidado ropa,Detergente Cápsulas Ultimate 16 Lv,"0,45 € / 1 Lv","7,19 €",SKIP
Droguería y limpieza,Cuidado ropa,Detergente Cápsulas Floral 33 Lv,"0,38 € / 1 Lv","12,49 €",WIPP
Droguería y limpieza,Cuidado ropa,"Quitamanchas Gel Oxy Blanco Puro 0,95 L","3,47 € / 1 L","3,30 €",NEUTREX
Droguería y limpieza,Cuidado ropa,"Quitamanchas Gel Oxy Color 0,95 L","3,47 € / 1 L","3,30 €",NEUTREX
Droguería y limpieza,Cuidado ropa,Quitamanchas en Spray 720 ml,"2,78 € / 1 L","2,00 €",CONSUM
Droguería y limpieza,Cuidado ropa,Gel Antical Botella 750 ml,"3,13 € / 1 L","2,35 €",CONSUM
Droguería y limpieza,Cuidado ropa,Blanqueador Percarbonato 700 Gr,"2,36 € / 1 Kg","1,65 €",LINA
Droguería y limpieza,Cuidado ropa,Suavizante Coco Líquido 95 Lv,"0,05 € / 1 Lv","4,69 €",VERNEL
Droguería y limpieza,Cuidado ropa,Suavizante Azul Líquido 95 Lv,"0,05 € / 1 Lv","4,69 €",VERNEL
Droguería y limpieza,Cuidado ropa,Suavizante Líquido Aroma Magnolia 95 Lv,"0,05 € / 1 Lv","4,69 €",VERNEL
Droguería y limpieza,Cuidado ropa,Suavizante Fresh Azul Líquido 88 Lv,"0,05 € / 1 Lv","4,69 €",VERNEL
Droguería y limpieza,Cuidado ropa,Suavizante Maldivas Líquido 95 Lv,"0,05 € / 1 Lv","4,69 €",VERNEL
Droguería y limpieza,Cuidado ropa,Suavizante Selva Líquido 95 Lv,"0,05 € / 1 Lv","4,69 €",VERNEL
Droguería y limpieza,Cuidado ropa,Suavizante Fresh Azul Líquido 64 Lv,"0,06 € / 1 Lv","3,60 €",VERNEL
Droguería y limpieza,Cuidado ropa,Suavizante Concentrado Original 63 Lv,"0,05 € / 1 Lv","2,95 €",FLOR
Droguería y limpieza,Cuidado ropa,Perlas Sensitive Frescor de Algodón 210 Gr,"23,76 € / 1 Kg","4,99 €",LENOR
Droguería y limpieza,Cuidado ropa,Detergente a Mano en Polvo 650 Gr,"1,77 € / 1 Kg","1,15 €",LINA
Droguería y limpieza,Cuidado ropa,Detergente Cápsulas Quitamanchas 12 Lv,"0,58 € / 1 Lv","6,99 €",ARIEL
Droguería y limpieza,Cuidado ropa,Detergente Polvo Original 30 Lv,"0,37 € / 1 Lv","10,99 €",ARIEL
Droguería y limpieza,Cuidado ropa,Detergente Líquido Oxi 24 Lv,"0,50 € / 1 Lv","11,89 €",ARIEL
Droguería y limpieza,Cuidado ropa,Perfumador Ropa Líquido Rosa 36 Lv,"0,14 € / 1 Lv","4,99 €",FLOR
Droguería y limpieza,Cuidado ropa,Detergente Cápsulas Power 20 Lv,"0,40 € / 1 Lv","7,99 €",WIPP
Droguería y limpieza,Cuidado ropa,Detergente en Polvo 43 Lv,"0,28 € / 1 Lv","11,99 €",DIXAN
Droguería y limpieza,Cuidado ropa,Detergente Lavadora en Pastillas 6 Lv,"0,19 € / 1 Lv","1,15 €",LINA
Droguería y limpieza,Cuidado ropa,Suavizante Líquido Azul 50 Lv,"0,13 € / 1 Lv","6,49 €",FLOR
Droguería y limpieza,Cuidado ropa,Detergente Líquido Adiós al Separar 30 Lv,"0,23 € / 1 Lv","6,90 €",MICOLOR
Droguería y limpieza,Cuidado ropa,Detergente Líquido 30 Lv,"0,28 € / 1 Lv","8,45 €",MICOLOR
Droguería y limpieza,Cuidado ropa,Perfumador Ropa Líquido Azul 36 Lv,"0,14 € / 1 Lv","4,99 €",FLOR
Droguería y limpieza,Cuidado ropa,Detergente Líquido Complet 35 Lv,"0,26 € / 1 Lv","8,95 €",NORIT
Droguería y limpieza,Cuidado ropa,Detergente Líquido Limpio & Liso 35 Lv,"0,33 € / 1 Lv","11,59 €",WIPP
Droguería y limpieza,Cuidado ropa,Detergente En Polvo 12 Lv,"0,35 € / 1 Lv","4,15 €",DIXAN
Droguería y limpieza,Cuidado ropa,Detergente Líquido 72 Lv,"0,20 € / 1 Lv","14,29 €",DIXAN
Droguería y limpieza,Cuidado ropa,Detergente Líquido Adiós Al Separar 40 Lv,"0,21 € / 1 Lv","8,59 €",DIXAN
Droguería y limpieza,Cuidado ropa,Detergente Cápsulas Trio Caps 24 Lv,"0,33 € / 1 Lv","7,99 €",DIXAN
Droguería y limpieza,Cuidado ropa,Detergente Cápsulas Power Antiolores 33 Lv,"0,38 € / 1 Lv","12,49 €",WIPP
Droguería y limpieza,Cuidado ropa,Jabón en Pasta 400 Gr,"8,73 € / 1 Kg","3,49 €",LAGARTO
Droguería y limpieza,Cuidado ropa,Detergente Líquido Marsella 45 Lv,"0,22 € / 1 Lv","9,99 €",OMINO BIANCO
Droguería y limpieza,Cuidado ropa,Detergente Liquido Ultimate Mimosin 33 Lv,"0,33 € / 1 Lv","10,95 €",SKIP
Droguería y limpieza,Cuidado ropa,Detergente Cápsulas Active 24 Lv,"0,21 € / 1 Lv","4,99 €",CONSUM
Droguería y limpieza,Cuidado ropa,Detergente Cápsulas Essence 24 Lv,"0,21 € / 1 Lv","4,99 €",CONSUM
Droguería y limpieza,Cuidado ropa,Detergente Líquido Limpieza Profun.35mas18 53 Lv,"0,19 € / 1 Lv","9,99 €",SKIP
Droguería y limpieza,Cuidado ropa,Escamas de Jabón Natural 400 Gr,"7,25 € / 1 Kg","2,90 €",LAGARTO
Droguería y limpieza,Cuidado ropa,Detergente Líquido Básico 32 Lv,"0,24 € / 1 Lv","7,75 €",ARIEL
Droguería y limpieza,Cuidado ropa,Eliminador de Olores Ropa y Textil 500 ml,"0,34 € / 100 ml","1,70 €",MPL
Droguería y limpieza,Cuidado ropa,Perfumador Líquido Ropa Jazmín Sándalo y Vainilla 36 Lv,"0,09 € / 1 Lv","3,15 €",CONSUM
Droguería y limpieza,Cuidado ropa,Detergente Líquido Original 29 Lv,"0,36 € / 1 Lv","10,49 €",ARIEL
Droguería y limpieza,Cuidado ropa,Detergente Cápsulas Color 24 Lv,"0,22 € / 1 Lv","5,19 €",CONSUM
Droguería y limpieza,Cuidado ropa,Suavizante Origins Rosas Silvestres 50 Lv,"0,07 € / 1 Lv","3,25 €",MIMOSIN
Droguería y limpieza,Cuidado ropa,Suavizante Origins Bergamota Salvaje 50 Lv,"0,07 € / 1 Lv","3,25 €",MIMOSIN
Droguería y limpieza,Cuidado ropa,Quitamanchas Recambio 780 ml,"5,58 € / 1 L","4,35 €",KH-7
Droguería y limpieza,Cuidado ropa,Quitamanchas Spray 780 ml,"6,22 € / 1 L","4,85 €",KH-7
Droguería y limpieza,Cuidado ropa,Detergente Cápsulas Original 25 Lv,"0,52 € / 1 Lv","12,99 €",ARIEL
Droguería y limpieza,Cuidado ropa,Detergente en Polvo 30 Lv,"0,36 € / 1 Lv","10,85 €",WIPP
Droguería y limpieza,Cuidado ropa,Antical Lavadoras 18 U,"0,09 € / 1 U","1,69 €",CONSUM
Droguería y limpieza,Limpieza hogar,Colgador WC Poder Activo Natura 1 U,"1,49 € / 1 U","1,85 €
1,49 €",BREF
Droguería y limpieza,Limpieza hogar,Lejía Lavadora Protección 2 L,"1,28 € / 1 L","2,55 €",ACE
Droguería y limpieza,Limpieza hogar,"Limpiador Paellas y Calderos 0,5 L","3,98 € / 1 L","1,99 €",ASEVI
Droguería y limpieza,Limpieza hogar,Antical Eco Frosch 1L Limpiahogar 1 L,"2,89 € / 1 L","2,89 €",FROSCH
Droguería y limpieza,Limpieza hogar,"Limpiador Multiusos Oxi Activo 1,25 L","3,63 € / 1 L","3,99 €",ESTRELLA
Droguería y limpieza,Limpieza hogar,Limpia Tuberias Líquido 1 L,"6,99 € / 1 L","6,99 €",WC NET
Droguería y limpieza,Limpieza hogar,Limpiador Desinfectante Para Baños 750 ml,"4,33 € / 1 L","3,25 €",SANYTOL
Droguería y limpieza,Limpieza hogar,Colgador WC Dúo Poder Activo Limón 2 U,"1,33 € / 1 U","3,25 €
2,65 €",BREF
Droguería y limpieza,Limpieza hogar,Colgador WC Dúo Poder Activo Natura 2 U,"1,25 € / 1 U","3,00 €
2,50 €",BREF
Droguería y limpieza,Limpieza hogar,Limpiador Vitrocerámica Crema Naranja 500 ml,"8,58 € / 1 L","4,29 €",FROSCH
Droguería y limpieza,Limpieza hogar,Colgador WC Armonía 1 U,"1,79 € / 1 U","2,15 €
1,79 €",BREF
Droguería y limpieza,Limpieza hogar,Limpiador Cocina Quitagrasas Pistola 750 ml,"3,80 € / 1 L","2,85 €",ASEVI
Droguería y limpieza,Limpieza hogar,Lejía Multiusos Floral 2 L,"1,35 € / 1 L","2,69 €",CONEJO
Droguería y limpieza,Limpieza hogar,Lejía Multiusos 2 L,"1,35 € / 1 L","2,69 €",CONEJO
Droguería y limpieza,Limpieza hogar,Cera Suelos 1 L,"2,19 € / 1 L","2,19 €",ASEVI
Droguería y limpieza,Limpieza hogar,"Limpiahogar Antical 0,5 L","5,98 € / 1 L","2,99 €",VIAKAL
Droguería y limpieza,Limpieza hogar,"Friegasuelos Pino 1,5 L","0,63 € / 1 L","0,95 €",CONSUM
Droguería y limpieza,Limpieza hogar,"Limpiahogar Bialcohol 1,3 L","2,84 € / 1 L","3,69 €",TENN
Droguería y limpieza,Limpieza hogar,"Limpiador Baño 1,3 L","2,84 € / 1 L","3,69 €",TENN
Droguería y limpieza,Limpieza hogar,Limpiador Concentrado de Vinagre 1 L,"0,90 € / 1 L","0,90 €",JOSMI
Droguería y limpieza,Limpieza hogar,Limpiador Desinfectante Multiusos 750 ml,"3,99 € / 1 L","2,99 €",SANYTOL
Droguería y limpieza,Limpieza hogar,Salfumant 1 L,"1,00 € / 1 L","1,00 €",JOSMI
Droguería y limpieza,Limpieza hogar,Limpiador Gel WC Oceanico 1 L,"1,15 € / 1 L","1,15 €",CONSUM
Droguería y limpieza,Limpieza hogar,Desatascador 2EN1 1 L,"1,85 € / 1 L","1,85 €",CONSUM
Droguería y limpieza,Limpieza hogar,"Limpiador Suelos y Superficies 1,2 L","2,66 € / 1 L","3,19 €",SANYTOL
Droguería y limpieza,Limpieza hogar,"Limpiahogar Limpieza y Cuidado 1,3 L","3,07 € / 1 L","3,99 €",DON LIMPIO
Droguería y limpieza,Limpieza hogar,"Limpiador WC Líquido Frescor 0,75 L","4,25 € / 1 L","3,19 €",PATO
Droguería y limpieza,Limpieza hogar,"Limpiacristales Cristalino Pistola 0,75 L","3,53 € / 1 L","2,65 €",CRISTASOL
Droguería y limpieza,Limpieza hogar,"Multiusos Espuma 0,5 L","8,20 € / 1 L","4,10 €",TENN
Droguería y limpieza,Limpieza hogar,"Limpiahogar Aloe Vera 1,3 L","2,84 € / 1 L","3,69 €",TENN
Droguería y limpieza,Limpieza hogar,Desatascador Tuberias Bloqueadas 1 L,"6,99 € / 1 L","6,99 €",WC NET
Droguería y limpieza,Limpieza hogar,Limpiador Gel WC Pino 1 L,"1,15 € / 1 L","1,15 €",CONSUM
Droguería y limpieza,Limpieza hogar,Colgador WC Líquido Oceánico 3 U,"0,63 € / 1 U","1,89 €",CONSUM
Droguería y limpieza,Limpieza hogar,"Limpiacristales 1,25 L","1,99 € / 1 L","2,49 €",CRISTASOL
Droguería y limpieza,Limpieza hogar,"Limpiador Multiusos PH Neutro Pistola 0,75 L","3,40 € / 1 L","2,55 €",LAS 3 BRUJAS
Droguería y limpieza,Limpieza hogar,"Limpia Metales 0,08 Kg","47,50 € / 1 Kg","3,80 €",ALADDIN
Droguería y limpieza,Limpieza hogar,"Limpiamuebles Aloe Vera Pistola 0,5 L","10,70 € / 1 L","5,35 €",PRONTO
Droguería y limpieza,Limpieza hogar,Limpia Tuberías Biológico 1 L,"3,80 € / 1 L","3,80 €",CONSUM
Droguería y limpieza,Limpieza hogar,Toallitas Multiusos 30 U,"0,08 € / 1 U","2,25 €",SANYTOL
Droguería y limpieza,Limpieza hogar,Salfumant 5 L,"0,70 € / 1 L","3,50 €",JOSMI
Droguería y limpieza,Limpieza hogar,"Limpiador WC Líquido Oceano 0,75 L","4,25 € / 1 L","3,19 €",PATO
Droguería y limpieza,Limpieza hogar,Friegasuelos Floral 1 L,"1,70 € / 1 L","1,70 €",CONSUM
Droguería y limpieza,Limpieza hogar,Limpiacristales 750 ml,"3,45 € / 1 L","2,59 €",LUMINIA
Droguería y limpieza,Limpieza hogar,Desatascador Baño Líquido 1 L,"7,99 € / 1 L","7,99 €",FORZA
Droguería y limpieza,Limpieza hogar,"Limpiador Multiusos 0,75 L","4,87 € / 1 L","3,65 €",GLASSEX
Droguería y limpieza,Limpieza hogar,"Limpiamuebles Jabonoso Madera 0,75 L","7,13 € / 1 L","5,35 €",PRONTO
Droguería y limpieza,Limpieza hogar,"Friegasuelos Limón 1,5 L","0,63 € / 1 L","0,95 €",CONSUM
Droguería y limpieza,Limpieza hogar,"Limpiador Brillante Maderas 1,25 L","3,35 € / 1 L","4,19 €",TENN
Droguería y limpieza,Limpieza hogar,Limpiahogar Oxígeno Activo 1 L,"1,35 € / 1 L","1,35 €",CONSUM
Droguería y limpieza,Limpieza hogar,Colgador WC Líquido Pino 3 U,"0,63 € / 1 U","1,89 €",CONSUM
Droguería y limpieza,Limpieza hogar,Friegasuelos Frutal 1 L,"1,70 € / 1 L","1,70 €",CONSUM
Droguería y limpieza,Limpieza hogar,Cera Suelos Incolora 750 ml,"5,32 € / 1 L","3,99 €",ALEX
Droguería y limpieza,Limpieza hogar,Limpiador Desincrustante 800 ml,"4,56 € / 1 L","3,65 €",WC NET
Droguería y limpieza,Limpieza hogar,Limpiador de Alfombras y Tapicerías 300 ml,"23,30 € / 1 L","6,99 €",OMINO BIANCO
Droguería y limpieza,Limpieza hogar,"Limpia Metales 0,15 L","39,93 € / 1 L","5,99 €",SIDOL
Droguería y limpieza,Limpieza hogar,Recambio WC Discos Act Lima Fresca Pack 2 uds 2 U,"2,80 € / 1 U","5,59 €",PATO
Droguería y limpieza,Limpieza hogar,"Limpiador Microondas y Frigoríficos 0,5 L","3,98 € / 1 L","1,99 €",CONSUM
Droguería y limpieza,Limpieza hogar,Limpiador Fosa Séptica en Cápsulas 20 U,"0,64 € / 1 U","12,75 €",WC NET
Droguería y limpieza,Limpieza hogar,Recambio WC Discos Act Marino Pack 2 Unidades 2 U,"2,80 € / 1 U","5,59 €",PATO
Droguería y limpieza,Limpieza hogar,"Reparador Muebles 0,1 L","59,90 € / 1 L","5,99 €",PRONTO
Droguería y limpieza,Limpieza hogar,"Descalcificador 0,5 L","3,78 € / 1 L","1,89 €",CONSUM
Droguería y limpieza,Limpieza hogar,"Limpiador Manchas de Humedad 0,75 L","7,13 € / 1 L","5,35 €",CILLIT BANG
Droguería y limpieza,Limpieza hogar,Limpiador Crema Multiusos 750 ml,"3,99 € / 1 L","2,99 €",CIF
Droguería y limpieza,Limpieza hogar,"Limpiador Vitrocerámica 0,5 L","4,00 € / 1 L","2,00 €",CONSUM
Droguería y limpieza,Limpieza hogar,Limpia Metales 500 ml,"7,18 € / 1 L","3,59 €",LUMINIA
Droguería y limpieza,Limpieza hogar,"Friegasuelos Eco 1,5 L","1,10 € / 1 L","1,65 €",CONSUM ECO
Droguería y limpieza,Limpieza hogar,"Amoniaco Perfumado 1,5 L","0,43 € / 1 L","0,65 €",CONSUM
Droguería y limpieza,Limpieza hogar,"Amoniaco 1,5 L","0,43 € / 1 L","0,65 €",CONSUM
Droguería y limpieza,Limpieza hogar,Agua Destilada Con Tapón de Seguridad 5 L,"0,40 € / 1 L","2,00 €",CONSUM
Droguería y limpieza,Limpieza hogar,Agua Destilada Con Tapón de Seguridad 2 L,"0,45 € / 1 L","0,90 €",CONSUM
Droguería y limpieza,Limpieza hogar,"Limpiador Gel Desinfectante 1,25 L","2,39 € / 1 L","2,99 €",DOMESTOS
Droguería y limpieza,Limpieza hogar,Bicarbonato 1 Kg 1 Kg,"1,50 € / 1 Kg","1,50 €",EL VESUBIO
Droguería y limpieza,Limpieza hogar,Pastillas Activas Cloro más Detergente 40 1 U,"0,03 € / 1 U","1,39 €",KIDEL
Droguería y limpieza,Limpieza hogar,Colgador WC Oceánico 2 U,"0,65 € / 1 U","1,30 €",CONSUM
Droguería y limpieza,Limpieza hogar,Colgador WC Pino 2 U,"0,65 € / 1 U","1,30 €",CONSUM
Droguería y limpieza,Limpieza hogar,Limpiador WC Lejía Gel Mountain Fresh 750+50 800 ml,"3,74 € / 1 L","2,99 €",WC NET
Droguería y limpieza,Limpieza hogar,"Friegasuelos Flores Blancas 1,2 L","0,63 € / 1 L","0,75 €",CONSUM
Droguería y limpieza,Limpieza hogar,Desatascador Turbo Gel Tuberías 500+500 reg 1 L,"7,99 € / 1 L","7,99 €",WC NET
Droguería y limpieza,Limpieza hogar,Limpiador Desinfectante 1 L,"3,15 € / 1 L","3,15 €",LAS 3 BRUJAS
Droguería y limpieza,Limpieza hogar,Lejía con Detergente 2 L,"0,58 € / 1 L","1,15 €",CONSUM
Droguería y limpieza,Limpieza hogar,Lejía Lavadora Densa 2 L,"0,63 € / 1 L","1,25 €",CONSUM
Droguería y limpieza,Limpieza hogar,Lejía Multiusos 2 L,"0,40 € / 1 L","0,80 €",CONSUM
Droguería y limpieza,Limpieza hogar,Lejía Lavadora Densa 5 L,"0,54 € / 1 L","2,69 €",CONSUM
Droguería y limpieza,Limpieza hogar,Lejía Multiusos 5 L,"0,32 € / 1 L","1,60 €",CONSUM
Droguería y limpieza,Limpieza hogar,Colgador WC Dúo Blue Activ Floral 2 U,"1,90 € / 1 U","3,79 €",BREF
Droguería y limpieza,Limpieza hogar,Sal de Frutas 250 Gr,"8,00 € / 1 Kg","2,00 €",EL VESUBIO
Droguería y limpieza,Limpieza hogar,Lejía Multiusos Pistola Hogar y Ropa Blanca 750 ml,"2,73 € / 1 L","2,05 €",SANICENTRO
Droguería y limpieza,Limpieza hogar,Limpiapantallas 250 ml,"13,60 € / 1 L","3,40 €",LUMINIA
Droguería y limpieza,Limpieza hogar,"Limpiador Baño Oceánco 1,5 L","1,00 € / 1 L","1,50 €",CONSUM
Droguería y limpieza,Limpieza hogar,Lejía con Detergente Limón 2 L,"0,58 € / 1 L","1,15 €",CONSUM
Droguería y limpieza,Limpieza hogar,Limpiador Desinfectante Pistola Multiusos 750 ml,"3,19 € / 1 L","2,39 €",ASEVI
Droguería y limpieza,Limpieza hogar,Limpiador WC Polvo 4 U,"0,48 € / 1 U","1,90 €",LA NAVE
Droguería y limpieza,Limpieza hogar,"Amoniaco Muy Fuerte con Detergente 0,75 L","1,73 € / 1 L","1,30 €",JOSMI
Droguería y limpieza,Limpieza hogar,"Limpiahogar Antical en Spray 0,7 L","6,41 € / 1 L","4,49 €",VIAKAL
Droguería y limpieza,Limpieza hogar,"Limpiador Placas de Inducción 0,5 L","3,60 € / 1 L","1,80 €",CONSUM
Droguería y limpieza,Limpieza hogar,Limpia Duchas Brillo Duradero 1 L,"2,20 € / 1 L","2,20 €",CONSUM
Droguería y limpieza,Limpieza hogar,"Limpia Muebles con Aceites Nutrientes 0,5 L","7,50 € / 1 L","3,75 €",CONSUM
Droguería y limpieza,Limpieza hogar,Alcohol de Quemar Perfumado 1 L,"1,99 € / 1 L","1,99 €",JOSMI
Droguería y limpieza,Limpieza hogar,"Limpiahogar Cocina Cítricos 1,5 L","1,03 € / 1 L","1,55 €",CONSUM
Droguería y limpieza,Limpieza hogar,Limpiador Desincrustante 4 en 1 750 ml,"5,07 € / 1 L","3,80 €",ASH
Droguería y limpieza,Limpieza hogar,"Limpia Vitrocerámica 0,45 L","11,67 € / 1 L","5,25 €",VITROCLEN
Droguería y limpieza,Limpieza hogar,Limpiador Gel WC Con Lejía 1 L,"1,00 € / 1 L","1,00 €",CONSUM
Droguería y limpieza,Limpieza hogar,Limpiador Jabonoso Para Madera 1 L,"1,55 € / 1 L","1,55 €",CONSUM
Droguería y limpieza,Limpieza hogar,Desinfectante para Frutas y Verduras 750 ml,"3,05 € / 1 L","2,29 €",SANICENTRO
Droguería y limpieza,Limpieza hogar,Friegasuelos Monodosis Áloe 20 U,"0,13 € / 1 U","2,69 €",CONSUM
Droguería y limpieza,Limpieza hogar,"Limpia Vitrocerámicas Inducción Pistola 0,45 L","15,09 € / 1 L","6,79 €",VITROCLEN
Droguería y limpieza,Limpieza hogar,"Limpiador Tapicerías y Alfombras 0,4 L","5,23 € / 1 L","2,09 €",CONSUM
Droguería y limpieza,Limpieza hogar,Alcohol Limpieza Perfumado 1 L,"2,40 € / 1 L","2,40 €",JOSMI
Droguería y limpieza,Limpieza hogar,"Alcohol Limpieza Perfumado Pistola 0,75 L","3,47 € / 1 L","2,60 €",JOSMI
Droguería y limpieza,Limpieza hogar,Sosa Cáustica Bote 1 Kg,"3,45 € / 1 Kg","3,45 €",JOSMI
Droguería y limpieza,Limpieza hogar,Blanqueador de Juntas 250 ml,"11,00 € / 1 L","2,75 €",CONSUM
Droguería y limpieza,Limpieza hogar,"Limpiador Baño Pistola 0,72 L","5,54 € / 1 L","3,99 €",DON LIMPIO
Droguería y limpieza,Limpieza hogar,"Limpiador Baños Aroma Fresco 1,3 L","3,07 € / 1 L","3,99 €",DON LIMPIO
Droguería y limpieza,Limpieza hogar,Colgador WC Gel Brillant Océano Ártico 1 U,"2,15 € / 1 U","2,15 €",BREF
Droguería y limpieza,Limpieza hogar,Limpiador en Polvo 1 Kg,"1,49 € / 1 Kg","1,49 €",JOSMI
Droguería y limpieza,Limpieza hogar,Desengrasante Pistola 780 ml,"4,74 € / 1 L","3,70 €",KH-7
Droguería y limpieza,Limpieza hogar,Desengrasante Recambio 780 ml,"4,09 € / 1 L","3,19 €",KH-7
Droguería y limpieza,Limpieza hogar,Limpiador Mutiusos Cal y Suciedad 1 L,"3,90 € / 1 L","3,90 €",CILLIT BANG
Droguería y limpieza,Limpieza hogar,"Limpiador Baño Brillo 0,75 L","7,13 € / 1 L","5,35 €",CILLIT BANG
Droguería y limpieza,Limpieza hogar,"Lejía con Detergente Azul 1,43 L","1,85 € / 1 L","2,65 €",ESTRELLA
Droguería y limpieza,Limpieza hogar,"Lejía con Detergente Limón 1,43 L","1,85 € / 1 L","2,65 €",ESTRELLA
Droguería y limpieza,Limpieza hogar,"Lejía con Detergente Pino 1,43 L","1,85 € / 1 L","2,65 €",ESTRELLA
Droguería y limpieza,Limpieza hogar,"Lejía Lavadora Plus 1,9 L","1,47 € / 1 L","2,79 €",NEUTREX
Droguería y limpieza,Limpieza hogar,"Lejía Lavadora Frescor Verde 1,9 L","1,47 € / 1 L","2,79 €",NEUTREX
Droguería y limpieza,Limpieza hogar,"Lejía Lavadora Futura Azul 1,9 L","1,55 € / 1 L","2,95 €",NEUTREX
Droguería y limpieza,Limpieza hogar,"Renovador Brillo Suelos 1,25 L","1,35 € / 1 L","1,69 €",CONSUM
Droguería y limpieza,Limpieza hogar,Colgador Gel Brillante Frescor Primavera 2 U,"1,90 € / 1 U","3,79 €",BREF
Droguería y limpieza,Limpieza hogar,Bicarbonato 300 ml,"0,37 € / 100 ml","1,10 €",EL VESUBIO
Droguería y limpieza,Limpieza hogar,"Quitagrasas 0,75 L","2,00 € / 1 L","1,50 €",CONSUM
Droguería y limpieza,Limpieza hogar,"Fregasuelos Naranja 0,95 L","2,20 € / 1 L","2,09 €",ASEVI
Droguería y limpieza,Limpieza hogar,"Fregasuelos Mio 0,95 L","2,20 € / 1 L","2,09 €",ASEVI
Droguería y limpieza,Limpieza hogar,Piedra Blanca Limpieza 500 Gr,"7,90 € / 1 Kg","3,95 €",CHUBB
Droguería y limpieza,Limpieza hogar,"Limpiahogar Ph Neutro Aire Fresco 1,5 L","1,03 € / 1 L","1,55 €",CONSUM
Droguería y limpieza,Limpieza hogar,Limpiador Antical Pistola 750 ml,"2,20 € / 1 L","1,65 €",CONSUM
Droguería y limpieza,Limpieza hogar,"Amoniaco con Detergente 1,5 L","0,63 € / 1 L","0,95 €",CONSUM
Droguería y limpieza,Limpieza hogar,"Limpiahogar Multiusos Pino Alcohol 1,5 L","1,20 € / 1 L","1,80 €",CONSUM
Droguería y limpieza,Limpieza hogar,"Pistola Lejía Mousse Blanqueador Desengras. 0,7 L","4,64 € / 1 L","3,25 €",ACE
Droguería y limpieza,Limpieza hogar,"Limpiamuebles Spray 0,4 L","3,63 € / 1 L","1,45 €",CONSUM
Droguería y limpieza,Limpieza hogar,"Limpiador Antical Gel 0,75 L","2,20 € / 1 L","1,65 €",CONSUM
Droguería y limpieza,Limpieza hogar,"Limpiador Forte 0,75 L","2,20 € / 1 L","1,65 €",CONSUM
Droguería y limpieza,Limpieza hogar,"Fregasuelos Ph Neutro 0,95 L","2,20 € / 1 L","2,09 €",ASEVI
Droguería y limpieza,Limpieza hogar,Renovador Juntas 200 ml,"1,68 € / 100 ml","3,35 €",CHUBB
Droguería y limpieza,Limpieza hogar,Limpiador Baños Desinfectante 750 ml,"2,07 € / 1 L","1,55 €",CONSUM
Droguería y limpieza,Limpieza hogar,Limpiamuebles Spray 250 ml,"1,16 € / 100 ml","2,90 €",PRONTO
Droguería y limpieza,Limpieza hogar,Limpiador Concentrado 1 L,"2,85 € / 1 L","2,85 €",LAS 3 BRUJAS
Droguería y limpieza,Limpieza hogar,Colgador Wc Serenidad 2 U,"1,90 € / 1 U","3,79 €",BREF
Droguería y limpieza,Limpieza hogar,Limpiador Manchas de Humedad 750 ml,"4,65 € / 1 L","3,49 €",SANICENTRO
Droguería y limpieza,Limpieza hogar,Pastilla Cisterna WC Marino 4 U,"0,33 € / 1 U","1,30 €",CONSUM
Droguería y limpieza,Limpieza hogar,Desatascador de Cabellos 1 L,"6,99 € / 1 L","6,99 €",WC NET
Droguería y limpieza,Limpieza hogar,Fregasuelos Mascotas 1 L,"2,09 € / 1 L","2,09 €",ASEVI
Droguería y limpieza,Limpieza hogar,Limpiador Multiusos Oxy Active 1 L,"2,39 € / 1 L","2,39 €",ASEVI
Droguería y limpieza,Limpieza hogar,Toallitas Multiusos Desinfectantes 35 U,"0,04 € / 1 U","1,45 €",CONSUM
Droguería y limpieza,Limpieza hogar,Limpiador Encimera 750 ml,"0,66 € / 100 ml","4,95 €",Q-ACTION
Droguería y limpieza,Limpieza hogar,Colgador Wc Duo Hawaii 2 U,"1,63 € / 1 U","3,25 €",BREF
Droguería y limpieza,Limpieza hogar,Colgador WC Agua Azul 2 U,"0,65 € / 1 U","1,30 €",CONSUM
Droguería y limpieza,Limpieza hogar,"Abrillantador Metales Inox y Aluminio 0,5 L","7,60 € / 1 L","3,80 €",CONSUM
Droguería y limpieza,Limpieza hogar,Cera Suelo Abrillantadora 1 L,"2,30 € / 1 L","2,30 €",CONSUM
Droguería y limpieza,Limpieza hogar,Discos Activos WC Lima Fresca 1 U,"3,45 € / 1 U","3,45 €",PATO
Droguería y limpieza,Limpieza hogar,Limpiador Baño Antical 780 ml,"4,87 € / 1 L","3,80 €",KH-7
Droguería y limpieza,Limpieza hogar,Limpiador Baño Desinfectante 780 ml,"4,35 € / 1 L","3,39 €",KH-7
Droguería y limpieza,Limpieza hogar,Limpiador Cocina Quitagrasas Desinfectant. 780 ml,"4,35 € / 1 L","3,39 €",KH-7
Droguería y limpieza,Limpieza hogar,Discos Activos WC Frescor Marino 1 U,"3,45 € / 1 U","3,45 €",PATO
Droguería y limpieza,Limpieza cocina,"Abrillantador Lavavajillas 0,5 L","9,60 € / 1 L","4,80 €",FINISH
Droguería y limpieza,Limpieza cocina,"Limpiador Paellas y Calderos 0,5 L","3,98 € / 1 L","1,99 €",ASEVI
Droguería y limpieza,Limpieza cocina,Limpia Máquinas Lavavajillas 3 U,"1,00 € / 1 U","3,99 €
2,99 €",SOMAT
Droguería y limpieza,Limpieza cocina,Lavavajillas en gel todo en 1 50 Do,"0,14 € / 1 Lv","11,50 €
6,99 €",FINISH
Droguería y limpieza,Limpieza cocina,Pastillas Lavavajillas Todo en 1 25+7,"0,22 € / 1 Do","10,99 €
6,99 €",FINISH
Droguería y limpieza,Limpieza cocina,"Lavavajillas Mano Ultra Plus 0,65 L","4,08 € / 1 L","2,65 €",MISTOL
Droguería y limpieza,Limpieza cocina,Limpiador Vitrocerámica Crema Naranja 500 ml,"8,58 € / 1 L","4,29 €",FROSCH
Droguería y limpieza,Limpieza cocina,"Lavavajillas Mano Aloe Vera 0,65 L","4,08 € / 1 L","2,65 €",MISTOL
Droguería y limpieza,Limpieza cocina,Lavavajillas Máquina Ultimate 32 U,"0,31 € / 1 U","14,99 €
9,99 €",FINISH
Droguería y limpieza,Limpieza cocina,"Lavavajillas a Mano Diluído 1,3 L","0,84 € / 1 L","1,20 €
1,10 €",CONSUM
Droguería y limpieza,Limpieza cocina,Limpiador Cocina Quitagrasas Pistola 750 ml,"3,80 € / 1 L","2,85 €",ASEVI
Droguería y limpieza,Limpieza cocina,"Limpia Máquinas Lavavajillas 0,25 L","15,00 € / 1 L","3,75 €",FINISH
Droguería y limpieza,Limpieza cocina,Sal Lavavajillas En Grano 2 Kg,"3,50 € / 1 Kg","6,99 €",FINISH
Droguería y limpieza,Limpieza cocina,Lavavajillas en gel Excellence Antigrasa 50 Do,"0,21 € / 1 Lv","10,45 €",SOMAT
Droguería y limpieza,Limpieza cocina,Ambientador Aroma Limón 1 U,"4,49 € / 1 U","4,49 €",FINISH
Droguería y limpieza,Limpieza cocina,"Limpia Hornos Mr. Musculo 0,3 L","24,17 € / 1 L","7,25 €",FORZA
Droguería y limpieza,Limpieza cocina,"Limpiador Microondas y Frigoríficos 0,5 L","3,98 € / 1 L","1,99 €",CONSUM
Droguería y limpieza,Limpieza cocina,Rasqueta Vitrocerámica Más 5 Recambios 1 U,"3,25 € / 1 U","3,25 €",FLISS
Droguería y limpieza,Limpieza cocina,Lavavajillas en Gel Excellence Limón 50 Do,"0,21 € / 1 Lv","10,45 €",SOMAT
Droguería y limpieza,Limpieza cocina,"Limpiador Vitrocerámica 0,5 L","4,00 € / 1 L","2,00 €",CONSUM
Droguería y limpieza,Limpieza cocina,Lavavajillas Máquina Gel Vinagre Pack 70 Lv,"0,15 € / 1 Lv","10,50 €",SOMAT
Droguería y limpieza,Limpieza cocina,Pastillas Lavavajillas todo en uno 60 Cápsulas,"0,16 € / 1 Do","9,60 €",FAIRY
Droguería y limpieza,Limpieza cocina,Pastillas Lavavajillas Todo en 1 35 + 13,"0,31 € / 1 Do","14,99 €",FINISH
Droguería y limpieza,Limpieza cocina,Lavavajillas en Gel Limón Todo en Uno 60 Lv,"0,17 € / 1 Lv","10,45 €",SOMAT
Droguería y limpieza,Limpieza cocina,"Limpiador Placas de Inducción 0,5 L","3,60 € / 1 L","1,80 €",CONSUM
Droguería y limpieza,Limpieza cocina,"Limpiahogar Cocina Cítricos 1,5 L","1,03 € / 1 L","1,55 €",CONSUM
Droguería y limpieza,Limpieza cocina,"Limpia Vitrocerámica 0,45 L","11,67 € / 1 L","5,25 €",VITROCLEN
Droguería y limpieza,Limpieza cocina,"Lavavajillas Mano ECO 0,5 L","2,78 € / 1 L","1,39 €",CONSUM ECO
Droguería y limpieza,Limpieza cocina,Lavavajillas Concentrado ECO Pack 1 L,"2,19 € / 1 L","2,19 €",CONSUM ECO
Droguería y limpieza,Limpieza cocina,"Limpia Vitrocerámicas Inducción Pistola 0,45 L","15,09 € / 1 L","6,79 €",VITROCLEN
Droguería y limpieza,Limpieza cocina,Lavavajillas Máquina Eco Cápsulas 22 U,"0,16 € / 1 Do","3,49 €",CONSUM ECO
Droguería y limpieza,Limpieza cocina,"Limpia Máquinas Lavavajillas 0,25 L","6,60 € / 1 L","1,65 €",CONSUM
Droguería y limpieza,Limpieza cocina,Lavavajillas en Gel todo en 1 36 Lv,"0,10 € / 1 Lv","3,55 €",CONSUM
Droguería y limpieza,Limpieza cocina,Lavavajillas en Gel Excellence Duo 35 Lv,"0,20 € / 1 Lv","6,99 €",SOMAT
Droguería y limpieza,Limpieza cocina,"Lavavajillas Concentrado Limpieza e Higiene 0,75 L","5,05 € / 1 L","3,79 €",FROSCH
Droguería y limpieza,Limpieza cocina,"Lavavajillas Mano Original 0,9 L","2,94 € / 1 L","2,65 €",MISTOL
Droguería y limpieza,Limpieza cocina,Pastillas Lavavajillas Excellence 18+2,"0,35 € / 1 Do","6,99 €",SOMAT
Droguería y limpieza,Limpieza cocina,Limpiador en Polvo 1 Kg,"1,49 € / 1 Kg","1,49 €",JOSMI
Droguería y limpieza,Limpieza cocina,Desengrasante Pistola 780 ml,"4,74 € / 1 L","3,70 €",KH-7
Droguería y limpieza,Limpieza cocina,Desengrasante Recambio 780 ml,"4,09 € / 1 L","3,19 €",KH-7
Droguería y limpieza,Limpieza cocina,"Quitagrasas 0,75 L","2,00 € / 1 L","1,50 €",CONSUM
Droguería y limpieza,Limpieza cocina,Pastillas Lavavajillas Essential 26 Do,"0,14 € / 1 Do","3,75 €",FINISH
Droguería y limpieza,Limpieza cocina,Lavavajillas Máquina Platinum Plus 18 más 3 21 Do,"0,48 € / 1 Do","9,99 €",FAIRY
Droguería y limpieza,Limpieza cocina,Lavavajillas Concentrado Ultra 1 L,"1,46 € / 1 L","1,46 €",CONSUM
Droguería y limpieza,Limpieza cocina,Lavavajillas Concentrado Ultra Aloe 1 L,"1,75 € / 1 L","1,75 €",CONSUM
Droguería y limpieza,Limpieza cocina,Pastillas Lavavajillas Clásicas 50 Do,"0,07 € / 1 Do","3,70 €",CONSUM
Droguería y limpieza,Limpieza cocina,"Limpia Hornos 0,3 L","4,33 € / 1 L","1,30 €",CONSUM
Droguería y limpieza,Limpieza cocina,Pastillas Lavavajillas Todo en 1 30 Do,"0,10 € / 1 Do","2,95 €",CONSUM
Droguería y limpieza,Limpieza cocina,"Lavavajillas Concentrado Limpieza Y Cuidado 0,52 L","4,71 € / 1 L","2,45 €",FAIRY
Droguería y limpieza,Limpieza cocina,Abrillantador Lavavajillas 750 ml,"0,16 € / 100 ml","1,20 €",CONSUM
Droguería y limpieza,Limpieza cocina,Sal Lavavajillas Granulada 2 Kg,"0,60 € / 1 Kg","1,19 €",DELTASAL
Droguería y limpieza,Limpieza cocina,Pastillas Lavavajillas Excellence 4 en 1 28 U,"0,27 € / 1 U","7,50 €",SOMAT
Droguería y limpieza,Limpieza cocina,"Lavavajillas Concentrado Original 0,48 L","6,23 € / 1 L","2,99 €",FAIRY
Droguería y limpieza,Limpieza cocina,Lavavajillas Concentrado Limón 600 ml,"1,83 € / 1 L","1,10 €",CONSUM
Droguería y limpieza,Limpieza cocina,Lavavajillas Concentrado Ultra 600 ml,"1,83 € / 1 L","1,10 €",CONSUM
Droguería y limpieza,Limpieza cocina,Pastillas Lavavajillas Quantum 58 U,"0,21 € / 1 U","11,99 €",FINISH
Droguería y limpieza,Limpieza cocina,Limpiador Cocina Quitagrasas Desinfectant. 780 ml,"4,35 € / 1 L","3,39 €",KH-7
Droguería y limpieza,Limpieza baños,Colgador WC Poder Activo Natura 1 U,"1,49 € / 1 U","1,85 €
1,49 €",BREF
Droguería y limpieza,Limpieza baños,Antical Eco Frosch 1L Limpiahogar 1 L,"2,89 € / 1 L","2,89 €",FROSCH
Droguería y limpieza,Limpieza baños,Limpiador Desinfectante Para Baños 750 ml,"4,33 € / 1 L","3,25 €",SANYTOL
Droguería y limpieza,Limpieza baños,Colgador WC Dúo Poder Activo Limón 2 U,"1,33 € / 1 U","3,25 €
2,65 €",BREF
Droguería y limpieza,Limpieza baños,Colgador WC Dúo Poder Activo Natura 2 U,"1,25 € / 1 U","3,00 €
2,50 €",BREF
Droguería y limpieza,Limpieza baños,Colgador WC Armonía 1 U,"1,79 € / 1 U","2,15 €
1,79 €",BREF
Droguería y limpieza,Limpieza baños,Cera Suelos 1 L,"2,19 € / 1 L","2,19 €",ASEVI
Droguería y limpieza,Limpieza baños,"Limpiahogar Antical 0,5 L","5,98 € / 1 L","2,99 €",VIAKAL
Droguería y limpieza,Limpieza baños,"Friegasuelos Pino 1,5 L","0,63 € / 1 L","0,95 €",CONSUM
Droguería y limpieza,Limpieza baños,"Limpiador Baño 1,3 L","2,84 € / 1 L","3,69 €",TENN
Droguería y limpieza,Limpieza baños,Limpiador Gel WC Oceanico 1 L,"1,15 € / 1 L","1,15 €",CONSUM
Droguería y limpieza,Limpieza baños,"Limpiador WC Líquido Frescor 0,75 L","4,25 € / 1 L","3,19 €",PATO
Droguería y limpieza,Limpieza baños,Limpiador Gel WC Pino 1 L,"1,15 € / 1 L","1,15 €",CONSUM
Droguería y limpieza,Limpieza baños,Colgador WC Líquido Oceánico 3 U,"0,63 € / 1 U","1,89 €",CONSUM
Droguería y limpieza,Limpieza baños,"Limpiador WC Líquido Oceano 0,75 L","4,25 € / 1 L","3,19 €",PATO
Droguería y limpieza,Limpieza baños,Friegasuelos Floral 1 L,"1,70 € / 1 L","1,70 €",CONSUM
Droguería y limpieza,Limpieza baños,"Friegasuelos Limón 1,5 L","0,63 € / 1 L","0,95 €",CONSUM
Droguería y limpieza,Limpieza baños,Colgador WC Líquido Pino 3 U,"0,63 € / 1 U","1,89 €",CONSUM
Droguería y limpieza,Limpieza baños,Friegasuelos Frutal 1 L,"1,70 € / 1 L","1,70 €",CONSUM
Droguería y limpieza,Limpieza baños,Cera Suelos Incolora 750 ml,"5,32 € / 1 L","3,99 €",ALEX
Droguería y limpieza,Limpieza baños,Limpiador Desincrustante 800 ml,"4,56 € / 1 L","3,65 €",WC NET
Droguería y limpieza,Limpieza baños,Recambio WC Discos Act Lima Fresca Pack 2 uds 2 U,"2,80 € / 1 U","5,59 €",PATO
Droguería y limpieza,Limpieza baños,Recambio WC Discos Act Marino Pack 2 Unidades 2 U,"2,80 € / 1 U","5,59 €",PATO
Droguería y limpieza,Limpieza baños,"Limpiador Manchas de Humedad 0,75 L","7,13 € / 1 L","5,35 €",CILLIT BANG
Droguería y limpieza,Limpieza baños,"Friegasuelos Eco 1,5 L","1,10 € / 1 L","1,65 €",CONSUM ECO
Droguería y limpieza,Limpieza baños,Colgador WC Oceánico 2 U,"0,65 € / 1 U","1,30 €",CONSUM
Droguería y limpieza,Limpieza baños,Colgador WC Pino 2 U,"0,65 € / 1 U","1,30 €",CONSUM
Droguería y limpieza,Limpieza baños,Limpiador WC Lejía Gel Mountain Fresh 750+50 800 ml,"3,74 € / 1 L","2,99 €",WC NET
Droguería y limpieza,Limpieza baños,"Friegasuelos Flores Blancas 1,2 L","0,63 € / 1 L","0,75 €",CONSUM
Droguería y limpieza,Limpieza baños,Colgador WC Dúo Blue Activ Floral 2 U,"1,90 € / 1 U","3,79 €",BREF
Droguería y limpieza,Limpieza baños,"Limpiador Baño Oceánco 1,5 L","1,00 € / 1 L","1,50 €",CONSUM
Droguería y limpieza,Limpieza baños,Limpiador WC Polvo 4 U,"0,48 € / 1 U","1,90 €",LA NAVE
Droguería y limpieza,Limpieza baños,"Limpiahogar Antical en Spray 0,7 L","6,41 € / 1 L","4,49 €",VIAKAL
Droguería y limpieza,Limpieza baños,Limpia Duchas Brillo Duradero 1 L,"2,20 € / 1 L","2,20 €",CONSUM
Droguería y limpieza,Limpieza baños,Limpiador Desincrustante 4 en 1 750 ml,"5,07 € / 1 L","3,80 €",ASH
Droguería y limpieza,Limpieza baños,Limpiador Gel WC Con Lejía 1 L,"1,00 € / 1 L","1,00 €",CONSUM
Droguería y limpieza,Limpieza baños,Friegasuelos Monodosis Áloe 20 U,"0,13 € / 1 U","2,69 €",CONSUM
Droguería y limpieza,Limpieza baños,Blanqueador de Juntas 250 ml,"11,00 € / 1 L","2,75 €",CONSUM
Droguería y limpieza,Limpieza baños,"Limpiador Baño Pistola 0,72 L","5,54 € / 1 L","3,99 €",DON LIMPIO
Droguería y limpieza,Limpieza baños,"Limpiador Baños Aroma Fresco 1,3 L","3,07 € / 1 L","3,99 €",DON LIMPIO
Droguería y limpieza,Limpieza baños,Colgador WC Gel Brillant Océano Ártico 1 U,"2,15 € / 1 U","2,15 €",BREF
Droguería y limpieza,Limpieza baños,Limpiador Mutiusos Cal y Suciedad 1 L,"3,90 € / 1 L","3,90 €",CILLIT BANG
Droguería y limpieza,Limpieza baños,"Limpiador Baño Brillo 0,75 L","7,13 € / 1 L","5,35 €",CILLIT BANG
Droguería y limpieza,Limpieza baños,"Renovador Brillo Suelos 1,25 L","1,35 € / 1 L","1,69 €",CONSUM
Droguería y limpieza,Limpieza baños,Colgador Gel Brillante Frescor Primavera 2 U,"1,90 € / 1 U","3,79 €",BREF
Droguería y limpieza,Limpieza baños,Escobillero WC Basic Inclinado 1 U,"2,99 € / 1 U","2,99 €",MAYA
Droguería y limpieza,Limpieza baños,"Fregasuelos Naranja 0,95 L","2,20 € / 1 L","2,09 €",ASEVI
Droguería y limpieza,Limpieza baños,"Fregasuelos Mio 0,95 L","2,20 € / 1 L","2,09 €",ASEVI
Droguería y limpieza,Limpieza baños,Piedra Blanca Limpieza 500 Gr,"7,90 € / 1 Kg","3,95 €",CHUBB
Droguería y limpieza,Limpieza baños,Limpiador Antical Pistola 750 ml,"2,20 € / 1 L","1,65 €",CONSUM
Droguería y limpieza,Limpieza baños,"Limpiador Antical Gel 0,75 L","2,20 € / 1 L","1,65 €",CONSUM
Droguería y limpieza,Limpieza baños,"Limpiador Forte 0,75 L","2,20 € / 1 L","1,65 €",CONSUM
Droguería y limpieza,Limpieza baños,"Fregasuelos Ph Neutro 0,95 L","2,20 € / 1 L","2,09 €",ASEVI
Droguería y limpieza,Limpieza baños,Renovador Juntas 200 ml,"1,68 € / 100 ml","3,35 €",CHUBB
Droguería y limpieza,Limpieza baños,Limpiador Baños Desinfectante 750 ml,"2,07 € / 1 L","1,55 €",CONSUM
Droguería y limpieza,Limpieza baños,Colgador Wc Serenidad 2 U,"1,90 € / 1 U","3,79 €",BREF
Droguería y limpieza,Limpieza baños,Limpiador Manchas de Humedad 750 ml,"4,65 € / 1 L","3,49 €",SANICENTRO
Droguería y limpieza,Limpieza baños,Pastilla Cisterna WC Marino 4 U,"0,33 € / 1 U","1,30 €",CONSUM
Droguería y limpieza,Limpieza baños,Fregasuelos Mascotas 1 L,"2,09 € / 1 L","2,09 €",ASEVI
Droguería y limpieza,Limpieza baños,Colgador Wc Duo Hawaii 2 U,"1,63 € / 1 U","3,25 €",BREF
Droguería y limpieza,Limpieza baños,Colgador WC Agua Azul 2 U,"0,65 € / 1 U","1,30 €",CONSUM
Droguería y limpieza,Limpieza baños,Cera Suelo Abrillantadora 1 L,"2,30 € / 1 L","2,30 €",CONSUM
Droguería y limpieza,Limpieza baños,Discos Activos WC Lima Fresca 1 U,"3,45 € / 1 U","3,45 €",PATO
Droguería y limpieza,Limpieza baños,Limpiador Baño Antical 780 ml,"4,87 € / 1 L","3,80 €",KH-7
Droguería y limpieza,Limpieza baños,Limpiador Baño Desinfectante 780 ml,"4,35 € / 1 L","3,39 €",KH-7
Droguería y limpieza,Limpieza baños,Discos Activos WC Frescor Marino 1 U,"3,45 € / 1 U","3,45 €",PATO
Droguería y limpieza,Accesorios y utensilios limpieza,Fregona Sintética Super 1 U,"1,99 € / 1 U","2,59 €
1,99 €",VILEDA
Droguería y limpieza,Accesorios y utensilios limpieza,Estropajo Ultra Fresh 4 Más 2 de Regalo 6 U,"0,42 € / 1 U","2,99 €
2,50 €",VILEDA
Droguería y limpieza,Accesorios y utensilios limpieza,Bayeta Microfibra Ultra Fresh 3 U,"0,87 € / 1 U","3,20 €
2,60 €",VILEDA
Droguería y limpieza,Accesorios y utensilios limpieza,Fregona Microfibra Premium 1 U,"2,99 € / 1 U","3,99 €
2,99 €",VILEDA
Droguería y limpieza,Accesorios y utensilios limpieza,Estropajos Fibra Verde Frotaspon Duplo 2 U,"1,23 € / 1 U","2,45 €",SPONTEX
Droguería y limpieza,Accesorios y utensilios limpieza,Bolsa de Serrín 1 kg 1 U,"0,75 € / 1 U","0,75 €",A.LEVANTE
Droguería y limpieza,Accesorios y utensilios limpieza,Gamuzas Atrapapolvo 20 U,"0,07 € / 1 U","1,30 €",CONSUM
Droguería y limpieza,Accesorios y utensilios limpieza,Plumero de Avestruz 1 U,"3,99 € / 1 U","3,99 €",KORONIS
Droguería y limpieza,Accesorios y utensilios limpieza,Fregona Sintética Tira Amarilla 1 U,"0,80 € / 1 U","0,80 €",CONSUM
Droguería y limpieza,Accesorios y utensilios limpieza,Fregona Sintética Algodón Crudo 1 U,"1,10 € / 1 U","1,10 €",CONSUM
Droguería y limpieza,Accesorios y utensilios limpieza,Bolsas Basura Autocierre Lila Perfumada 30 Litros 20 U,"0,08 € / 1 U","1,60 €",CONSUM
Droguería y limpieza,Accesorios y utensilios limpieza,Bolsa Basura Autocierre Blanca de 50 Litros 15 U,"0,11 € / 1 U","1,60 €",CONSUM
Droguería y limpieza,Accesorios y utensilios limpieza,Bolsas Basura Autocierre Gris de 30 Litros 40 U,"0,04 € / 1 U","1,70 €",CONSUM
Droguería y limpieza,Accesorios y utensilios limpieza,Bolsa Basura Autocierre Especi.Baños Blanca 10L 40 U,"0,03 € / 1 U","1,35 €",CONSUM
Droguería y limpieza,Accesorios y utensilios limpieza,Bolsa Basura Autocierre Gris de 100 Litros 10 U,"0,19 € / 1 U","1,89 €",CONSUM
Droguería y limpieza,Accesorios y utensilios limpieza,Estropajo Vitroceramicas Superficies Delicadas 3 U,"0,30 € / 1 U","0,90 €",CONSUM
Droguería y limpieza,Accesorios y utensilios limpieza,Estropajos Salvauñas 3 U,"0,25 € / 1 U","0,75 €",CONSUM
Droguería y limpieza,Accesorios y utensilios limpieza,Lote Estropajos Multiusos Varios Colores 3 U,"0,38 € / 1 U","1,15 €",GREEN NATURE
Droguería y limpieza,Accesorios y utensilios limpieza,Guantes Látex Talla Pequeña/Mediana 50 U,"0,06 € / 1 U","3,20 €",CONSUM
Droguería y limpieza,Accesorios y utensilios limpieza,Bayeta Cristales y Espejos 1 U,"0,85 € / 1 U","0,85 €",CONSUM
Droguería y limpieza,Accesorios y utensilios limpieza,Bayeta Especial Polvo Extrasuave 1 U,"0,90 € / 1 U","0,90 €",CONSUM
Droguería y limpieza,Accesorios y utensilios limpieza,Rollo Bayeta Amarilla Multiusos 1 U,"1,45 € / 1 U","1,45 €",CONSUM
Droguería y limpieza,Accesorios y utensilios limpieza,Bayeta Multiusos Suave Colores 6 U,"0,14 € / 1 U","0,84 €",CONSUM
Droguería y limpieza,Accesorios y utensilios limpieza,Bayeta Posavajillas Antibacterias Decorada 1 U,"1,15 € / 1 U","1,15 €",CONSUM
Droguería y limpieza,Accesorios y utensilios limpieza,Estropajos Acero Inox 3 U,"0,25 € / 1 U","0,75 €",CONSUM
Droguería y limpieza,Accesorios y utensilios limpieza,Bayeta Microfibra Style 2 U,"1,35 € / 1 U","2,69 €",VILEDA
Droguería y limpieza,Accesorios y utensilios limpieza,Toallitas Limpiagafas 30 U,"0,05 € / 1 U","1,50 €",CONSUM
Droguería y limpieza,Accesorios y utensilios limpieza,Bolsa Basura Autocierre Jardin Verde 100L 10 U,"0,27 € / 1 U","2,65 €",CONSUM
Droguería y limpieza,Accesorios y utensilios limpieza,Bolsa Basura Comunidad Negra de 100 Litros 10 U,"0,13 € / 1 U","1,25 €",CONSUM
Droguería y limpieza,Accesorios y utensilios limpieza,Estropajos Acero Inox 2 U,"0,75 € / 1 U","1,49 €",SPONTEX
Droguería y limpieza,Accesorios y utensilios limpieza,Estropajos Salvauñas Classic 2u más 1 regalo 3 U,"0,66 € / 1 U","1,99 €",S.BRITE
Droguería y limpieza,Accesorios y utensilios limpieza,Escoba Antichoque con Función 3 en 1 1 U,"5,59 € / 1 U","5,59 €",VILEDA
Droguería y limpieza,Accesorios y utensilios limpieza,Fregona Microfibra 1 U,"3,50 € / 1 U","3,50 €",SPONTEX
Droguería y limpieza,Accesorios y utensilios limpieza,Estropajo Poder Verde con Esponja 2 U,"1,00 € / 1 U","1,99 €",SPONTEX
Droguería y limpieza,Accesorios y utensilios limpieza,Bayeta Suave Multiusos 2 más 1 de Regalo 3 U,"0,66 € / 1 U","1,99 €",VILEDA
Droguería y limpieza,Accesorios y utensilios limpieza,Bolsas Basura Autocierre Resistente Antigoteo 15 U,"0,19 € / 1 U","2,79 €",HANDY BAG
Droguería y limpieza,Accesorios y utensilios limpieza,Guantes Látex Talla Mediana/Grande 50 U,"0,06 € / 1 U","3,20 €",CONSUM
Droguería y limpieza,Accesorios y utensilios limpieza,Guante Especial Lejía de Nitrilo Talla Mediana 1 U,"1,95 € / 1 U","1,95 €",CONSUM
Droguería y limpieza,Accesorios y utensilios limpieza,Bolsas Basura Autocierre Resistente Perfumada 30l 15 U,"0,19 € / 1 U","2,79 €",HANDY BAG
Droguería y limpieza,Accesorios y utensilios limpieza,Guante Satinado Sensible Látex T-Media 1 U,"0,70 € / 1 U","0,70 €",CONSUM
Droguería y limpieza,Accesorios y utensilios limpieza,Cubo Súper Fácil 1 U,"11,50 € / 1 U","11,50 €",VILEDA
Droguería y limpieza,Accesorios y utensilios limpieza,Estropajo Metálico con Esponja 1 U,"1,20 € / 1 U","1,20 €",CONSUM
Droguería y limpieza,Accesorios y utensilios limpieza,Guante Flocado Látex Rosa Talla Mediana 1 U,"0,90 € / 1 U","0,90 €",CONSUM
Droguería y limpieza,Accesorios y utensilios limpieza,Bayeta Extra Absorbente 3 U,"0,66 € / 1 U","1,99 €",BALLERINA
Droguería y limpieza,Accesorios y utensilios limpieza,Guante Especial Lejía de Nitrilo Talla Pequeña 1 U,"1,95 € / 1 U","1,95 €",CONSUM
Droguería y limpieza,Accesorios y utensilios limpieza,Guante Especial Lejía de Nitrilo Talla Grande 1 U,"1,95 € / 1 U","1,95 €",CONSUM
Droguería y limpieza,Accesorios y utensilios limpieza,Paño Multiusos Para Gafas y Pantallas 2 U,"0,50 € / 1 U","0,99 €",CONSUM
Droguería y limpieza,Accesorios y utensilios limpieza,Estropajo de Acero Jabonoso 10 U,"0,12 € / 1 U","1,20 €",GREEN NATURE
Droguería y limpieza,Accesorios y utensilios limpieza,Escoba de Interior DuActiva 1 U,"7,89 € / 1 U","7,89 €",VILEDA
Droguería y limpieza,Accesorios y utensilios limpieza,Guante Satinado Sensible Látex TPequeña 1 U,"0,70 € / 1 U","0,70 €",CONSUM
Droguería y limpieza,Accesorios y utensilios limpieza,Guante Flocado Látex Rosa Talla Grande 1 U,"0,90 € / 1 U","0,90 €",CONSUM
Droguería y limpieza,Accesorios y utensilios limpieza,Guante Satinado Sensible Látex T-Grande 1 U,"0,70 € / 1 U","0,70 €",CONSUM
Droguería y limpieza,Accesorios y utensilios limpieza,Guante Flocado Látex Rosa Talla Pequeña 1 U,"0,90 € / 1 U","0,90 €",CONSUM
Droguería y limpieza,Accesorios y utensilios limpieza,Bolsa Basura Envases 30 Litros 30 U,"0,06 € / 1 U","1,65 €",CONSUM
Droguería y limpieza,Accesorios y utensilios limpieza,Gamuzas Impregnadas 20 U,"0,08 € / 1 U","1,60 €",CONSUM
Droguería y limpieza,Accesorios y utensilios limpieza,Estropajo Fibra Blanca con Esponja 2 U,"0,50 € / 1 U","1,00 €",CONSUM
Droguería y limpieza,Accesorios y utensilios limpieza,Estropajo Fibra Verde 4 U,"0,28 € / 1 U","1,10 €",CONSUM
Droguería y limpieza,Accesorios y utensilios limpieza,Guante Segunda Piel Talla 7 1 U,"3,85 € / 1 U","3,85 €",SPONTEX
Droguería y limpieza,Accesorios y utensilios limpieza,Guante Segunda Piel Talla 6 1 U,"3,85 € / 1 U","3,85 €",SPONTEX
Droguería y limpieza,Accesorios y utensilios limpieza,Cubo Pedal Cubik 21 L,"8,50 € / 1 U","8,50 €",TATAY
Droguería y limpieza,Accesorios y utensilios limpieza,Estropajo con Esponja no Raya Universal 1 U,"1,65 € / 1 U","1,65 €",S.BRITE
Droguería y limpieza,Accesorios y utensilios limpieza,Bolsa Basura Reciclada Cubo Alto 20 U,"0,09 € / 1 U","1,85 €",CONSUM
Droguería y limpieza,Accesorios y utensilios limpieza,Guante Desechable Nitrilo Talla M 30 U,"0,10 € / 1 U","2,95 €",CONSUM
Droguería y limpieza,Accesorios y utensilios limpieza,Bolsa Basura Pequeña Naranja 10 Litros 20 U,"0,07 € / 1 U","1,45 €",CONSUM
Droguería y limpieza,Accesorios y utensilios limpieza,Guante Desechable Nitrilo Talla S 30 U,"0,10 € / 1 U","2,95 €",CONSUM
Droguería y limpieza,Accesorios y utensilios limpieza,Guante Desechable Nitrilo Talla G 30 U,"0,10 € / 1 U","2,95 €",CONSUM
Droguería y limpieza,Accesorios y utensilios limpieza,Recambio Fregona Hilo Microfibra Trenzada 1 U,"1,50 € / 1 U","1,50 €",CONSUM
Droguería y limpieza,Accesorios y utensilios limpieza,Recambio Fregona Tiras de Microfibra 1 U,"3,50 € / 1 U","3,50 €",CONSUM
Droguería y limpieza,Accesorios y utensilios limpieza,Estropajo Salvauñas Superficies Delicadas 3 U,"0,25 € / 1 U","0,75 €",CONSUM
Droguería y limpieza,Accesorios y utensilios limpieza,Estropajo Baños Fibra Blanca 1 U,"1,00 € / 1 U","1,00 €",CONSUM
Droguería y limpieza,Accesorios y utensilios limpieza,"Spray Limpiamopas 0,75 L","0,37 € / 100 ml","2,80 €",CONSUM
Droguería y limpieza,Accesorios y utensilios limpieza,Borrador Mágico 3 U,"0,47 € / 1 U","1,40 €",CONSUM
Droguería y limpieza,Accesorios y utensilios limpieza,Spray Limpiagafas 30 ml 1 U,"2,25 € / 1 U","2,25 €",CONSUM
Droguería y limpieza,Accesorios y utensilios limpieza,Bayeta Microfibra XXL 4 Más 1 de Regalo 4 U,"0,98 € / 1 U","4,90 €",SPONTEX
Droguería y limpieza,Accesorios y utensilios limpieza,Estropajo Salvauñas 4 Más 4 Regalo 8 U,"0,41 € / 1 U","3,29 €",SPONTEX
Droguería y limpieza,Accesorios y utensilios limpieza,Mopa Atrapapolvo Más 10 Recambios 1 U,"4,50 € / 1 U","4,50 €",CONSUM
Droguería y limpieza,Accesorios y utensilios limpieza,Desatascador Fuelle 1 U,"1,79 € / 1 U","1,79 €",VIGAR
Droguería y limpieza,Accesorios y utensilios limpieza,Fregona Tiras Decoradas 2 U,"0,88 € / 1 U","1,75 €",CONSUM
Droguería y limpieza,Accesorios y utensilios limpieza,Recogedor Antivuelco con Palo 1 U,"1,55 € / 1 U","1,55 €",MIK
Droguería y limpieza,Accesorios y utensilios limpieza,Cubo Ovalado 12 L con Escurridor 1 U,"4,19 € / 1 U","4,19 €",MIK
Droguería y limpieza,Accesorios y utensilios limpieza,Bayeta Microfibra Pequeña 3 U,"0,55 € / 1 U","1,65 €",CONSUM
Droguería y limpieza,Accesorios y utensilios limpieza,Bayeta Microfibra Grande 3 U,"0,65 € / 1 U","1,95 €",CONSUM
Droguería y limpieza,Accesorios y utensilios limpieza,Plumero Atrapapolvo con 4 Recambios 1 U,"1,85 € / 1 U","1,85 €",WORLD ENERGY
Droguería y limpieza,Accesorios y utensilios limpieza,Bayeta Microfibra Multisuperficies 1 U,"1,15 € / 1 U","1,15 €",CONSUM
Droguería y limpieza,Accesorios y utensilios limpieza,Palo Antideslizante 140 cm 1 U,"1,19 € / 1 U","1,19 €",MIK
Droguería y limpieza,Accesorios y utensilios limpieza,Palo 140 cm Colors 1 U,"1,75 € / 1 U","1,75 €",MIK
Droguería y limpieza,Accesorios y utensilios limpieza,Palo Octogonal 140 cm 1 U,"2,19 € / 1 U","2,19 €",MIK
Droguería y limpieza,Accesorios y utensilios limpieza,Escoba Básica 1 U,"1,39 € / 1 U","1,39 €",MIK
Droguería y limpieza,Accesorios y utensilios limpieza,Escoba Multiusos 1 U,"2,69 € / 1 U","2,69 €",MIK
Droguería y limpieza,Accesorios y utensilios limpieza,Escoba Especial para Espacios Pequeños 1 U,"1,89 € / 1 U","1,89 €",MIK
Droguería y limpieza,Accesorios y utensilios limpieza,Escoba Exteriores 1 U,"2,89 € / 1 U","2,89 €",MIK
Droguería y limpieza,Accesorios y utensilios limpieza,Escoba Antichoque 1 U,"3,89 € / 1 U","3,89 €",MIK
Droguería y limpieza,Accesorios y utensilios limpieza,Estropajo Fibra Verde Classic 4 U,"0,47 € / 1 U","1,89 €",S.BRITE
Droguería y limpieza,Accesorios y utensilios limpieza,Bolsa Basura 50L Resistente Antigoteo 10 U,"0,26 € / 1 U","2,59 €",HANDY BAG
Droguería y limpieza,Accesorios y utensilios limpieza,Cepillo de Lavar con Asa 1 U,"1,59 € / 1 U","1,59 €",VIGAR
Droguería y limpieza,Accesorios y utensilios limpieza,Bayeta Microfibra 2+1 Gratis 3 U,"0,92 € / 1 U","2,75 €",SPONTEX
Droguería y limpieza,Accesorios y utensilios limpieza,Bolsa Basura Compostable 10 Litros 15 U,"0,12 € / 1 U","1,75 €",CONSUM
Droguería y limpieza,Accesorios y utensilios limpieza,Estropajo Almohadilla 2 U,"0,48 € / 1 U","0,95 €",DAVIDEL
Droguería y limpieza,Accesorios y utensilios limpieza,"Palo Extensible 1,5 m Multiusos 1 U","1,99 € / 1 U","1,99 €",MAYA
Droguería y limpieza,Accesorios y utensilios limpieza,Fregona Microfibra Hilo 2 U,"1,40 € / 1 U","2,80 €",CONSUM
Droguería y limpieza,Accesorios y utensilios limpieza,Cepillo Lavaplatos Standard 1 U,"1,25 € / 1 U","1,25 €",VIGAR
Droguería y limpieza,Ambientadores,Duplo Rec Ambientador Fresh Matic Nenuco 2 x 1 U,"4,38 € / 1 U","10,99 €
8,75 €",AIR WICK
Droguería y limpieza,Ambientadores,Ambientador Aerosol Pure Flor 250 ml,"19,56 € / 1 L","5,99 €
4,89 €",AIR WICK
Droguería y limpieza,Ambientadores,Recambio Ambientador Eléctrico Duplo Nenuco 2 U,"3,50 € / 1 U","9,49 €
6,99 €",AIR WICK
Droguería y limpieza,Ambientadores,Recambio Airwick Duplo F.Matic W.Buquet 1 U,"8,75 € / 1 U","10,99 €
8,75 €",AIRWICK
Droguería y limpieza,Ambientadores,Ambientador Aéreo Pure Nenuco 250 ml,"19,56 € / 1 L","5,99 €
4,89 €",AIRWICK
Droguería y limpieza,Ambientadores,Recambio Duplo Electrico White Bouquet 1 U,"6,99 € / 1 U","9,49 €
6,99 €",AIRWICK
Droguería y limpieza,Ambientadores,Ambientador WC Liquido Concentrado 1 U,"1,70 € / 1 U","1,70 €",FORESAN
Droguería y limpieza,Ambientadores,Ambientador Fresh Matic Oasis Turquesa Recambi 1 U,"5,99 € / 1 U","5,99 €",AIR WICK
Droguería y limpieza,Ambientadores,Recambio Mini Spray Oceánico 2 U,"0,90 € / 1 U","1,80 €",CONSUM
Droguería y limpieza,Ambientadores,Absorbe Olor Lavanda 2 U,"2,54 € / 1 U","5,07 €",GLADE
Droguería y limpieza,Ambientadores,Ambientador Fresh Matic Delicias Verano Recambi 1 U,"5,99 € / 1 U","5,99 €",AIR WICK
Droguería y limpieza,Ambientadores,Ambientador Aire Fresco Spray 300 ml,"1,37 € / 100 ml","4,10 €",OUST
Droguería y limpieza,Ambientadores,Ambientador Nenuco Aparato más Recambio 1 U,"6,50 € / 1 U","6,50 €",AIR WICK
Droguería y limpieza,Ambientadores,Ambientador Mini Spray Oceánico Apart.más Rec 1 U,"2,00 € / 1 U","2,00 €",CONSUM
Droguería y limpieza,Ambientadores,Recambio Eléctrico 3V Tatami Japonés 1 U,"5,99 € / 1 U","5,99 €",AMBIPUR
Droguería y limpieza,Ambientadores,Recipiente Anti Humedad Aparato más Recambio 1 U,"3,15 € / 1 U","3,15 €",LA LEVANTINA
Droguería y limpieza,Ambientadores,Recambio Aparato Anti Humedad 1 U,"2,00 € / 1 U","2,00 €",LA LEVANTINA
Droguería y limpieza,Ambientadores,Recambio Anti Humedad 3 U,"1,96 € / 1 U","5,89 €",LA LEVANTINA
Droguería y limpieza,Ambientadores,Anti Humedad Micro Aparato más Recambio 1 U,"2,09 € / 1 U","2,09 €",LA LEVANTINA
Droguería y limpieza,Ambientadores,Absorbe Olores para el Frigorífico 1 U,"1,80 € / 1 U","1,80 €",LA LEVANTINA
Droguería y limpieza,Ambientadores,Ambientador Deluxe Líquido Concentrado 1 U,"1,70 € / 1 U","1,70 €",FORESAN
Droguería y limpieza,Ambientadores,Recambio Ambientador Eléctrico Oasis Turquesa 1 U,"5,25 € / 1 U","5,25 €",AIR WICK
Droguería y limpieza,Ambientadores,Ambientador Instantáneo Pulverizador Brisa 400 ml,"0,60 € / 100 ml","2,39 €",ASEVI
Droguería y limpieza,Ambientadores,Recambio Ambientador Eléctrico Flor 1 U,"5,25 € / 1 U","5,25 €",AIR WICK
Droguería y limpieza,Ambientadores,Ambientador Freshmatic Aparato Difusor Nenuco 1 U,"9,25 € / 1 U","9,25 €",AIR WICK
Droguería y limpieza,Ambientadores,Ambientador Pulverizador Frutos Rojos 1 U,"2,79 € / 1 U","2,79 €",MYHOME
Droguería y limpieza,Ambientadores,Recambio Ambientador Esential Mist Lavanda 1 U,"6,99 € / 1 U","6,99 €",AIR WICK
Droguería y limpieza,Ambientadores,Recambio Ambientador Esential Mist Citrus 1 U,"6,99 € / 1 U","6,99 €",AIR WICK
Droguería y limpieza,Ambientadores,Ambientador Essential M. Aparato Explosión Cítrica 1 U,"12,99 € / 1 U","12,99 €",AIR WICK
Droguería y limpieza,Ambientadores,Recambio Eléctrico 3 Evolution Aire Fresco 1 U,"5,99 € / 1 U","5,99 €",AMBIPUR
Droguería y limpieza,Ambientadores,Recambio Lavanda Un Toque 2 más 1 Regalo 3 U,"2,32 € / 1 U","6,95 €",GLADE
Droguería y limpieza,Ambientadores,Recambio Marine Un Toque 2 más 1 Regalo 3 U,"2,32 € / 1 U","6,95 €",GLADE
Droguería y limpieza,Ambientadores,Ambientador Eléctrico Delicias Verano Rec. 1 U,"5,25 € / 1 U","5,25 €",AIR WICK
Droguería y limpieza,Ambientadores,Ambientador Hogar Desinfectante Tejidos 300 ml,"13,30 € / 1 L","3,99 €",SANYTOL
Droguería y limpieza,Ambientadores,Ambientador Pulverizador Ropa Limpia,"2,79 € / 1 U","2,79 €",MYHOME
Droguería y limpieza,Ambientadores,Ambientador SS&SP Lavanda Aparat.más Rec 1 U,"6,70 € / 1 U","6,70 €",GLADE
Droguería y limpieza,Ambientadores,Ambientador Un Toque Lavanda Ap.más Recam. 1 U,"4,75 € / 1 U","4,75 €",GLADE
Droguería y limpieza,Ambientadores,Recambio Ambientador Essential Mist Nenuco 1 U,"6,99 € / 1 U","6,99 €",AIR WICK
Droguería y limpieza,Ambientadores,Ambientador Eléctrico Relax Zen Aparato+Rec 1 U,"7,90 € / 1 U","7,90 €",GLADE
Droguería y limpieza,Ambientadores,Ambientador Eléctrico Ropa Limpia Recambio 1 U,"5,25 € / 1 U","5,25 €",GLADE
Droguería y limpieza,Ambientadores,Ambientador Coche Aire Fresco 1 U,"2,19 € / 1 U","2,19 €",MYHOME
Droguería y limpieza,Ambientadores,Ambientador Coche Frutos Rojos 1 U,"2,19 € / 1 U","2,19 €",MYHOME
Droguería y limpieza,Ambientadores,Recambio Ambientador Eléctrico Flores Blancas 1 U,"1,70 € / 1 U","1,70 €",CONSUM
Droguería y limpieza,Ambientadores,Recambio Ambientador Eléctrico Aire Fresco 1 U,"1,70 € / 1 U","1,70 €",CONSUM
Droguería y limpieza,Ambientadores,Difusor Eléctrico Ambientador 1 U,"1,40 € / 1 U","1,40 €",CONSUM
Droguería y limpieza,Ambientadores,Recambio Ambientador Eléctrico Vainilla 1 U,"1,70 € / 1 U","1,70 €",CONSUM
Droguería y limpieza,Ambientadores,Recambio Mini Spray Flores Blancas 2 U,"0,90 € / 1 U","1,80 €",CONSUM
Droguería y limpieza,Ambientadores,Recambio Ambientador Eléctrico Oceánico 1 U,"1,70 € / 1 U","1,70 €",CONSUM
Droguería y limpieza,Ambientadores,Ambientador Frutos del Bosque Pistola 250 ml,"0,92 € / 100 ml","2,29 €",CONSUM
Droguería y limpieza,Ambientadores,Ambientador Jardín Zen Pistola 250 ml,"0,92 € / 100 ml","2,29 €",CONSUM
Droguería y limpieza,Ambientadores,Ambientador Tropical Pistola 250 ml,"0,92 € / 100 ml","2,29 €",CONSUM
Droguería y limpieza,Ambientadores,Recambio Ambientador Eléctrico Colonia 1 U,"1,70 € / 1 U","1,70 €",CONSUM
Droguería y limpieza,Ambientadores,Bolsitas Perfumadas Aroma Ropa Limpia 3 U,"0,88 € / 1 U","2,65 €",CONSUM
Droguería y limpieza,Ambientadores,Bolsitas Perfumadas Aroma Floral 3 U,"0,88 € / 1 U","2,65 €",CONSUM
Droguería y limpieza,Ambientadores,Humidificador Blanco Brumizador 255 Ml 1 U,"9,99 € / 1 U","9,99 €",
Droguería y limpieza,Ambientadores,Recambio Humidificador Frutos Rojos 50 Ml 1 U,"3,99 € / 1 U","3,99 €",MYHOME
Droguería y limpieza,Ambientadores,Ambientador Varitas Frutos Rojos 1 U,"2,19 € / 1 U","2,19 €",CONSUM
Droguería y limpieza,Ambientadores,Ambientador Varitas Jazmín 1 U,"2,19 € / 1 U","2,19 €",CONSUM
Droguería y limpieza,Ambientadores,Ambientador Varitas Paraíso Azul 1 U,"2,19 € / 1 U","2,19 €",CONSUM
Droguería y limpieza,Ambientadores,Ambientador Perlas Frutos Rojos 1 U,"1,45 € / 1 U","1,45 €",CONSUM
Droguería y limpieza,Ambientadores,Ambientador Perlas Agua Fresca 1 U,"1,45 € / 1 U","1,45 €",CONSUM
Droguería y limpieza,Ambientadores,Ambientador Fresh Matic Ropa Limpia Recambio 1 U,"5,99 € / 1 U","5,99 €",FLOR
Droguería y limpieza,Ambientadores,Aparato Eléctrico 3Evolution 1 U,"3,99 € / 1 U","3,99 €",AMBIPUR
Droguería y limpieza,Ambientadores,Ambientador Mikado Tuberosa-Bergamota 1 U,"4,95 € / 1 U","4,95 €",AMBIENTAIR
Droguería y limpieza,Ambientadores,Ambientador Mikados Jazmín 100 ml,"4,95 € / 100 ml","4,95 €",AMBIENTAIR
Droguería y limpieza,Ambientadores,Ambientador White Jasmine 400 ml,"5,98 € / 1 L","2,39 €",ASEVI
Droguería y limpieza,Ambientadores,Ambientador Mikado Lavanda-Sándalo 80 ml,"9,99 € / 100 ml","7,99 €",GLADE
Droguería y limpieza,Ambientadores,Ambientador Baño Hierba Fresca 1 U,"3,99 € / 1 U","3,99 €",AMBIPUR
Droguería y limpieza,Ambientadores,Ambientador Aerosol Ropa Limpia 300 ml,"0,43 € / 100 ml","1,30 €",SPLASH
Droguería y limpieza,Ambientadores,Ambientador Aerosol Fantasía 300 ml,"0,43 € / 100 ml","1,30 €",SPLASH
Droguería y limpieza,Ambientadores,Ambientador Aerosol Colonia 300 ml,"0,43 € / 100 ml","1,30 €",SPLASH
Droguería y limpieza,Ambientadores,Ambientador Aerosol Lavanda 300 ml,"0,43 € / 100 ml","1,30 €",SPLASH
Droguería y limpieza,Ambientadores,Ambientador Recambio Ropa Limpia 250 ml,"0,78 € / 100 ml","1,95 €",SPLASH
Droguería y limpieza,Ambientadores,Ambientador Recambio Floral 250 ml,"0,78 € / 100 ml","1,95 €",SPLASH
Droguería y limpieza,Ambientadores,Ambientador Recambio Colonia 250 ml,"0,78 € / 100 ml","1,95 €",SPLASH
Droguería y limpieza,Ambientadores,Ambientador Eléctrico White Bouquet Aparato 1 U,"6,50 € / 1 U","6,50 €",AIRWICK
Droguería y limpieza,Ambientadores,Ambientador Aire Limpio Recambio Eléctrico 1 U,"5,99 € / 1 U","5,99 €",AMBIPUR
Droguería y limpieza,Ambientadores,Difusor Automático Aéreo sin Recambio 1 U,"5,95 € / 1 U","5,95 €",SPLASH
Droguería y limpieza,Ambientadores,Ambientador Active Fresh Difusor+Recambio 1 U,"7,99 € / 1 U","7,99 €",AIRWICK
Droguería y limpieza,Ambientadores,Ambientador Active Fresh Recambio Brisa Marina 1 U,"5,99 € / 1 U","5,99 €",AIRWICK
Droguería y limpieza,Ambientadores,Ambientador Active Fresh Recambio Flor de Jazmín 1 U,"5,99 € / 1 U","5,99 €",AIRWICK
Droguería y limpieza,Ambientadores,Ambientador Mikado Aromaterapia Energy 80 ml,"9,99 € / 100 ml","7,99 €",GLADE
Droguería y limpieza,Ambientadores,Ambientador Flor Fresa y Nata 1 U,"3,99 € / 1 U","3,99 €",THE FRUIT C
Droguería y limpieza,Ambientadores,Ambientador Coche Fresa y Nata 1 U,"1,99 € / 1 U","1,99 €",THE FRUIT C
Droguería y limpieza,Ambientadores,Ambientador Coche Melón 1 U,"1,99 € / 1 U","1,99 €",THE FRUIT C
Droguería y limpieza,Ambientadores,Ambientador Concentrado Pure 125 ml,"1,36 € / 100 ml","1,70 €",FORESAN
Droguería y limpieza,Insecticidas,Insecticida Friegasuelos 750 ml,"5,85 € / 1 L","4,39 €",DESIC
Droguería y limpieza,Insecticidas,Antipolillas colgador Lavanda Duplo 2 U,"1,88 € / 1 U","3,75 €",POLIL
Droguería y limpieza,Insecticidas,Trampa Cucarachas Doble Cebo 6 U,"1,00 € / 1 U","5,99 €",CUCAL
Droguería y limpieza,Insecticidas,Insecticida Cucarachas Spray 400 ml,"14,73 € / 1 L","5,89 €",CUCAL
Droguería y limpieza,Insecticidas,Insecticida Eléctrico Líquido Apto.+Recambio 1 U,"3,10 € / 1 U","3,10 €",PICAMOS
Droguería y limpieza,Insecticidas,Aerosol Repelente Insectos 100 ml,"8,99 € / 100 ml","8,99 €",AUTAN
Droguería y limpieza,Insecticidas,Antipolilla colgador lavanda 2 U,"0,63 € / 1 U","1,25 €",EFI-PROTECT
Droguería y limpieza,Insecticidas,Insecticida Permanente Spray 750 ml,"7,33 € / 1 L","5,50 €",ORO
Droguería y limpieza,Insecticidas,Antipolillas y antiácaros en pastillas lavanda 20 U,"0,14 € / 1 U","2,75 €",ORION
Droguería y limpieza,Insecticidas,Insecticida Voladores Moscas y Mosquitos 600 ml,"0,88 € / 100 ml","5,25 €",RAID
Droguería y limpieza,Insecticidas,Insecticida Eléctrico Aparato Líq. más 2rec. 1 U,"9,15 € / 1 U","9,15 €",BLOOM
Droguería y limpieza,Insecticidas,Antipolillas Trampa Alimentos 2 Más 1Regalo 3 U,"2,40 € / 1 U","7,19 €",POLIL
Droguería y limpieza,Insecticidas,Raticida Cebo Fresco 150 Gr,"17,33 € / 1 Kg","2,60 €",CUCHOL
Droguería y limpieza,Insecticidas,Antipolillas en pastillas Ropa Limpia 24 U,"0,05 € / 1 U","1,20 €",EFI-PROTECT
Droguería y limpieza,Insecticidas,Insecticida Eléctrico Ap. Líquido 45 Noches 1 U,"8,45 € / 1 U","8,45 €",RAID
Droguería y limpieza,Insecticidas,Recambio Insecticida Líquido 45 Noches 1 U,"4,99 € / 1 U","4,99 €",RAID
Droguería y limpieza,Insecticidas,Cebo Hormigas 1 U,"5,99 € / 1 U","5,99 €",RAID
Droguería y limpieza,Insecticidas,"Insecticida Multinsectos Aerosol 0,4 L","20,98 € / 1 L","8,39 €",BLOOM
Droguería y limpieza,Insecticidas,Insecticida Voladores Limón 750 ml,"0,30 € / 100 ml","2,25 €",EBOGÓN
Droguería y limpieza,Insecticidas,Insecticida Voladores Sin Olor 750 ml,"0,30 € / 100 ml","2,25 €",EBOGÓN
Droguería y limpieza,Insecticidas,"Insecticidas Cucarachas 0,4 L","5,63 € / 1 L","2,25 €",EBOGÓN
Droguería y limpieza,Insecticidas,Antipolilla Colgador Ropa Limpia 2 U,"0,63 € / 1 U","1,25 €",EFI-PROTECT
Droguería y limpieza,Insecticidas,Insecticida Líquido Multiusos 500 ml,"0,55 € / 100 ml","2,75 €",EBOGÓN
Droguería y limpieza,Insecticidas,Loción Elimina Piojos Con Lendrera 150 ml,"13,30 € / 100 ml","19,95 €",PARANIX
Droguería y limpieza,Insecticidas,Insecticida Eléctrico Líquido Recambio 1 U,"1,89 € / 1 U","1,89 €",EBOGÓN
Droguería y limpieza,Insecticidas,Insecticida Eléctrico Recambio Pastillas 30 U,"0,05 € / 1 U","1,60 €",EBOGÓN
Droguería y limpieza,Limpieza calzado y accesorios,Esponja Limpia Calzado 1 U,"1,50 € / 1 U","1,50 €",YAK
Droguería y limpieza,Limpieza calzado y accesorios,Crema Autobrillante Negro 50 ml,"4,38 € / 100 ml","2,19 €",BUFALO
Droguería y limpieza,Limpieza calzado y accesorios,Cepillo Betunero 1 U,"1,25 € / 1 U","1,25 €",
Droguería y limpieza,Limpieza calzado y accesorios,Cepillo Calzado 1 U,"2,00 € / 1 U","2,00 €",
Droguería y limpieza,Limpieza calzado y accesorios,Crema Calzado Marrón Tarro 2 en 1 40 ml,"7,48 € / 100 ml","2,99 €",BUFALO
Droguería y limpieza,Limpieza calzado y accesorios,Crema Calzado Negro Tarro 2 en 1 40 ml,"7,48 € / 100 ml","2,99 €",BUFALO
Droguería y limpieza,Limpieza calzado y accesorios,Crema Autobrillante Marrón 50 ml,"4,38 € / 100 ml","2,19 €",BUFALO
Droguería y limpieza,Limpieza calzado y accesorios,Crema Autobrillante Neutro 50 ml,"4,38 € / 100 ml","2,19 €",BUFALO
Droguería y limpieza,Limpieza calzado y accesorios,Crema Autobrillante Azul 50 ml,"4,38 € / 100 ml","2,19 €",BUFALO
Droguería y limpieza,Limpieza calzado y accesorios,Crema Autobrillante Blanco 50 ml,"4,38 € / 100 ml","2,19 €",BUFALO
Droguería y limpieza,Limpieza calzado y accesorios,Grasa de Caballo Protexol 75 ml,"3,67 € / 100 ml","2,75 €",BUFALO
Droguería y limpieza,Limpieza calzado y accesorios,Crema Calzado Neutro Tarro 2 en 1 40 ml,"7,48 € / 100 ml","2,99 €",BUFALO
Droguería y limpieza,Limpieza calzado y accesorios,Crema Calzado Azul Tarro 2 en 1 40 ml,"7,48 € / 100 ml","2,99 €",BUFALO
Droguería y limpieza,Limpieza calzado y accesorios,Cepillo Calzado para Ante-Nobuck 1 U,"3,99 € / 1 U","3,99 €",BUFALO
Droguería y limpieza,Limpieza calzado y accesorios,Esponja Limpiacalzado 1 U,"0,55 € / 1 U","0,55 €",CONSUM
Droguería y limpieza,Limpieza calzado y accesorios,Esponja Limpia Calzado Negro 1 U,"1,50 € / 1 U","1,50 €",YAK
Droguería y limpieza,Limpieza calzado y accesorios,Desodorante Calzado Desinfectante 150 ml 1 U,"3,75 € / 1 U","3,75 €",SANYTOL
Droguería y limpieza,Limpieza calzado y accesorios,Plantilla Memory Talla 22-46 1 U,"4,99 € / 1 U","4,99 €",ACHUCHONAS
Droguería y limpieza,Limpieza calzado y accesorios,Plantilla Sport Talla 41-46 1 U,"6,35 € / 1 U","6,35 €",ACHUCHONAS
Droguería y limpieza,Limpieza calzado y accesorios,Plantilla Gel Dual Talla 37-42 1 U,"4,69 € / 1 U","4,69 €",ACHUCHONAS
Droguería y limpieza,Limpieza calzado y accesorios,Plantilla Gel Talla 36-39 1 U,"3,99 € / 1 U","3,99 €",ACHUCHONAS
Droguería y limpieza,Limpieza calzado y accesorios,Plantilla Gel Talla 40-42 1 U,"3,99 € / 1 U","3,99 €",ACHUCHONAS
Droguería y limpieza,Limpieza calzado y accesorios,Polvos Desodorantes Calzado 100 Gr,"22,50 € / 1 Kg","2,25 €",ACHUCHONAS
Droguería y limpieza,Limpieza calzado y accesorios,Plantilla Piel Talla 33-45 1 U,"3,85 € / 1 U","3,85 €",ACHUCHONAS
Droguería y limpieza,Limpieza calzado y accesorios,Plantilla Aloe Talla Única 2 U,"1,20 € / 1 U","2,39 €",ACHUCHONAS
Droguería y limpieza,Limpieza calzado y accesorios,Plantillas Sport Talla 35-42 1 U,"6,35 € / 1 U","6,35 €",ACHUCHONAS
Droguería y limpieza,Limpieza calzado y accesorios,Plantilla Delantera 1 U,"2,19 € / 1 U","2,19 €",ACHUCHONAS
Droguería y limpieza,Limpieza calzado y accesorios,Cordón Plano Blanco 120 cm 1 U,"1,25 € / 1 U","1,25 €",ACHUCHONAS
Droguería y limpieza,Limpieza calzado y accesorios,Cordón Vestir Negro 75 cm 1 U,"1,25 € / 1 U","1,25 €",ACHUCHONAS
Droguería y limpieza,Limpieza calzado y accesorios,Cordón Vestir Marrón 75 cm 1 U,"1,25 € / 1 U","1,25 €",ACHUCHONAS
Droguería y limpieza,Limpieza calzado y accesorios,Plantillas Minigel 1 U,"2,99 € / 1 U","2,99 €",ACHUCHONAS
Droguería y limpieza,Limpieza calzado y accesorios,Plantilla Paseo Talla 37-45 1 U,"4,99 € / 1 U","4,99 €",ACHUCHONAS
Droguería y limpieza,Limpieza calzado y accesorios,Cordón Redondo Negro 160 cm 1 U,"1,25 € / 1 U","1,25 €",ACHUCHONAS
Droguería y limpieza,Limpieza calzado y accesorios,Cordón Plano Negro 110 cm 1 U,"1,25 € / 1 U","1,25 €",ACHUCHONAS
Droguería y limpieza,Limpieza calzado y accesorios,Talonera Alza Señora 2 U,"1,85 € / 1 U","3,69 €",ACHUCHONA
Droguería y limpieza,Limpieza calzado y accesorios,Talonera Alza Caballero 2 U,"1,85 € / 1 U","3,69 €",ACHUCHONA
Droguería y limpieza,Limpieza calzado y accesorios,Plantillas Memory Gel 2 U,"3,00 € / 1 U","5,99 €",ACHUCHONAS
Droguería y limpieza,Limpieza calzado y accesorios,Plantilla Memory Work Talla 40-45 1 U,"7,99 € / 1 U","7,99 €",ACHUCHONAS
Droguería y limpieza,Limpieza calzado y accesorios,Limpiador Calzado Deportivo 50 ml,"2,90 € / 100 ml","1,45 €",CONSUM
Droguería y limpieza,Limpieza calzado y accesorios,Crema Calzado Azul 50 ml,"1,90 € / 100 ml","0,95 €",CONSUM
Droguería y limpieza,Limpieza calzado y accesorios,Crema Calzado Blanco 50 ml,"1,90 € / 100 ml","0,95 €",CONSUM
Droguería y limpieza,Limpieza calzado y accesorios,Crema Calzado Marrón 50 ml,"1,90 € / 100 ml","0,95 €",CONSUM
Droguería y limpieza,Limpieza calzado y accesorios,Crema Calzado Negro 50 ml,"1,90 € / 100 ml","0,95 €",CONSUM
Droguería y limpieza,Limpieza calzado y accesorios,Crema Calzado Neutro Incoloro 50 ml,"1,90 € / 100 ml","0,95 €",CONSUM
Droguería y limpieza,Limpieza calzado y accesorios,Talonera Gel Dual Señora 1 U,"3,99 € / 1 U","3,99 €",ACHUCHONAS
Droguería y limpieza,Limpieza calzado y accesorios,Talonera Gel Dual Caballero 1 U,"3,99 € / 1 U","3,99 €",ACHUCHONAS
Droguería y limpieza,Limpieza calzado y accesorios,Plantilla 3/4 Fascitis Talla 37-40 1 U,"6,99 € / 1 U","6,99 €",ACHUCHONAS
Droguería y limpieza,Limpieza calzado y accesorios,Plantilla 3/4 Fascitis Talla 41-44 1 U,"6,99 € / 1 U","6,99 €",ACHUCHONAS
Droguería y limpieza,Limpieza calzado y accesorios,Protector Talón y Planta 1 U,"3,99 € / 1 U","3,99 €",ACHUCHONAS
Cuidado personal,Cuidado del cabello,Acondicionador Cabello Natural 1000 ml,"1,20 € / 1 L","1,50 €
1,20 €",ANIAN
Cuidado personal,Cuidado del cabello,Tinte Chocolate Nº37 1 U,"2,99 € / 1 U","3,65 €
2,99 €",COLORSILK
Cuidado personal,Cuidado del cabello,Tinte Castaño Oscuro Nº30 1 U,"2,99 € / 1 U","3,65 €
2,99 €",COLORSILK
Cuidado personal,Cuidado del cabello,Tinte Negro Nº10 1 U,"2,99 € / 1 U","3,65 €
2,99 €",COLORSILK
Cuidado personal,Cuidado del cabello,Tinte Castaño Medio Nº41 1 U,"2,99 € / 1 U","3,65 €
2,99 €",COLORSILK
Cuidado personal,Cuidado del cabello,Tinte Castaño Claro Nº51 1 U,"2,99 € / 1 U","3,65 €
2,99 €",COLORSILK
Cuidado personal,Cuidado del cabello,Tinte Rubio Oscuro Ceniza Nº60 1 U,"2,99 € / 1 U","3,65 €
2,99 €",COLORSILK
Cuidado personal,Cuidado del cabello,Laca Cabello Normal 400 ml,"1,38 € / 100 ml","6,90 €
5,50 €",ELNETT
Cuidado personal,Cuidado del cabello,Crema de Peinado Look Tupé 125 ml,"3,28 € / 100 ml","4,85 €
4,10 €",GIORGI
Cuidado personal,Cuidado del cabello,Laca Fijación Normal 300 ml,"1,48 € / 100 ml","5,59 €
4,45 €",ELNETT
Cuidado personal,Cuidado del cabello,Tinte Castaño Cobrizo Dorado Nº46 1 U,"2,99 € / 1 U","3,65 €
2,99 €",COLORSILK
Cuidado personal,Cuidado del cabello,Tinte Rubio Oscuro Nº61 1 U,"2,99 € / 1 U","3,65 €
2,99 €",COLORSILK
Cuidado personal,Cuidado del cabello,Tinte Borgoña Nº48 1 U,"2,99 € / 1 U","3,65 €
2,99 €",COLORSILK
Cuidado personal,Cuidado del cabello,Tinte Nº3 Rubio Ultra Claro Brillant. 1 U,"2,99 € / 1 U","3,65 €
2,99 €",COLORSILK
Cuidado personal,Cuidado del cabello,Tinte Nº80 Rubio Claro Ceniza 1 U,"2,99 € / 1 U","3,65 €
2,99 €",COLORSILK
Cuidado personal,Cuidado del cabello,Champú Cabello Normal 650 ml,"0,46 € / 100 ml","3,60 €
2,99 €",FLEX
Cuidado personal,Cuidado del cabello,Champú Fortificante 650 ml,"0,46 € / 100 ml","3,60 €
2,99 €",FLEX
Cuidado personal,Cuidado del cabello,Laca Cabello Teñido Fijación Fuerte 400 ml,"1,50 € / 100 ml","7,59 €
5,99 €",ELNETT
Cuidado personal,Cuidado del cabello,Mascarilla HB Keratina Cabello Liso 320 ml,"1,25 € / 100 ml","4,99 €
3,99 €",FRUCTIS
Cuidado personal,Cuidado del cabello,Mascarilla HB Proteína Cabellos rizados 320 ml,"1,25 € / 100 ml","4,99 €
3,99 €",FRUCTIS
Cuidado personal,Cuidado del cabello,Champú Pure Fresh Coco Raíz grasa puntas secas 380 ml,"0,89 € / 100 ml","4,19 €
3,39 €",FRUCTIS
Cuidado personal,Cuidado del cabello,Champú Fortificante Fuerza y Brillo 380 ml,"0,89 € / 100 ml","4,19 €
3,39 €",FRUCTIS
Cuidado personal,Cuidado del cabello,Champú Nutri Rizos Cabello ondulado 380 ml,"0,89 € / 100 ml","4,19 €
3,39 €",FRUCTIS
Cuidado personal,Cuidado del cabello,Champú Liso y Brillo Alisador 380 ml,"0,89 € / 100 ml","4,19 €
3,39 €",FRUCTIS
Cuidado personal,Cuidado del cabello,Champú Adiós Daños Fortificante y reparador 380 ml,"0,89 € / 100 ml","4,19 €
3,39 €",FRUCTIS
Cuidado personal,Cuidado del cabello,Champú Aloe Hydra B Cabello deshidratado 380 ml,"0,89 € / 100 ml","4,19 €
3,39 €",FRUCTIS
Cuidado personal,Cuidado del cabello,Mascarilla Hair Food Banana 390 ml,"1,25 € / 100 ml","6,25 €
4,99 €",FRUCTIS
Cuidado personal,Cuidado del cabello,Espuma en Crema Rizos Definidos 150 ml,"1,90 € / 100 ml","3,35 €
2,85 €",GIORGI
Cuidado personal,Cuidado del cabello,Cera En Gel Look Natural 145 ml,"2,18 € / 100 ml","3,75 €
3,15 €",GIORGI
Cuidado personal,Cuidado del cabello,Crema Nutri Rizos Secado al Aire 400 ml,"0,95 € / 100 ml","5,50 €
3,80 €",FRUCTIS
Cuidado personal,Cuidado del cabello,Mascarilla Hair Sandía 390 ml,"1,25 € / 100 ml","6,25 €
4,99 €",FRUCTIS
Cuidado personal,Cuidado del cabello,Polvos Texturizantes 1 U,"6,28 € / 1 U","6,28 €",GOT2B
Cuidado personal,Cuidado del cabello,Champú Hair Food Sandía 350 ml,"1,22 € / 100 ml","5,29 €
4,29 €",FRUCTIS
Cuidado personal,Cuidado del cabello,Cera en Gel Tupé 145 ml,"2,00 € / 100 ml","3,45 €
2,90 €",GIORGI
Cuidado personal,Cuidado del cabello,Espuma Extrafuerte 300 ml,"0,64 € / 100 ml","2,00 €
1,90 €",KYREY
Cuidado personal,Cuidado del cabello,Tinte Cejas Castaño Claro 1 U,"8,49 € / 1 U","8,49 €",SCHWARZKOPF
Cuidado personal,Cuidado del cabello,Tinte Cejas Castaño Oscuro 1 U,"8,49 € / 1 U","8,49 €",SCHWARZKOPF
Cuidado personal,Cuidado del cabello,Champú Vitamin Force Fortificante. Cabello frágil 380 ml,"0,89 € / 100 ml","4,19 €
3,39 €",FRUCTIS
Cuidado personal,Cuidado del cabello,Champú Keratina Brasileña 385 ml,"2,08 € / 100 ml","7,99 €",OGX
Cuidado personal,Cuidado del cabello,Champú Aceite De Argán 385 ml,"2,08 € / 100 ml","7,99 €",OGX
Cuidado personal,Cuidado del cabello,Mascarilla Aceite De Argán 300 ml,"3,00 € / 100 ml","8,99 €",OGX
Cuidado personal,Cuidado del cabello,Champú Biotina 385 ml,"2,08 € / 100 ml","7,99 €",OGX
Cuidado personal,Cuidado del cabello,Champú Cebolla & Biotina 400 ml,"0,61 € / 100 ml","2,99 €
2,45 €",ANIAN
Cuidado personal,Cuidado del cabello,Champú Anticaspa Mentol 400 ml,"0,61 € / 100 ml","2,99 €
2,45 €",ANIAN
Cuidado personal,Cuidado del cabello,Champú Anticaspa Clásico 400 ml,"0,61 € / 100 ml","2,99 €
2,45 €",ANIAN
Cuidado personal,Cuidado del cabello,Tinte 27 Castaño Cálido Profundo Sin Amoniaco 1 U,"2,99 € / 1 U","3,65 €
2,99 €",COLORSILK
Cuidado personal,Cuidado del cabello,Tinte 55 Castaño Rojizo Sin Amoniaco 1 U,"2,99 € / 1 U","3,65 €
2,99 €",COLORSILK
Cuidado personal,Cuidado del cabello,Tinte 8.0 Rubio Miel Sin Amoniaco 1 U,"9,95 € / 1 U","9,95 €",GARNIER
Cuidado personal,Cuidado del cabello,Tinte 2.0 Negro Trufa Sin Amoniaco 1 U,"9,95 € / 1 U","9,95 €",GARNIER
Cuidado personal,Cuidado del cabello,Tinte 5.0 Castaño Café sin Amoniaco 1 U,"9,95 € / 1 U","9,95 €",GARNIER
Cuidado personal,Cuidado del cabello,Tinte 4.15 Marrón Glacé Castaño sin Amoniaco 1 U,"9,95 € / 1 U","9,95 €",GARNIER
Cuidado personal,Cuidado del cabello,Tinte 7.0 Rubio Almendra sin Amoniaco 1 U,"9,95 € / 1 U","9,95 €",GARNIER
Cuidado personal,Cuidado del cabello,Castaño Mocaccino sin Amoniaco 1 U,"9,95 € / 1 U","9,95 €",GARNIER
Cuidado personal,Cuidado del cabello,Champú En Seco Extra Fresh 200 ml,"2,00 € / 100 ml","3,99 €",GOT2B
Cuidado personal,Cuidado del cabello,Crema Gel sin Aclarado Aloe 400 ml,"0,95 € / 100 ml","5,50 €
3,80 €",FRUCTIS
Cuidado personal,Cuidado del cabello,Spray Fijación Protector de Calor 170 ml,"2,82 € / 100 ml","5,99 €
4,80 €",ELNETT
Cuidado personal,Cuidado del cabello,Acondicionador Bifásico Definición 400 ml,"0,81 € / 100 ml","3,99 €
3,25 €",ANIAN
Cuidado personal,Cuidado del cabello,Acondicionador Bifásico Hidratación 400 ml,"0,81 € / 100 ml","3,99 €
3,25 €",ANIAN
Cuidado personal,Cuidado del cabello,Tinte Nº5.6 Caoba 1 U,"6,99 € / 1 U","6,99 €",LLONGUERAS
Cuidado personal,Cuidado del cabello,Laca 125 ml,"1,68 € / 100 ml","2,10 €",NELLY
Cuidado personal,Cuidado del cabello,Tinte Nº3 Castaño Oscuro 1 U,"7,20 € / 1 U","7,20 €",EXCELLENCE
Cuidado personal,Cuidado del cabello,Tinte Nº4 Castaño 1 U,"7,20 € / 1 U","7,20 €",EXCELLENCE
Cuidado personal,Cuidado del cabello,Tinte Nº6 Rubio Oscuro 1 U,"7,20 € / 1 U","7,20 €",EXCELLENCE
Cuidado personal,Cuidado del cabello,Tinte Nº7 Rubio 1 U,"7,20 € / 1 U","7,20 €",EXCELLENCE
Cuidado personal,Cuidado del cabello,Tinte Nº8 Rubio Claro 1 U,"7,20 € / 1 U","7,20 €",EXCELLENCE
Cuidado personal,Cuidado del cabello,Tinte Nº7.1 Rubio Ceniza 1 U,"7,20 € / 1 U","7,20 €",EXCELLENCE
Cuidado personal,Cuidado del cabello,Tinte Nº8.1 Claro Ceniza 1 U,"7,20 € / 1 U","7,20 €",EXCELLENCE
Cuidado personal,Cuidado del cabello,Tinte Nº9.1 Rubio Muy Claro Ceniza 1 U,"7,20 € / 1 U","7,20 €",EXCELLENCE
Cuidado personal,Cuidado del cabello,Tinte N.7.3 Rubio Dorado 1 U,"7,20 € / 1 U","7,20 €",EXCELLENCE
Cuidado personal,Cuidado del cabello,Laca Cabello Normal 400 ml,"0,59 € / 100 ml","2,35 €",NELLY
Cuidado personal,Cuidado del cabello,Tinte Nº9 Rubio Claro Clarisimo 1 U,"6,99 € / 1 U","6,99 €",LLONGUERAS
Cuidado personal,Cuidado del cabello,Tinte Nº8 Rubio 1 U,"6,99 € / 1 U","6,99 €",LLONGUERAS
Cuidado personal,Cuidado del cabello,Espuma Rizos Style 200 ml,"1,65 € / 100 ml","3,30 €",FRUCTIS
Cuidado personal,Cuidado del cabello,Gel Fijador Wet Look Fuerte 200 ml,"1,38 € / 100 ml","2,75 €",FRUCTIS
Cuidado personal,Cuidado del cabello,Tinte Nº6 Rubio Oscuro 1 U,"6,99 € / 1 U","6,99 €",LLONGUERAS
Cuidado personal,Cuidado del cabello,Tinte Nº5 Castaño Claro 1 U,"6,99 € / 1 U","6,99 €",LLONGUERAS
Cuidado personal,Cuidado del cabello,Tinte Nº7 Rubio Medio 1 U,"6,99 € / 1 U","6,99 €",LLONGUERAS
Cuidado personal,Cuidado del cabello,Tinte Nº8.3 Rubio 1 U,"6,99 € / 1 U","6,99 €",LLONGUERAS
Cuidado personal,Cuidado del cabello,Champú Ultra Suave Niños 400 ml,"0,90 € / 100 ml","3,59 €",GARNIER
Cuidado personal,Cuidado del cabello,Champú 2 en 1 Delicado 400 ml,"0,79 € / 100 ml","3,15 €",TIMOTEI
Cuidado personal,Cuidado del cabello,Tinte Nº525 Marrón Chocolate 1 U,"6,99 € / 1 U","6,99 €",LLONGUERAS
Cuidado personal,Cuidado del cabello,Laca Antiencrespamiento 400 ml,"0,97 € / 100 ml","3,89 €",NELLY
Cuidado personal,Cuidado del cabello,Mascarilla Total Repair5 310 ml,"1,45 € / 100 ml","4,50 €",ELVIVE
Cuidado personal,Cuidado del cabello,Mascarilla Color Vive 310 ml,"1,45 € / 100 ml","4,50 €",ELVIVE
Cuidado personal,Cuidado del cabello,Tinte Nº8 Rubio Claro 1 U,"4,69 € / 1 U","4,69 €",PALETTE
Cuidado personal,Cuidado del cabello,Tinte Nº6 Rubio Oscuro 1 U,"4,69 € / 1 U","4,69 €",PALETTE
Cuidado personal,Cuidado del cabello,Tinte Nº5 Castaño Claro 1 U,"4,69 € / 1 U","4,69 €",PALETTE
Cuidado personal,Cuidado del cabello,Tinte Nº3.65 Castaño Chocolate 1 U,"4,69 € / 1 U","4,69 €",PALETTE
Cuidado personal,Cuidado del cabello,Tinte Nº 3 Castaño Oscuro 1 U,"4,69 € / 1 U","4,69 €",PALETTE
Cuidado personal,Cuidado del cabello,Tinte Nº1 Negro 1 U,"4,69 € / 1 U","4,69 €",PALETTE
Cuidado personal,Cuidado del cabello,Tinte Nº1.1 Negro Azulado 1 U,"4,69 € / 1 U","4,69 €",PALETTE
Cuidado personal,Cuidado del cabello,Cera Peinado Nº4 Poder Mate 100 ml,"3,89 € / 100 ml","3,89 €",NELLY
Cuidado personal,Cuidado del cabello,Quitamanchas Tinte 100 ml,"2,85 € / 100 ml","2,85 €",NELLY
Cuidado personal,Cuidado del cabello,Paletina Tinte 1 U,"1,25 € / 1 U","1,25 €",PONETTE
Cuidado personal,Cuidado del cabello,Gel Dark Temptation 400 ml,"0,84 € / 100 ml","3,35 €",AXE
Cuidado personal,Cuidado del cabello,Laca Brillo Fuerte 400 ml,"0,78 € / 100 ml","3,10 €",NELLY
Cuidado personal,Cuidado del cabello,Champú Fresco y Puro 400 ml,"0,79 € / 100 ml","3,15 €",TIMOTEI
Cuidado personal,Cuidado del cabello,Tinte Creme Gloss 535 Chocolat 1 U,"6,00 € / 1 U","6,00 €",CASTING
Cuidado personal,Cuidado del cabello,Tinte Creme Gloss 300 Chat Fon 1 U,"6,00 € / 1 U","6,00 €",CASTING
Cuidado personal,Cuidado del cabello,Tinte Creme Gloss 500 Chat 1 U,"6,00 € / 1 U","6,00 €",CASTING
Cuidado personal,Cuidado del cabello,Tinte Creme Gloss 600 Blond 1 U,"6,00 € / 1 U","6,00 €",CASTING
Cuidado personal,Cuidado del cabello,Tinte Creme Gloss 515 Moka 1 U,"6,00 € / 1 U","6,00 €",CASTING
Cuidado personal,Cuidado del cabello,Tinte Creme Gloss 630 1 U,"6,00 € / 1 U","6,00 €",CASTING
Cuidado personal,Cuidado del cabello,Mascarilla Sin Aclarado Extra Brillo 150 ml,"3,66 € / 100 ml","5,49 €",GLISS
Cuidado personal,Cuidado del cabello,Tinte 4.15 Chocolate 1 U,"7,39 € / 1 U","7,39 €",OLIA
Cuidado personal,Cuidado del cabello,Tinte 5.0 Castaño Claro 1 U,"7,39 € / 1 U","7,39 €",OLIA
Cuidado personal,Cuidado del cabello,Tinte 6.0 Rubio Oscuro 1 U,"7,39 € / 1 U","7,39 €",OLIA
Cuidado personal,Cuidado del cabello,Tinte 7.0 Rubio 1 U,"7,39 € / 1 U","7,39 €",OLIA
Cuidado personal,Cuidado del cabello,Tinte Color Sensation Nº1 Negro 1 U,"3,50 € / 1 U","3,50 €",GARNIER
Cuidado personal,Cuidado del cabello,Tinte Color Sensation Nº3 Castaño Oscuro 1 U,"3,50 € / 1 U","3,50 €",GARNIER
Cuidado personal,Cuidado del cabello,Tinte Color Sensation Nº4.15 Chocolate 1 U,"3,50 € / 1 U","3,50 €",GARNIER
Cuidado personal,Cuidado del cabello,Tinte Color Sensation 5 Castaño Luminoso 1 U,"3,50 € / 1 U","3,50 €",GARNIER
Cuidado personal,Cuidado del cabello,Tinte Color Sensation Nº6 Rubio Oscuro 1 U,"3,50 € / 1 U","3,50 €",GARNIER
Cuidado personal,Cuidado del cabello,Tinte Color Sensation Nº6.35 Rubio Caramelo 1 U,"3,50 € / 1 U","3,50 €",GARNIER
Cuidado personal,Cuidado del cabello,Tinte Color Sensation Nº8 Rubio Luminoso 1 U,"3,50 € / 1 U","3,50 €",GARNIER
Cuidado personal,Cuidado del cabello,Aceite Cabello Universal 100 ml,"9,95 € / 100 ml","9,95 €",ELVIVE
Cuidado personal,Cuidado del cabello,Aclarante Intensivo Blonde 1 U,"6,29 € / 1 U","6,29 €",NORDIC
Cuidado personal,Cuidado del cabello,Tinte 7.5 Rubio Dorado Caramelo 1 U,"4,69 € / 1 U","4,69 €",PALETTE
Cuidado personal,Cuidado del cabello,Ampollas Rescate Color Fuerza y Brillo 15 ml,"1,48 € / 1 U","4,45 €",PANTENE
Cuidado personal,Cuidado del cabello,Champú Cabellos Blancos 250 ml,"0,92 € / 100 ml","2,29 €",NELLY
Cuidado personal,Cuidado del cabello,Protector Térmico 200 ml,"1,50 € / 100 ml","2,99 €",NELLY
Cuidado personal,Cuidado del cabello,Tinte Rubio Medio Tofee 1 U,"4,69 € / 1 U","4,69 €",PALETTE
Cuidado personal,Cuidado del cabello,Agua de Peinado 200 ml,"1,18 € / 100 ml","2,35 €",NELLY
Cuidado personal,Cuidado del cabello,Mascarilla Aceite Extraordinario 300 ml,"1,45 € / 100 ml","4,50 €",ELVIVE
Cuidado personal,Cuidado del cabello,Tinte Color Sensation Nº6.60 1 U,"3,50 € / 1 U","3,50 €",GARNIER
Cuidado personal,Cuidado del cabello,Mascarilla Tesoro de Miel Reparadora 340 ml,"1,47 € / 100 ml","4,99 €",ORIG.REMEDIS
Cuidado personal,Cuidado del cabello,Mascarilla Oliva Mítica Nutrición extrema 340 ml,"1,47 € / 100 ml","4,99 €",ORIG.REMEDIS
Cuidado personal,Cuidado del cabello,Aceite en Crema Oliva Mítica 200 ml,"1,58 € / 100 ml","3,15 €",ORIG.REMEDIS
Cuidado personal,Cuidado del cabello,Tinte 8.1 Rubio Claro Ceniza 1 U,"4,69 € / 1 U","4,69 €",PALETTE
Cuidado personal,Cuidado del cabello,Loción Cabello Camomila Rubio Natural 100 ml,"8,80 € / 100 ml","8,80 €",INTEA
Cuidado personal,Cuidado del cabello,Laca Fuerte 400 ml,"0,65 € / 100 ml","2,59 €",NELLY
Cuidado personal,Cuidado del cabello,Champú Aceite Extraordinario 380 ml,"1,16 € / 100 ml","4,39 €",ELVIVE
Cuidado personal,Cuidado del cabello,Champú Color Vive 380 ml,"1,09 € / 100 ml","4,15 €",ELVIVE
Cuidado personal,Cuidado del cabello,Champú Total Repair 5 380 ml,"1,16 € / 100 ml","4,39 €",ELVIVE
Cuidado personal,Cuidado del cabello,Botella Vacía Dosificador 1 U,"0,99 € / 1 U","0,99 €",PONETTE
Cuidado personal,Cuidado del cabello,Tinte Nº10 Rubio Clarísimo 1 U,"7,20 € / 1 U","7,20 €",EXCELLENCE
Cuidado personal,Cuidado del cabello,Recipiente para Tinte 1 U,"0,99 € / 1 U","0,99 €",PONETTE
Cuidado personal,Cuidado del cabello,Champú Reflejos Dorados 400 ml,"0,79 € / 100 ml","3,15 €",TIMOTEI
Cuidado personal,Cuidado del cabello,Gel Fijador Extrafuerte Style 200 ml,"1,70 € / 100 ml","3,40 €",FRUCTIS
Cuidado personal,Cuidado del cabello,Horquilla Moño Negra 24 U,"0,06 € / 1 U","1,55 €",PONETTE
Cuidado personal,Cuidado del cabello,Gel Fijador Perfect Fix 50 ml,"3,20 € / 100 ml","1,60 €",GIORGI
Cuidado personal,Cuidado del cabello,Cepillo Desenreda Fácil 1 U,"4,99 € / 1 U","4,99 €",PONETTE
Cuidado personal,Cuidado del cabello,Redecillas Pelo Invisibles 2 U,"0,68 € / 1 U","1,35 €",BETER
Cuidado personal,Cuidado del cabello,Acondicionador Bifásico 100 ml,"2,25 € / 100 ml","2,25 €",NELLY
Cuidado personal,Cuidado del cabello,Tinte Nº1 Negro 1 U,"6,99 € / 1 U","6,99 €",LLONGUERAS
Cuidado personal,Cuidado del cabello,Tinte Nº1 Negro 1 U,"7,20 € / 1 U","7,20 €",EXCELLENCE
Cuidado personal,Cuidado del cabello,Tinte Nº6.46 Rubio Cobrizo 1 U,"7,20 € / 1 U","7,20 €",EXCELLENCE
Cuidado personal,Cuidado del cabello,Tinte Mechas M1 Ultra 1 U,"7,99 € / 1 U","7,99 €",NORDIC
Cuidado personal,Cuidado del cabello,Tinte Creme Gloss 210 Noir Ble 1 U,"6,00 € / 1 U","6,00 €",CASTING
Cuidado personal,Cuidado del cabello,Tinte Creme Gloss 316 Prune 1 U,"6,00 € / 1 U","6,00 €",CASTING
Cuidado personal,Cuidado del cabello,Tinte 1.0 Negro Ebano 1 U,"7,39 € / 1 U","7,39 €",OLIA
Cuidado personal,Cuidado del cabello,Tinte 10.1 Rubio Extraclaro 1 1 U,"7,39 € / 1 U","7,39 €",OLIA
Cuidado personal,Cuidado del cabello,Tinte 4.0 Castaño 1 U,"7,39 € / 1 U","7,39 €",OLIA
Cuidado personal,Cuidado del cabello,Tinte 8.0 Rubio Claro 1 U,"7,39 € / 1 U","7,39 €",OLIA
Cuidado personal,Cuidado del cabello,Tinte 9.0 Rubio Muy Claro 1 U,"7,39 € / 1 U","7,39 €",OLIA
Cuidado personal,Cuidado del cabello,Tinte 4.99 Violín 1 U,"4,69 € / 1 U","4,69 €",PALETTE
Cuidado personal,Cuidado del cabello,Pulverizador 250 ml,"0,80 € / 100 ml","1,99 €",PONETTE
Cuidado personal,Cuidado del cabello,Tinte 110 Super Blonds 1 U,"7,39 € / 1 U","7,39 €",OLIA
Cuidado personal,Cuidado del cabello,Tinte Color Sensation Nº110 Rubio Ex.Claro 1 U,"3,50 € / 1 U","3,50 €",GARNIER
Cuidado personal,Cuidado del cabello,Mousse Rizos 200 ml,"2,48 € / 100 ml","4,95 €",ELNETT
Cuidado personal,Cuidado del cabello,Desenredante Kids 250 ml,"0,68 € / 100 ml","1,70 €",CONSUM KIDS
Cuidado personal,Cuidado del cabello,Laca Fijación Fuerte 75 ml,"5,00 € / 100 ml","3,75 €",ELNETT
Cuidado personal,Cuidado del cabello,Espuma Color Plata 150 ml,"2,53 € / 100 ml","3,79 €",NELLY
Cuidado personal,Cuidado del cabello,Tijeras Nariz y Orejas Punta Redondeada 1 U,"4,99 € / 1 U","4,99 €",BETER
Cuidado personal,Cuidado del cabello,Champú Anticaspa Dermo Capilar 250 ml,"4,78 € / 100 ml","11,95 €",EUCERIN
Cuidado personal,Cuidado del cabello,Champú Hidratación 100 ml,"1,49 € / 100 ml","1,49 €",TRESEMME
Cuidado personal,Cuidado del cabello,Acondicionador Hidratación Intensa 100 ml,"1,49 € / 100 ml","1,49 €",TRESEMME
Cuidado personal,Cuidado del cabello,Espuma Rizo Marcado 100 ml,"2,10 € / 100 ml","2,10 €",GIORGI
Cuidado personal,Cuidado del cabello,Laca Spray Formato Viaje 75 ml,"1,72 € / 100 ml","1,29 €",NELLY
Cuidado personal,Cuidado del cabello,Tinte 5.3 Capuccino 1 U,"7,39 € / 1 U","7,39 €",OLIA
Cuidado personal,Cuidado del cabello,Leche Diseñadora Rizos 200 ml,"2,43 € / 100 ml","4,85 €",FRUCTIS
Cuidado personal,Cuidado del cabello,Mascarilla cabellos blancos 150 ml,"3,03 € / 100 ml","4,55 €",NELLY
Cuidado personal,Cuidado del cabello,Cepillo Neumático Grande 1 U,"1,99 € / 1 U","1,99 €",PONETTE
Cuidado personal,Cuidado del cabello,Clip Negro 20 U,"0,08 € / 1 U","1,55 €",PONETTE
Cuidado personal,Cuidado del cabello,Tinte Color Sensation 7 1 U,"3,50 € / 1 U","3,50 €",GARNIER
Cuidado personal,Cuidado del cabello,Cepillo Raqueta 1 U,"2,99 € / 1 U","2,99 €",PONETTE
Cuidado personal,Cuidado del cabello,Cepillo Esqueleto Grande 1 U,"1,99 € / 1 U","1,99 €",PONETTE
Cuidado personal,Cuidado del cabello,Cepillo Neumático Pequeño 1 U,"1,10 € / 1 U","1,10 €",PONETTE
Cuidado personal,Cuidado del cabello,Goma Básica Pequeña 20 Unidades 20 U,"0,05 € / 1 U","0,99 €",PONETTE
Cuidado personal,Cuidado del cabello,Cepillo Redondo Madera 1 U,"2,99 € / 1 U","2,99 €",PONETTE
Cuidado personal,Cuidado del cabello,Peineta Afro 1 U,"1,99 € / 1 U","1,99 €",PONETTE
Cuidado personal,Cuidado del cabello,Clip Rubio 20 U,"0,08 € / 1 U","1,55 €",PONETTE
Cuidado personal,Cuidado del cabello,Peine Grande 1 U,"0,99 € / 1 U","0,99 €",PONETTE
Cuidado personal,Cuidado del cabello,Pinza Pequeña 1 U,"1,99 € / 1 U","1,99 €",PONETTE
Cuidado personal,Cuidado del cabello,Goma Metálica Pequeña 20 U,"0,05 € / 1 U","0,99 €",PONETTE
Cuidado personal,Cuidado del cabello,Diadema Infantil 1 U,"1,99 € / 1 U","1,99 €",PONETTE
Cuidado personal,Cuidado del cabello,Pinza Grande 1 U,"1,99 € / 1 U","1,99 €",PONETTE
Cuidado personal,Cuidado del cabello,Rana Pequeña 6 unidades 6 U,"0,17 € / 1 U","0,99 €",PONETTE
Cuidado personal,Cuidado del cabello,Peine Cola de Ratón 1 U,"0,99 € / 1 U","0,99 €",PONETTE
Cuidado personal,Cuidado del cabello,Peine Liendrera 1 U,"1,99 € / 1 U","1,99 €",PONETTE
Cuidado personal,Cuidado del cabello,Rana Grande 6 unidades 6 U,"0,33 € / 1 U","1,99 €",PONETTE
Cuidado personal,Cuidado del cabello,Champú Repara Argán 400 ml,"1,25 € / 100 ml","4,99 €",HERBAL ESSEN
Cuidado personal,Cuidado del cabello,Champú Hidrata Leche Coco 400 ml,"1,25 € / 100 ml","4,99 €",HERBAL ESSEN
Cuidado personal,Cuidado del cabello,Mascarilla Dream Long 310 ml,"1,45 € / 100 ml","4,50 €",ELVIVE
Cuidado personal,Cuidado del cabello,Champú Dream Long 380 ml,"1,16 € / 100 ml","4,39 €",ELVIVE
Cuidado personal,Cuidado del cabello,Champú Brillo Pomelo & Menta 400 ml,"1,25 € / 100 ml","4,99 €",HERBAL ESSEN
Cuidado personal,Cuidado del cabello,Gorro de Ducha 1 U,"2,55 € / 1 U","2,55 €",PONETTE
Cuidado personal,Cuidado del cabello,Champú Tesoros Miel 300 ml,"1,20 € / 100 ml","3,59 €",ORIG.REMEDIS
Cuidado personal,Cuidado del cabello,Acondicionador Tesoros Miel 250 ml,"1,40 € / 100 ml","3,49 €",ORIG.REMEDIS
Cuidado personal,Cuidado del cabello,Champú Arcilla Limón 300 ml,"1,20 € / 100 ml","3,59 €",ORIG.REMEDIS
Cuidado personal,Cuidado del cabello,Champú Delicatesse 300 ml,"1,20 € / 100 ml","3,59 €",ORIG.REMEDIS
Cuidado personal,Cuidado del cabello,Champú Oliva Mítica 300 ml,"1,20 € / 100 ml","3,59 €",ORIG.REMEDIS
Cuidado personal,Cuidado del cabello,Pinza Extragrande 1 U,"2,99 € / 1 U","2,99 €",PONETTE
Cuidado personal,Cuidado del cabello,Clips Metálicos 1 U,"1,99 € / 1 U","1,99 €",PONETTE
Cuidado personal,Cuidado del cabello,Crema Suavizante Total Repair 300 ml,"1,43 € / 100 ml","4,29 €",ELVIVE
Cuidado personal,Cuidado del cabello,Acondicionador Color Vive 300 ml,"1,20 € / 100 ml","3,60 €",ELVIVE
Cuidado personal,Cuidado del cabello,Pack Gomas 1 U,"1,99 € / 1 U","1,99 €",PONETTE
Cuidado personal,Cuidado del cabello,Goma Metálica Grande Negra 10 U,"0,10 € / 1 U","0,99 €",PONETTE
Cuidado personal,Cuidado del cabello,Goma Básica Grande Negra 6 U,"0,16 € / 1 U","0,95 €",PONETTE
Cuidado personal,Cuidado del cabello,Goma Trenzada Negra 2 U,"1,00 € / 1 U","1,99 €",PONETTE
Cuidado personal,Cuidado del cabello,Pack Ranas Relieve 4 U,"0,50 € / 1 U","1,99 €",PONETTE
Cuidado personal,Cuidado del cabello,Coletero Invisible Grande Multicolor 5 U,"0,40 € / 1 U","1,99 €",PONETTE
Cuidado personal,Cuidado del cabello,Coletero invisible decorado 1 U,"1,99 € / 1 U","1,99 €",PONETTE
Cuidado personal,Cuidado del cabello,Goma trenzada multicolor 2 U,"1,00 € / 1 U","1,99 €",PONETTE
Cuidado personal,Cuidado del cabello,Goma básica multicolor 6 U,"0,17 € / 1 U","0,99 €",PONETTE
Cuidado personal,Cuidado del cabello,Goma metálica grande multicolor 10 U,"0,10 € / 1 U","0,99 €",PONETTE
Cuidado personal,Cuidado del cabello,Coletero invisible pequeño color neutro 4 U,"0,50 € / 1 U","1,99 €",PONETTE
Cuidado personal,Cuidado del cabello,Coletero invisible grande colores neutros 5 U,"0,40 € / 1 U","1,99 €",PONETTE
Cuidado personal,Cuidado del cabello,Tijeras Grandes 1 U,"7,50 € / 1 U","7,50 €",PONETTE
Cuidado personal,Cuidado del cabello,Champú Kids 250 ml,"0,56 € / 100 ml","1,39 €",CONSUM
Cuidado personal,Cuidado del cabello,Champú Gold Pump 750 ml,"0,67 € / 100 ml","4,99 €",JOHNSON
Cuidado personal,Cuidado del cabello,Acondicionador Gotas de Brillo 500 ml,"0,84 € / 100 ml","4,19 €",JOHNSON
Cuidado personal,Cuidado del cabello,Champú Camomila Pump 750 ml,"0,67 € / 100 ml","4,99 €",JOHNSON
Cuidado personal,Cuidado del cabello,Champú Infantil Gotas de Brillo 500 ml,"0,84 € / 100 ml","4,19 €",JOHNSON
Cuidado personal,Cuidado del cabello,Tinte Color Advance 7.34 Rubio Dorado Cobrizo 1 U,"6,99 € / 1 U","6,99 €",LLONGUERAS
Cuidado personal,Cuidado del cabello,Tinte Color Advance 7.77 Marrón Glacé 1 U,"6,99 € / 1 U","6,99 €",LLONGUERAS
Cuidado personal,Cuidado del cabello,Acondicionador Spray No Más Tirones 200 ml,"2,10 € / 100 ml","4,19 €",JOHNSON
Cuidado personal,Cuidado del cabello,Cepillo Ecológico 1 U,"4,99 € / 1 U","4,99 €",PONETTE
Cuidado personal,Cuidado del cabello,Tinte 6.60 Rojo Intenso 1 U,"7,39 € / 1 U","7,39 €",OLIA
Cuidado personal,Cuidado del cabello,Mini Gomas 100 Unidades 1 U,"0,99 € / 1 U","0,99 €",PONETTE
Cuidado personal,Cuidado del cabello,Tinte Castaño 5.6 Caramelo 1 U,"4,69 € / 1 U","4,69 €",PALETTE
Cuidado personal,Cuidado del cabello,Tinte Rubio 10 Muy Claro 1 U,"4,69 € / 1 U","4,69 €",PALETTE
Cuidado personal,Cuidado del cabello,Mascarilla Hidrata Coco 250 ml,"2,00 € / 100 ml","4,99 €",HERBAL ESSEN
Cuidado personal,Cuidado del cabello,Tinte Creme Gloss 200 Negro Ébano 1 U,"6,00 € / 1 U","6,00 €",CASTING
Cuidado personal,Cuidado del cabello,Tinte Nº 7.43 Rubio Cobrizo Dorado 1 U,"7,20 € / 1 U","7,20 €",EXCELLENCE
Cuidado personal,Cuidado del cabello,Tinte Nº 5.3 Chocolate Praline 1 U,"7,20 € / 1 U","7,20 €",EXCELLENCE
Cuidado personal,Cuidado del cabello,Tinte Nº 01 Rubio Ultra Claro Natural 1 U,"7,20 € / 1 U","7,20 €",EXCELLENCE
Cuidado personal,Cuidado del cabello,Tinte Nº 6.1 Rubio Oscuro Ceniza 1 U,"7,20 € / 1 U","7,20 €",EXCELLENCE
Cuidado personal,Cuidado del cabello,Tinte 8/03 Rubio Claro 1 U,"3,90 € / 1 U","3,90 €",KYREY
Cuidado personal,Cuidado del cabello,Tinte 4/00 Castaño Medio 1 U,"3,90 € / 1 U","3,90 €",KYREY
Cuidado personal,Cuidado del cabello,Tinte 5/55 Caoba Rojo 1 U,"3,90 € / 1 U","3,90 €",KYREY
Cuidado personal,Cuidado del cabello,Tinte 7/03 Rubio Medio Dorado 1 U,"3,90 € / 1 U","3,90 €",KYREY
Cuidado personal,Cuidado del cabello,Tinte 9/00 Rubio Extraclaro 1 U,"3,90 € / 1 U","3,90 €",KYREY
Cuidado personal,Cuidado del cabello,Tinte 7/55 Rojo Intenso 1 U,"3,90 € / 1 U","3,90 €",KYREY
Cuidado personal,Cuidado del cabello,Tinte 1/00 Negro Intenso 1 U,"3,90 € / 1 U","3,90 €",KYREY
Cuidado personal,Cuidado del cabello,Tinte 7/01 Rubio Medio Ceniza 1 U,"3,90 € / 1 U","3,90 €",KYREY
Cuidado personal,Cuidado del cabello,Tinte 8/00 Rubio Claro 1 U,"3,90 € / 1 U","3,90 €",KYREY
Cuidado personal,Cuidado del cabello,Tinte 10/00 Rubio Platino 1 U,"3,90 € / 1 U","3,90 €",KYREY
Cuidado personal,Cuidado del cabello,Tinte 11/00 Rubio Clarísimo 1 U,"3,90 € / 1 U","3,90 €",KYREY
Cuidado personal,Cuidado del cabello,Tinte 7/95 Marrón Avellana 1 U,"3,90 € / 1 U","3,90 €",KYREY
Cuidado personal,Cuidado del cabello,Tinte 5/95 Marrón Chocolate 1 U,"3,90 € / 1 U","3,90 €",KYREY
Cuidado personal,Cuidado del cabello,Tinte 3/00 Castaño Oscuro 1 U,"3,90 € / 1 U","3,90 €",KYREY
Cuidado personal,Cuidado del cabello,Tinte 5/00 Castaño Claro 1 U,"3,90 € / 1 U","3,90 €",KYREY
Cuidado personal,Cuidado del cabello,Máscarilla Repara Aceite Argán de Marruecos 250 ml,"2,00 € / 100 ml","4,99 €",HERBAL ESSEN
Cuidado personal,Cuidado del cabello,Tinte 7/00 Rubio Medio 1 U,"3,90 € / 1 U","3,90 €",KYREY
Cuidado personal,Cuidado del cabello,Serum Stop Frizz Pelo Largo 1 U,"5,95 € / 1 U","5,95 €",ELVIVE
Cuidado personal,Cuidado del cabello,Champú Vitalidad 5 Plantas 300 ml,"1,20 € / 100 ml","3,59 €",ORIG.REMEDIS
Cuidado personal,Cuidado del cabello,Mascarilla Delicatesse Hidratante y Protectora 340 ml,"1,47 € / 100 ml","4,99 €",ORIG.REMEDIS
Cuidado personal,Cuidado del cabello,Champú en Seco Cherry 200 ml,"1,63 € / 100 ml","3,25 €",BATISTE
Cuidado personal,Cuidado del cabello,Champú en Seco Original 200 ml,"1,63 € / 100 ml","3,25 €",BATISTE
Cuidado personal,Cuidado del cabello,Tinte 6/00 Rubio Oscuro 1 U,"3,90 € / 1 U","3,90 €",KYREY
Cuidado personal,Cuidado del cabello,Pinza Pequeña 4 U,"0,50 € / 1 U","1,99 €",PONETTE
Cuidado personal,Cuidado del cabello,Pinza Mediana 2 U,"1,00 € / 1 U","1,99 €",PONETTE
Cuidado personal,Cuidado del cabello,Cera Extramate 100 ml,"3,89 € / 100 ml","3,89 €",NELLY
Cuidado personal,Cuidado del cabello,Champú Rizos Pro 440 ml,"0,94 € / 100 ml","4,15 €",SYOSS
Cuidado personal,Cuidado del cabello,Acondicionador Rizos Pro 440 ml,"0,94 € / 100 ml","4,15 €",SYOSS
Cuidado personal,Cuidado del cabello,Champú Sólido Tesoros de Miel 1 U,"4,95 € / 1 U","4,95 €",ORIG.REMEDIS
Cuidado personal,Cuidado del cabello,Reactivador Rizos 150 ml,"3,99 € / 100 ml","5,99 €",SYOSS
Cuidado personal,Cuidado del cabello,Cera Moldeadora Brillo 100 ml,"28,00 € / 1 L","2,80 €",KYREY
Cuidado personal,Cuidado del cabello,Crema Curly Define Rizos 150 ml,"2,66 € / 100 ml","3,99 €",NELLY
Cuidado personal,Cuidado del cabello,Champú 2 en 1 500 ml,"0,84 € / 100 ml","4,19 €",JOHNSON
Cuidado personal,Cuidado del cabello,Cepillo Neumatico Ecológico 1 U,"3,20 € / 1 U","3,20 €",PONETTE
Cuidado personal,Cuidado del cabello,Cepillo Compact Ecológico 1 U,"3,99 € / 1 U","3,99 €",PONETTE
Cuidado personal,Cuidado del cabello,Peine Escarpidor Ecológico 1 U,"1,99 € / 1 U","1,99 €",PONETTE
Cuidado personal,Cuidado del cabello,Coletero Ecológico 2 U,"1,50 € / 1 U","2,99 €",PONETTE
Cuidado personal,Cuidado del cabello,Pinza Grande Ecológica 1 U,"1,99 € / 1 U","1,99 €",PONETTE
Cuidado personal,Cuidado del cabello,Champú Reductor de Canas 118 ml,"9,75 € / 100 ml","11,50 €",CONTROL GX
Cuidado personal,Cuidado del cabello,Gel Fijador Efecto Mojado 250 ml,"0,76 € / 100 ml","1,90 €",KYREY
Cuidado personal,Cuidado del cabello,Crema sin Aclarado 10 en 1 200 ml,"2,50 € / 100 ml","4,99 €",REVLON
Cuidado personal,Cuidado del cabello,Gel Fijador Extrafuerte 250 ml,"0,64 € / 100 ml","1,60 €",KYREY
Cuidado personal,Cuidado del cabello,Espuma Extrafuerte 75 ml,"2,00 € / 100 ml","1,50 €",KYREY
Cuidado personal,Cuidado del cabello,Acondicionador Hialurónico 300 ml,"1,20 € / 100 ml","3,60 €",ELVIVE
Cuidado personal,Cuidado del cabello,Champú Hialurónico 380 ml,"1,09 € / 100 ml","4,15 €",ELVIVE
Cuidado personal,Cuidado del cabello,Mascarilla Hialurónico 310 ml,"1,45 € / 100 ml","4,50 €",ELVIVE
Cuidado personal,Cuidado del cabello,Champú Keratina 685 ml,"0,87 € / 100 ml","5,99 €",TRESEMME
Cuidado personal,Cuidado del cabello,Acondicionador Keratina 685 ml,"0,87 € / 100 ml","5,99 €",TRESEMME
Cuidado personal,Cuidado del cabello,Gel Fijador Extremo 250 ml,"0,64 € / 100 ml","1,60 €",KYREY
Cuidado personal,Cuidado del cabello,Mascarilla Suave y Liso 300 ml,"1,33 € / 100 ml","4,00 €",PANTENE
Cuidado personal,Cuidado del cabello,Mascarilla Repara y Protege 300 ml,"1,33 € / 100 ml","4,00 €",PANTENE
Cuidado personal,Cuidado del cabello,Serum Hialurónico 1 U,"6,99 € / 1 U","6,99 €",ELVIVE
Cuidado personal,Cuidado del cabello,Gel Fijador Extrafuerte 170 ml,"1,71 € / 100 ml","2,90 €",GIORGI
Cuidado personal,Cuidado del cabello,Gel Fijador Titanium 170 ml,"1,71 € / 100 ml","2,90 €",GIORGI
Cuidado personal,Cuidado del cabello,Gel Fijador Efecto Mojado 170 ml,"1,71 € / 100 ml","2,90 €",GIORGI
Cuidado personal,Cuidado del cabello,Gel Fijador Control Total 170 ml,"1,71 € / 100 ml","2,90 €",GIORGI
Cuidado personal,Cuidado del cabello,Espuma Rizos 300 ml,"0,67 € / 100 ml","2,00 €",KYREY
Cuidado personal,Cuidado del cabello,Cera Fijadora Mate Hombre 85 ml,"5,87 € / 100 ml","4,99 €",LLONGUERAS
Cuidado personal,Cuidado del cabello,Retoca Raices Castaño Claro 1 U,"5,49 € / 1 U","5,49 €",PALETTE
Cuidado personal,Cuidado del cabello,Retoca Raices Castaño 1 U,"5,49 € / 1 U","5,49 €",PALETTE
Cuidado personal,Cuidado del cabello,Champu Ultimate Repair 250 ml,"1,20 € / 100 ml","2,99 €",GLISS
Cuidado personal,Cuidado del cabello,Espuma Rizos Marcados 250 ml,"1,16 € / 100 ml","2,90 €",GIORGI
Cuidado personal,Cuidado del cabello,Espuma Extrafuerte 250 ml,"1,16 € / 100 ml","2,90 €",GIORGI
Cuidado personal,Cuidado del cabello,Champú Keratin 440 ml,"0,94 € / 100 ml","4,15 €",SYOSS
Cuidado personal,Cuidado del cabello,Champú Método Curly 350 ml,"1,29 € / 100 ml","4,50 €",GIORGI
Cuidado personal,Cuidado del cabello,Mascarilla Método Curly 350 ml,"1,41 € / 100 ml","4,95 €",GIORGI
Cuidado personal,Cuidado del cabello,Gel Definidor Método Curly 250 ml,"1,86 € / 100 ml","4,65 €",GIORGI
Cuidado personal,Cuidado del cabello,Espuma Dream Long 200 ml,"2,48 € / 100 ml","4,95 €",ELVIVE
Cuidado personal,Cuidado del cabello,Laca Volumen 370 ml,"1,48 € / 100 ml","5,49 €",PANTENE
Cuidado personal,Cuidado del cabello,Espuma Rizos Definidos 300 ml,"1,70 € / 100 ml","5,10 €",PANTENE
Cuidado personal,Cuidado del cabello,Laca Extrafuerte 370 ml,"1,42 € / 100 ml","5,25 €",PANTENE
Cuidado personal,Cuidado del cabello,Champú Fortificante Prevención Caída 400 ml,"0,75 € / 100 ml","2,99 €",VITARELLE
Cuidado personal,Cuidado del cabello,Champú Cabellos Secos Estropeados 400 ml,"0,75 € / 100 ml","2,99 €",VITARELLE
Cuidado personal,Cuidado del cabello,Champú Cabellos Grasos 400 ml,"0,75 € / 100 ml","2,99 €",VITARELLE
Cuidado personal,Cuidado del cabello,Champú Equilibrante Carbón Magnetico 300 ml,"1,20 € / 100 ml","3,59 €",ORIG.REMEDIS
Cuidado personal,Cuidado del cabello,Champú Bond Repair 200 ml,"3,00 € / 100 ml","5,99 €",ELVIVE
Cuidado personal,Cuidado del cabello,Acondicionador Bond Repair 150 ml,"3,99 € / 100 ml","5,99 €",ELVIVE
Cuidado personal,Cuidado del cabello,Champú Nutri Plex Clásico 385 ml,"1,34 € / 100 ml","5,15 €",PANTENE
Cuidado personal,Cuidado del cabello,Champú Largo Infinito 385 ml,"1,34 € / 100 ml","5,15 €",PANTENE
Cuidado personal,Cuidado del cabello,Champú Nutri Plex Repara y Protege 385 ml,"1,34 € / 100 ml","5,15 €",PANTENE
Cuidado personal,Cuidado del cabello,Champú Nutri Plex Rizos 385 ml,"1,34 € / 100 ml","5,15 €",PANTENE
Cuidado personal,Cuidado del cabello,Champú Nutri Plex Suave y Liso 385 ml,"1,34 € / 100 ml","5,15 €",PANTENE
Cuidado personal,Cuidado del cabello,Acondicionador Repara y Protege 325 ml,"1,58 € / 100 ml","5,15 €",PANTENE
Cuidado personal,Cuidado del cabello,Acondicionador Suave Y Liso 325 ml,"1,58 € / 100 ml","5,15 €",PANTENE
Cuidado personal,Cuidado del cabello,Champú Anticaida 500 ml,"3,53 € / 100 ml","17,65 €",PILEXIL
Cuidado personal,Cuidado del cabello,Laca Normal 400 ml,"0,45 € / 100 ml","1,80 €",KYREY
Cuidado personal,Cuidado del cabello,Gel de Ducha + Champú Sport 200 ml,"0,50 € / 100 ml","0,99 €",KYREY
Cuidado personal,Cuidado del cabello,Champú en Seco 75 ml,"2,00 € / 100 ml","1,50 €",NELLY
Cuidado personal,Cuidado del cabello,Laca Extra Fuerte 400 ml,"0,81 € / 100 ml","3,25 €",S3
Cuidado personal,Cuidado del cabello,Laca Cabellos Teñidos 400 ml,"0,81 € / 100 ml","3,25 €",S3
Cuidado personal,Cuidado del cabello,Champú Rizos 400 ml,"0,63 € / 100 ml","2,50 €",KYREY
Cuidado personal,Cuidado del cabello,Champú Reparación 400 ml,"0,45 € / 100 ml","1,80 €",KYREY
Cuidado personal,Cuidado del cabello,Mascarilla Reparación 250 ml,"0,56 € / 100 ml","1,40 €",KYREY
Cuidado personal,Cuidado del cabello,Mascarilla Argán 250 ml,"0,72 € / 100 ml","1,80 €",KYREY
Cuidado personal,Cuidado del cabello,Champú Color 400 ml,"0,45 € / 100 ml","1,80 €",KYREY
Cuidado personal,Cuidado del cabello,Mascarilla Color 250 ml,"0,64 € / 100 ml","1,60 €",KYREY
Cuidado personal,Cuidado del cabello,Champú Hidratante 400 ml,"0,45 € / 100 ml","1,80 €",KYREY
Cuidado personal,Cuidado del cabello,Acondicionador Hidratante 250 ml,"0,46 € / 100 ml","1,15 €",KYREY
Cuidado personal,Cuidado del cabello,Champú Purificante 400 ml,"0,51 € / 100 ml","2,05 €",KYREY
Cuidado personal,Cuidado del cabello,Cepillo Exfoliante Capilar 1 U,"3,45 € / 1 U","3,45 €",PONETTE
Cuidado personal,Cuidado del cabello,Mascarilla Rizos 250 ml,"0,76 € / 100 ml","1,90 €",KYREY
Cuidado personal,Cuidado del cabello,Champú Argán 400 ml,"0,51 € / 100 ml","2,05 €",KYREY
Cuidado personal,Cuidado del cabello,Champú Anticaspa Mentol 400 ml,"0,60 € / 100 ml","2,40 €",KYREY
Cuidado personal,Cuidado del cabello,Protector Calor Keratina 200 ml,"2,75 € / 100 ml","5,49 €",SYOSS
Cuidado personal,Cuidado del cabello,Cepillo Secado Rápido Friend Sea 1 U,"3,90 € / 1 U","3,90 €",PONETTE
Cuidado personal,Cuidado del cabello,Cepillo Infantil Pulpillo 1 U,"2,99 € / 1 U","2,99 €",PONETTE
Cuidado personal,Cuidado del cabello,Acondicionador Infantil Bifásico 400 ml,"1,00 € / 100 ml","3,99 €",NELLY
Cuidado personal,Cuidado del cabello,Champú Natural 400 ml,"0,51 € / 100 ml","2,05 €",KYREY
Cuidado personal,Cuidado del cabello,Serum Argán 100 ml,"4,60 € / 100 ml","4,60 €",KYREY
Cuidado personal,Cuidado del cabello,Serum Natural 100 ml,"4,10 € / 100 ml","4,10 €",KYREY
Cuidado personal,Cuidado del cabello,Champú Aqua Revive 250 ml,"1,20 € / 100 ml","2,99 €",GLISS
Cuidado personal,Cuidado del cabello,Serum Aqua Revive 75 ml,"10,60 € / 100 ml","7,95 €",GLISS
Cuidado personal,Cuidado del cabello,Champú Familiar 1000 ml,"0,15 € / 100 ml","1,50 €",KYREY
Cuidado personal,Cuidado del cabello,Cepillo Térmico Natura 1 U,"4,95 € / 1 U","4,95 €",PONETTE
Cuidado personal,Cuidado del cabello,Tinte Colorstay 7 Rubio Medio 1 U,"6,95 € / 1 U","6,95 €",REVLON
Cuidado personal,Cuidado del cabello,Tinte Colorstay 5 Castaño Claro 1 U,"6,95 € / 1 U","6,95 €",REVLON
Cuidado personal,Cuidado del cabello,Tinte Colorstay 6 Rubio Oscuro 1 U,"6,95 € / 1 U","6,95 €",REVLON
Cuidado personal,Cuidado del cabello,Tinte Colorstay 8 Rubio Claro 1 U,"6,95 € / 1 U","6,95 €",REVLON
Cuidado personal,Cuidado del cabello,Tinte Colorstay 4 Castaño 1 U,"6,95 € / 1 U","6,95 €",REVLON
Cuidado personal,Cuidado del cabello,Tinte Colorstay 1 Negro 1 U,"6,95 € / 1 U","6,95 €",REVLON
Cuidado personal,Cuidado del cabello,Tinte Colorstay 3 Castaño Oscuro 1 U,"6,95 € / 1 U","6,95 €",REVLON
Cuidado personal,Cuidado del cabello,Tinte Colorstay 8.1 Rubio Claro Beig 1 U,"6,95 € / 1 U","6,95 €",REVLON
Cuidado personal,Cuidado del cabello,Tinte Colorstay 6.6 Rojo Intenso 1 U,"6,95 € / 1 U","6,95 €",REVLON
Cuidado personal,Cuidado del cabello,Tinte Intensive 7.1 Rubio Medio Ceniza 1 U,"4,69 € / 1 U","4,69 €",PALETTE
Cuidado personal,Cuidado del cabello,Tinte Intensive U71 Gris Plata 1 U,"4,69 € / 1 U","4,69 €",PALETTE
Cuidado personal,Cuidado del cabello,Tinte Intensive 6.1 Rubio Oscuro 1 U,"4,69 € / 1 U","4,69 €",PALETTE
Cuidado personal,Cuidado del cabello,Tinte Intensive 6.88 Rojo Rubí 1 U,"4,69 € / 1 U","4,69 €",PALETTE
Cuidado personal,Cuidado del cabello,Tinte Intensive 4 Castaño Intenso 1 U,"4,69 € / 1 U","4,69 €",PALETTE
Cuidado personal,Cuidado del cabello,Retoca Raíces Compacto Rubio Oscuro 1 U,"5,49 € / 1 U","5,49 €",PALETTE
Cuidado personal,Cuidado del cabello,Tinte Negro Azulado 2.10 Color Sensation 1 U,"3,50 € / 1 U","3,50 €",GARNIER
Cuidado personal,Cuidado del cabello,Tinte Rojo Oscuro Color Sensation 1 U,"3,50 € / 1 U","3,50 €",GARNIER
Cuidado personal,Cuidado del cabello,Pañuelo Mujer Colección OI/123 1 U,"2,99 € / 1 U","2,99 €",PONETTE
Cuidado personal,Cuidado del cabello,Coletero Textil Colección O/I23 2 U,"1,33 € / 1 U","2,65 €",PONETTE
Cuidado personal,Cuidado del cabello,Coletero Pañuelo Mujer Colección O/I23 1 U,"2,99 € / 1 U","2,99 €",PONETTE
Cuidado personal,Cuidado del cabello,Loción Elimina Piojos Con Lendrera 150 ml,"13,30 € / 100 ml","19,95 €",PARANIX
Cuidado personal,Cuidado del cabello,Tinte Rubio Platino Ceniz Color Sensation S9 1 U,"3,50 € / 1 U","3,50 €",GARNIER
Cuidado personal,Cuidado del cabello,Tinte 4.0 Castaño Color Sensation 1 U,"3,50 € / 1 U","3,50 €",GARNIER
Cuidado personal,Cuidado del cabello,Tinte Rubio Dorado 7.3 Color Sensation 1 U,"3,50 € / 1 U","3,50 €",GARNIER
Cuidado personal,Cuidado del cabello,Súper Acondicionador Dream Long 300 ml,"1,43 € / 100 ml","4,29 €",ELVIVE
Cuidado personal,Cuidado del cabello,Sérum Noche Hidratante Hialurónico 200 ml,"3,85 € / 100 ml","7,69 €",ELVIVE
Cuidado personal,Cuidado del cabello,Gomina 150 ml,"1,27 € / 100 ml","1,90 €",CONSUM KIDS
Cuidado personal,Cuidado del cabello,Retoca Raíces Castaño 120 ml,"4,83 € / 100 ml","5,80 €",SCHWARZKOPF
Cuidado personal,Cuidado del cabello,Retoca Raíces Negro 120 ml,"4,83 € / 100 ml","5,80 €",SCHWARZKOPF
Cuidado personal,Cuidado del cabello,Retoca Raíces Rubio Oscuro 120 ml,"4,83 € / 100 ml","5,80 €",SCHWARZKOPF
Cuidado personal,Cuidado del cabello,Retoca Raíces Castaño Oscuro 120 ml,"4,83 € / 100 ml","5,80 €",SCHWARZKOPF
Cuidado personal,Cuidado del cabello,Tinte Castaño Oscuro 3.0 1 U,"7,39 € / 1 U","7,39 €",OLIA
Cuidado personal,Cuidado del cabello,Tinte Rubio Miel 8.31 1 U,"7,39 € / 1 U","7,39 €",OLIA
Cuidado personal,Cuidado del cabello,Cera Cabello Mate Beach Matt Fijación 3 100 ml,"4,95 € / 100 ml","4,95 €",GOT2B
Cuidado personal,Cuidado del cabello,Loción Antipiojos 180 ml,"1,89 € / 100 ml","3,40 €",CUIDAPLUS
Cuidado personal,Cuidado del cabello,Prechampú Metodo Rizos Nº0 200 ml,"3,50 € / 100 ml","6,99 €",FRUCTIS
Cuidado personal,Cuidado del cabello,Champú Método Rizos Nº1 200 ml,"2,50 € / 100 ml","4,99 €",FRUCTIS
Cuidado personal,Cuidado del cabello,Mascarilla Método Rizos Nº2 370 ml,"1,89 € / 100 ml","6,99 €",FRUCTIS
Cuidado personal,Cuidado del cabello,Champú Violeta 200 ml,"2,35 € / 100 ml","4,69 €",ELVIVE
Cuidado personal,Cuidado del cabello,Champú Hialurónico Pure 380 ml,"1,16 € / 100 ml","4,39 €",ELVIVE
Cuidado personal,Cuidado del cabello,Champú Glycolic Gloss 200 ml,"3,00 € / 100 ml","5,99 €",ELVIVE
Cuidado personal,Cuidado del cabello,Acondicionador Glycolic Gloss 150 ml,"3,99 € / 100 ml","5,99 €",ELVIVE
Cuidado personal,Cuidado del cabello,Champú Miracles Seda 250 ml,"2,40 € / 100 ml","5,99 €",PANTENE
Cuidado personal,Cuidado del cabello,Mascarilla Aqua Revive 400 ml,"1,50 € / 100 ml","5,99 €",GLISS
Cuidado personal,Cuidado del cabello,Mascarilla Ultra Repair 400 ml,"1,50 € / 100 ml","5,99 €",GLISS
Cuidado personal,Cuidado del cabello,Acondicionador Miracles Antiencrespamiento 160 ml,"2,49 € / 100 ml","3,99 €",PANTENE
Cuidado personal,Cuidado del cabello,Champú Clásico 2 En 1 Anticaspa 625 ml,"1,37 € / 100 ml","8,59 €",H&S
Cuidado personal,Cuidado del cabello,Champú Citrus Fresh Anticaspa Cabello Graso 625 ml,"1,37 € / 100 ml","8,59 €",H&S
Cuidado personal,Cuidado del cabello,Champú Menthol Fresh Anticaspa 625 ml,"1,37 € / 100 ml","8,59 €",H&S
Cuidado personal,Cuidado del cabello,Champú Cactus Miracles Antiencrespamiento 250 ml,"2,40 € / 100 ml","5,99 €",PANTENE
Cuidado personal,Cuidado del cabello,Mascarilla Miracles Antiencrespamiento 300 ml,"2,66 € / 100 ml","7,99 €",PANTENE
Cuidado personal,Cuidado del cabello,Champú Clásico Anticaspa 625 ml,"1,37 € / 100 ml","8,59 €",H&S
Cuidado personal,Cuidado del cabello,Champú Clásico 685 ml,"8,74 € / 1 L","5,99 €",TRESEMME
Cuidado personal,Cuidado del cabello,Champú Hidratante 685 ml,"8,74 € / 1 L","5,99 €",TRESEMME
Cuidado personal,Cuidado del cabello,Acondicionador Hidratante 685 ml,"8,74 € / 1 L","5,99 €",TRESEMME
Cuidado personal,Cuidado corporal,Body Milk Lactourea Pieles Deshidratadas 400 ml,"1,04 € / 100 ml","4,89 €
4,15 €",LACTOVIT
Cuidado personal,Cuidado corporal,Crema Nutritiva Care Rápida Absorción 400 ml,"1,25 € / 100 ml","5,85 €
4,99 €",NIVEA
Cuidado personal,Cuidado corporal,Body Milk Nutritiva 400 ml,"0,96 € / 100 ml","4,49 €
3,85 €",LACTOVIT
Cuidado personal,Cuidado corporal,Leche Corporal Piel Sensible/Atópica 400 ml,"1,00 € / 100 ml","3,99 €",NATTÚRU PHAR
Cuidado personal,Cuidado corporal,Leche Corporal Piel Seca. Urea 400 ml,"1,00 € / 100 ml","3,99 €",NATTÚRU PHAR
Cuidado personal,Cuidado corporal,"Crema Lata Azul Cara, Cuerpo y Manos 250 ml","1,60 € / 100 ml","3,99 €",NIVEA
Cuidado personal,Cuidado corporal,Leche Reafirmante Q10 Piel Normal 400 ml,"1,44 € / 100 ml","5,75 €",NIVEA
Cuidado personal,Cuidado corporal,Body Milk Nutritivo Piel Seca y Muy Seca 400 ml,"1,10 € / 100 ml","4,40 €",NIVEA
Cuidado personal,Cuidado corporal,Body Milk Aceite de Oliva Piel Seca 400 ml,"0,90 € / 100 ml","3,59 €",NIVEA
Cuidado personal,Cuidado corporal,"Crema Lata Azul Cara,Cuerpo y Manos 30 ml","3,97 € / 100 ml","1,19 €",NIVEA
Cuidado personal,Cuidado corporal,"Crema Hidrantante Soft Cara,Cuerpo y Manos 50 ml","2,50 € / 100 ml","1,25 €",NIVEA
Cuidado personal,Cuidado corporal,Body Milk Aloe Vera 400 ml,"0,31 € / 100 ml","1,25 €",KYREY
Cuidado personal,Cuidado corporal,Body Milk Pieles Atópicas 400 ml,"0,55 € / 100 ml","2,20 €",KYREY
Cuidado personal,Cuidado corporal,Crema Corporal Nutritiva Aceite de Oliva 200 ml,"0,70 € / 100 ml","1,40 €",KYREY
Cuidado personal,Cuidado corporal,Loción Bajo La Ducha Rápida Absorción 400 ml,"1,17 € / 100 ml","4,69 €",NIVEA
Cuidado personal,Cuidado corporal,Loción Corporal en Gel Aloe Vera 380 ml,"0,96 € / 100 ml","3,65 €",KYREY
Cuidado personal,Cuidado corporal,Aceite Almendras Reparador 250 ml,"1,70 € / 100 ml","4,25 €",NATURAFEMME
Cuidado personal,Cuidado corporal,Body Milk Hidratante Nutritivo 400 ml,"1,19 € / 100 ml","4,75 €",DOVE
Cuidado personal,Cuidado corporal,Loción Piel Extra Seca Intensiva 400 ml,"1,19 € / 100 ml","4,75 €",DOVE
Cuidado personal,Cuidado corporal,Body Milk con Urea 400 ml,"0,55 € / 100 ml","2,20 €",KYREY
Cuidado personal,Cuidado corporal,Crema Corporal Nutritiva Reparadora 200 ml,"0,73 € / 100 ml","1,45 €",KYREY
Cuidado personal,Cuidado corporal,Leche Body Tonic Reafirmante 400 ml,"1,45 € / 100 ml","5,79 €",GARNIER
Cuidado personal,Cuidado corporal,Crema Corporal Forte 400 ml,"1,05 € / 100 ml","4,20 €",EUDERMIN
Cuidado personal,Cuidado corporal,Aceite de Argán Oil&Go Hidratante 300 ml,"1,13 € / 100 ml","3,39 €",NAT.HONEY
Cuidado personal,Cuidado corporal,Body Milk Smooth Karité Piel Seca 400 ml,"1,37 € / 100 ml","5,49 €",NIVEA
Cuidado personal,Cuidado corporal,Loción Corporal PH5 400 ml,"4,49 € / 100 ml","17,95 €",EUCERIN
Cuidado personal,Cuidado corporal,Anti-Estrías 60 ml,"14,98 € / 100 ml","8,99 €",BIO OIL
Cuidado personal,Cuidado corporal,Loción de coco con aceite 400 ml,"1,19 € / 100 ml","4,75 €",DOVE
Cuidado personal,Cuidado corporal,Crema Nutrición Intensa Piel Seca 75 ml,"1,80 € / 100 ml","1,35 €",DOVE
Cuidado personal,Cuidado corporal,Gel Aloe Vera Puro 200 ml,"3,00 € / 100 ml","5,99 €",AIRLESS
Cuidado personal,Cuidado corporal,Aceite Oil&Go BB Hidratación 100 ml,"1,55 € / 100 ml","1,55 €",NAT.HONEY
Cuidado personal,Cuidado corporal,Loción Corporal Avenatopic 400 ml,"1,25 € / 100 ml","4,99 €",KINESIA
Cuidado personal,Cuidado corporal,Aceite Hidratante Aloe Piel Delicada 500 ml,"0,74 € / 100 ml","3,70 €",JOHNSON
Cuidado personal,Cuidado corporal,Crema Nutrición Intensa Piel Seca 150 ml,"1,66 € / 100 ml","2,49 €",DOVE
Cuidado personal,Cuidado corporal,Gel Crema Q10 Anticelulítica Reafirmante 200 ml,"4,65 € / 100 ml","9,29 €",NIVEA
Cuidado personal,Cuidado corporal,Loción Aloe Vera Hidratante y Refrescante 400 ml,"1,29 € / 100 ml","5,15 €",NIVEA
Cuidado personal,Cuidado corporal,Loción Reafirmante Q10 Piel Seca/Muy Seca 400 ml,"1,50 € / 100 ml","5,99 €",NIVEA
Cuidado personal,Cuidado corporal,Crema Hidratante Oliva Piel Seca 300 ml,"1,40 € / 100 ml","4,20 €",NIVEA
Cuidado personal,Cuidado corporal,"Crema Lata Azul Cara, Cuerpo y Manos 400 ml","1,50 € / 100 ml","5,99 €",NIVEA
Cuidado personal,Cuidado corporal,Aceite de Coco Oil&Go Hidratante 300 ml,"1,13 € / 100 ml","3,39 €",NAT.HONEY
Cuidado personal,Cuidado corporal,Jabón de Manos Jaboom Aroma Fresa y Nata 500 ml,"0,28 € / 100 ml","1,40 €",CONSUM KIDS
Cuidado personal,Cuidado corporal,Crema Corporal Exfoliant Piedra Volcánica 300 ml,"1,42 € / 100 ml","4,25 €",EUDERMIN BIO
Cuidado personal,Cuidado corporal,Aceite Nutritivo Argán Regenerante Piel Seca 250 ml,"0,90 € / 100 ml","2,25 €",KYREY
Cuidado personal,Cuidado corporal,Crema Corporal Calma's 400 ml,"1,16 € / 100 ml","4,65 €",EUDERMIN
Cuidado personal,Cuidado corporal,Mascarilla Pies Ultra Hidratante 1 U,"2,95 € / 1 U","2,95 €",LOUA
Cuidado personal,Cuidado corporal,Body Milk Argán 400 ml,"1,57 € / 100 ml","6,29 €",NIVEA
Cuidado personal,Cuidado corporal,Loción Bronceadora Reafirmante 400 ml,"2,00 € / 100 ml","7,99 €",NIVEA
Cuidado personal,Cuidado corporal,Crema Corporal Aceite de Argán 400 ml,"1,19 € / 100 ml","4,75 €",NAT.HONEY
Cuidado personal,Cuidado corporal,Mousse Crema Piel Seca muy Seca 400 ml,"1,23 € / 100 ml","4,90 €",LACTOVIT
Cuidado personal,Cuidado corporal,Body Superfood Cacao y Ceramída 380 ml,"1,68 € / 100 ml","6,39 €",GARNIER BODY
Cuidado personal,Cuidado corporal,Body Superfood Sandía y A.Hialurónico 380 ml,"1,68 € / 100 ml","6,39 €",GARNIER BODY
Cuidado personal,Cuidado corporal,Leche Corporal Emoliente Ecológica 400 ml,"1,07 € / 100 ml","4,29 €",FEEL FREE
Cuidado personal,Cuidado corporal,"Crema Hidratante Suave Cara,Cuerpo y Manos 375 ml","1,49 € / 100 ml","5,60 €",NIVEA
Cuidado personal,Cuidado corporal,Aftersun Gel Aloe Vera 250 ml,"1,58 € / 100 ml","3,95 €",KYREY
Cuidado personal,Cuidado corporal,Aceite Corporal Aloe Vera 400 ml,"0,75 € / 100 ml","2,99 €",VITARELLE
Cuidado personal,Cuidado corporal,Body Milk Rosa Mosqueta 400 ml,"0,75 € / 100 ml","2,99 €",VITARELLE
Cuidado personal,Cuidado corporal,Body Milk Almendras Dulces 400 ml,"0,75 € / 100 ml","2,99 €",VITARELLE
Cuidado personal,Cuidado corporal,Loción Repara&Cuida Piel Extra Seca 400 ml,"1,30 € / 100 ml","5,19 €",NIVEA
Cuidado personal,Cuidado corporal,Loción Hidratante Coco Todo Tipo de Piel 330 ml,"1,47 € / 100 ml","4,85 €",NAT.HONEY
Cuidado personal,Cuidado corporal,Loción Argán Piel Extra Seca 330 ml,"1,47 € / 100 ml","4,85 €",NATURAL HONE
Cuidado personal,Cuidado corporal,Loción Extra Hidratante Piel Normal Seca 330 ml,"1,47 € / 100 ml","4,85 €",NATURAL HONE
Cuidado personal,Cuidado facial,Crema Revitalift Día Antiarrugas más Firmeza 50 ml,"16,20 € / 100 ml","9,50 €
8,10 €",L'OREAL
Cuidado personal,Cuidado facial,Crema Revitalift Noche Antiarrugas más Firmeza 50 ml,"16,20 € / 100 ml","9,50 €
8,10 €",L'OREAL
Cuidado personal,Cuidado facial,Contorno Ojos Revitalift Antiarrugas más Firmeza 15 ml,"56,60 € / 100 ml","9,95 €
8,49 €",L'OREAL
Cuidado personal,Cuidado facial,Serum Revitalift White 30 ml,"28,64 € / 100 ml","9,95 €
8,59 €",L'OREAL
Cuidado personal,Cuidado facial,Crema Hidratante Dia Ecológica 50 ml,"7,98 € / 100 ml","3,99 €",FEEL FREE
Cuidado personal,Cuidado facial,Leche Facial Limpiadora Ecológica 200 ml,"2,00 € / 100 ml","3,99 €",FEEL FREE
Cuidado personal,Cuidado facial,Crema Nutritiva Noche Ecológica 50 ml,"11,98 € / 100 ml","5,99 €",FEEL FREE
Cuidado personal,Cuidado facial,Serum Facial Ecológico 30 ml,"18,63 € / 100 ml","5,59 €",FEEL FREE
Cuidado personal,Cuidado facial,Tónico Facial Ecológico 200 ml,"1,50 € / 100 ml","2,99 €",FEEL FREE
Cuidado personal,Cuidado facial,Contorno Ojos Ecológico 20 ml,"16,25 € / 100 ml","3,25 €",FEEL FREE
Cuidado personal,Cuidado facial,Crema Revitalift Ginseng Rojo 50 ml,"17,38 € / 100 ml","10,19 €
8,69 €",L'OREAL
Cuidado personal,Cuidado facial,Espuma Limpiadora Ecológica 150 ml,"2,66 € / 100 ml","3,99 €",FEEL FREE
Cuidado personal,Cuidado facial,Crema Revitalift SPF 30 Antiarrugas Día 50 ml,"17,00 € / 100 ml","9,99 €
8,50 €",L'OREAL
Cuidado personal,Cuidado facial,Crema Día Nutre+Hidrata Piel Seca SPF 30 50 ml,"12,70 € / 100 ml","6,35 €",NIVEA
Cuidado personal,Cuidado facial,Crema Cellular SPF30 Ac.Hialurónico+Fólico 50 ml,"31,98 € / 100 ml","15,99 €",NIVEA
Cuidado personal,Cuidado facial,Crema Cellular Noche Ac.Hialurónico+Fólico 50 ml,"29,98 € / 100 ml","14,99 €",NIVEA
Cuidado personal,Cuidado facial,Sérum facial exfoliante Suave uso nocturno 30 ml,"19,97 € / 100 ml","5,99 €",THE RANGE
Cuidado personal,Cuidado facial,Sérum Exfoliante profundo uso nocturno 30 ml,"19,97 € / 100 ml","5,99 €",THE RANGE
Cuidado personal,Cuidado facial,Sérum facial tensor 30 ml,"19,97 € / 100 ml","5,99 €",THE RANGE
Cuidado personal,Cuidado facial,Sérum facial antiarrugas 30 ml,"19,97 € / 100 ml","5,99 €",THE RANGE
Cuidado personal,Cuidado facial,Sérum facial antiedad 30 ml,"19,97 € / 100 ml","5,99 €",THE RANGE
Cuidado personal,Cuidado facial,Sérum facial matificante 30 ml,"19,97 € / 100 ml","5,99 €",THE RANGE
Cuidado personal,Cuidado facial,Sérum facial antioxidante 30 ml,"19,97 € / 100 ml","5,99 €",THE RANGE
Cuidado personal,Cuidado facial,Sérum facial hidratante 30 ml,"19,97 € / 100 ml","5,99 €",THE RANGE
Cuidado personal,Cuidado facial,Agua Micelar Ecológica 400 ml,"1,00 € / 100 ml","3,99 €",FEEL FREE
Cuidado personal,Cuidado facial,Desmaquillante Ojos Ecológico 100 ml,"3,99 € / 100 ml","3,99 €",FEEL FREE
Cuidado personal,Cuidado facial,Mascarilla De Arcilla Ecológica 75 ml,"5,19 € / 100 ml","3,89 €",FEEL FREE
Cuidado personal,Cuidado facial,Tónico Ácido Glicólico 100 ml,"3,99 € / 100 ml","3,99 €",THE RANGE
Cuidado personal,Cuidado facial,Gel Limpiador Iluminador BHA + Ácido Glicólico 100 ml,"3,99 € / 100 ml","3,99 €",THE RANGE
Cuidado personal,Cuidado facial,Sérum Revitalift Clinical 12% Vitamina C 30 ml,"67,96 € / 100 ml","23,95 €
20,39 €",L'OREAL
Cuidado personal,Cuidado facial,Crema Día Revitalift FP50 Clinical 50 ml,"29,90 € / 100 ml","17,59 €
14,95 €",L'OREAL
Cuidado personal,Cuidado facial,Limpiador en Espuma Vit.C+ Ácido Salicílico 150 ml,"3,40 € / 100 ml","5,99 €
5,10 €",L'OREAL
Cuidado personal,Cuidado facial,Sérum Contorno Ojos Antiarrugas. Ecológico 15 ml,"26,60 € / 100 ml","3,99 €",FEEL FREE
Cuidado personal,Cuidado facial,Crema Facial Bakuchiol Antiarrugas. Ecológica 50 ml,"10,98 € / 100 ml","5,49 €",FEEL FREE
Cuidado personal,Cuidado facial,Protector Labial 1 U,"2,75 € / 1 U","2,75 €",LIPOSAN
Cuidado personal,Cuidado facial,Crema Antiarrugas Q10 de Día 50 ml,"18,50 € / 100 ml","9,25 €",NIVEA
Cuidado personal,Cuidado facial,Crema Antiarrugas Q10 de Noche 50 ml,"18,50 € / 100 ml","9,25 €",NIVEA
Cuidado personal,Cuidado facial,Crema Age Perfect Noche 50 ml,"19,98 € / 100 ml","9,99 €",L'OREAL
Cuidado personal,Cuidado facial,Crema Age Perfect Día 50 ml,"19,90 € / 100 ml","9,95 €",L'OREAL
Cuidado personal,Cuidado facial,Tónico Facial Puntos Negros 200 ml,"2,50 € / 100 ml","4,99 €",CLEAN&CLEAR
Cuidado personal,Cuidado facial,Protector Labial FP15 Aróma Fresa 1 U,"2,35 € / 1 U","2,35 €",PHARMADOCT
Cuidado personal,Cuidado facial,Desmaquillante Ojos Cuidado Essencials Bif 125 ml,"2,80 € / 100 ml","3,50 €",GARNIER
Cuidado personal,Cuidado facial,Leche Limpiadora con Aloe 200 ml,"0,50 € / 100 ml","1,00 €",KYREY
Cuidado personal,Cuidado facial,Tónico Facial con Áloe 200 ml,"0,50 € / 100 ml","1,00 €",KYREY
Cuidado personal,Cuidado facial,Perfeccionador Prodigioso P.Media 50 ml,"17,98 € / 100 ml","8,99 €",GARNIER
Cuidado personal,Cuidado facial,Gel Exfoliante Facial Cereza 75 ml,"3,13 € / 100 ml","2,35 €",KYREY
Cuidado personal,Cuidado facial,Ampollas Flash Belleza Acción Inmediata 4 ml,"53,75 € / 100 ml","2,15 €",KYREY
Cuidado personal,Cuidado facial,Agua Micelar 250 ml,"1,20 € / 100 ml","2,99 €",KYREY
Cuidado personal,Cuidado facial,Agua Micelar 400 ml,"1,15 € / 100 ml","4,59 €",GARNIER
Cuidado personal,Cuidado facial,Agua de Rosas 250 ml,"1,30 € / 100 ml","3,25 €",NATURAFEMME
Cuidado personal,Cuidado facial,Gel Exfoliante Facial Puntos Negros 150 ml,"3,33 € / 100 ml","4,99 €",CLEAN&CLEAR
Cuidado personal,Cuidado facial,Serum Revitalift Láser X3 1 U,"15,90 € / 1 U","15,90 €",L'OREAL
Cuidado personal,Cuidado facial,Parches para Acné 40 U,"0,08 € / 1 U","3,15 €",ACTY PATCH
Cuidado personal,Cuidado facial,Aceite Facial Rosa Mosqueta 30 ml,"20,97 € / 100 ml","6,29 €",NATURTIERRA
Cuidado personal,Cuidado facial,Crema Q10 F30 Antiarrugas 50 ml,"22,58 € / 100 ml","11,29 €",NIVEA
Cuidado personal,Cuidado facial,Toallitas Agua Micelar 20 U,"0,10 € / 1 U","1,99 €",SALUSTAR
Cuidado personal,Cuidado facial,Agua Micelar en Aceite 400 ml,"1,15 € / 100 ml","4,59 €",GARNIER
Cuidado personal,Cuidado facial,Gel Exfoliante Pure Active Carbón 3 en 1 150 ml,"3,33 € / 100 ml","4,99 €",GARNIER
Cuidado personal,Cuidado facial,Mascarilla Facial Matificante 1 U,"2,49 € / 1 U","2,49 €",GARNIER
Cuidado personal,Cuidado facial,Mascarilla Facial Energizante 1 U,"2,49 € / 1 U","2,49 €",GARNIER
Cuidado personal,Cuidado facial,BB Cream Color Natural 35 ml,"10,00 € / 100 ml","3,50 €",KYREY
Cuidado personal,Cuidado facial,BB Cream Color Bronceado 35 ml,"10,00 € / 100 ml","3,50 €",KYREY
Cuidado personal,Cuidado facial,Protector Labial Protección SPF 30 1 U,"2,35 € / 1 U","2,35 €",PHARMADOCT
Cuidado personal,Cuidado facial,"Bálsamo Labial Tarro 7,5 Gr","66,53 € / 100 Gr","4,99 €",CARMEX
Cuidado personal,Cuidado facial,Agua Micelar Desmaquillante 400 ml,"1,16 € / 100 ml","4,65 €",NIVEA
Cuidado personal,Cuidado facial,Discos Desmaquillantes Redondos 120 U,"0,01 € / 1 U","0,88 €",KYREY
Cuidado personal,Cuidado facial,Toallitas Desmaquillantes Faciales 24 U,"0,05 € / 1 U","1,10 €",KYREY
Cuidado personal,Cuidado facial,Discos Ovalados 80 U,"0,02 € / 1 U","1,28 €",KYREY
Cuidado personal,Cuidado facial,Crema Regenerist Tres Áreas Día 50 ml,"53,80 € / 100 ml","26,90 €",OLAY
Cuidado personal,Cuidado facial,Doble fuerza 30 ml,"38,30 € / 100 ml","11,49 €",BELLA AURORA
Cuidado personal,Cuidado facial,Crema Regenerist Tres Áreas Noche 50 ml,"49,80 € / 100 ml","24,90 €",OLAY
Cuidado personal,Cuidado facial,Mascarilla Peel Off carbón 1 U,"1,35 € / 1 U","1,35 €",ACTY MASK
Cuidado personal,Cuidado facial,Crema facial SPF 50 Anti-Manchas 50 ml,"37,98 € / 100 ml","18,99 €",BELLA AURORA
Cuidado personal,Cuidado facial,Serum Regenerist 3 Áreas 50 ml,"49,80 € / 100 ml","24,90 €",OLAY
Cuidado personal,Cuidado facial,Gel Limpiador Detox Bío 150 ml,"3,97 € / 100 ml","5,95 €",GARNIER
Cuidado personal,Cuidado facial,Toallitas Desmaquillantes Viaje 12 U,"0,13 € / 1 U","1,59 €",VITESSE
Cuidado personal,Cuidado facial,Crema Facial Hidratante 50 ml,"5,98 € / 100 ml","2,99 €",KYREY
Cuidado personal,Cuidado facial,Agua Micelar Mini 1 U,"1,49 € / 1 U","1,49 €",GARNIER
Cuidado personal,Cuidado facial,Parches Puntos Negros al Carbón 8 U,"0,48 € / 1 U","3,85 €",ACTY MASK
Cuidado personal,Cuidado facial,Mascarilla Facial Tejido Carbón 1 U,"2,49 € / 1 U","2,49 €",GARNIER
Cuidado personal,Cuidado facial,Desmaquillante Ojos Bifásico 1 U,"5,15 € / 1 U","5,15 €",NIVEA
Cuidado personal,Cuidado facial,Crema Revitalift Láser Antiedad Noche 50 ml,"35,98 € / 100 ml","17,99 €",L'OREAL
Cuidado personal,Cuidado facial,Crema Revitalift SPF Antiarrugas Día 50 ml,"36,30 € / 100 ml","18,15 €",L'OREAL
Cuidado personal,Cuidado facial,Serum Revitalift Día Antiarrugas 30 ml,"69,83 € / 100 ml","20,95 €",L'OREAL
Cuidado personal,Cuidado facial,Crema B7 Piel Mixta Antimanchas Piel Mixta 30 ml,"63,30 € / 100 ml","18,99 €",BELLA AURORA
Cuidado personal,Cuidado facial,Gel Limpiador Hidratante con Aloe Vera 200 ml,"1,28 € / 100 ml","2,55 €",KYREY
Cuidado personal,Cuidado facial,Doble Fuerza Mate Piel Mixta 30 ml,"38,30 € / 100 ml","11,49 €",BELLA AURORA
Cuidado personal,Cuidado facial,Crema Antimanchas B7 Piel Seca 30 ml,"63,30 € / 100 ml","18,99 €",BELLA AURORA
Cuidado personal,Cuidado facial,Protector Labial Soft Rose 1 U,"2,75 € / 1 U","2,75 €",LIPOSAN
Cuidado personal,Cuidado facial,Discos Bio Desmaquillar Redondos Algodón Bío 70 U,"0,02 € / 1 U","1,15 €",BEL NATURE
Cuidado personal,Cuidado facial,Jabón Natural Rosa Mosqueta 100 Gr,"21,00 € / 1 Kg","2,10 €",NATURAFEMME
Cuidado personal,Cuidado facial,Agua Micelar Piel Normal 400 ml,"1,16 € / 100 ml","4,65 €",NIVEA
Cuidado personal,Cuidado facial,Crema de Día SPF 15 Ácido Hialurónico 50 ml,"11,98 € / 100 ml","5,99 €",KYREY
Cuidado personal,Cuidado facial,Crema de Noche Ácido Hialurónico 50 ml,"11,98 € / 100 ml","5,99 €",KYREY
Cuidado personal,Cuidado facial,Rellenador Intensivo Ojos Ácido Hialurónico 15 ml,"33,00 € / 100 ml","4,95 €",KYREY
Cuidado personal,Cuidado facial,Sérum Concentrado Ácido Hialurónico 30 ml,"19,97 € / 100 ml","5,99 €",KYREY
Cuidado personal,Cuidado facial,Serum Luminous 630 Antimanchas 30 ml,"75,63 € / 100 ml","22,69 €",NIVEA
Cuidado personal,Cuidado facial,Crema Día Luminous 630 Antimanchas SPF 50 40 ml,"56,73 € / 100 ml","22,69 €",NIVEA
Cuidado personal,Cuidado facial,Crema Noche Retinol 24 Hidrata Suaviza Ilumina 50 ml,"59,80 € / 100 ml","29,90 €",OLAY
Cuidado personal,Cuidado facial,Mask Tissu Ojos Reduce Bolsas y Ojeras 1 U,"2,49 € / 1 U","2,49 €",GARNIER
Cuidado personal,Cuidado facial,Toallitas Desmaquillantes Rostro Ojos y Labios 30 U,"0,10 € / 1 U","2,95 €",NAT.HONEY
Cuidado personal,Cuidado facial,Retinol Puro Revitalift Sérum de Noche 30 ml,"69,83 € / 100 ml","20,95 €",L'OREAL
Cuidado personal,Cuidado facial,Aceite Ricino con Cepillo Pestañas 30 ml,"13,30 € / 100 ml","3,99 €",BIOGLOW
Cuidado personal,Cuidado facial,Sérum Vitamina C Antimanchas 30 ml,"41,63 € / 100 ml","12,49 €",GARNIER
Cuidado personal,Cuidado facial,Crema Serum Vitamina C FP25 Antimanchas 50 ml,"21,18 € / 100 ml","10,59 €",GARNIER
Cuidado personal,Cuidado facial,Crema Revitalift Filler Antiedad Día Fp50 50 ml,"38,30 € / 100 ml","19,15 €",L'OREAL
Cuidado personal,Cuidado facial,Toallitas Desmaquillantes P.Sensible Biodegradab. 25 U,"0,10 € / 1 U","2,59 €",VITESSE
Cuidado personal,Cuidado facial,Sérum Ojos Filler Anti-Ojeras y Arrugas 20 ml,"99,95 € / 100 ml","19,99 €",L'OREAL
Cuidado personal,Cuidado facial,Crema Día Splendor 10 Antiedad 30 ml,"63,30 € / 100 ml","18,99 €",BELLA AURORA
Cuidado personal,Cuidado facial,Desmaquillante Manteca Limpiadora 1 U,"6,99 € / 1 U","6,99 €",FLOR DE MAYO
Cuidado personal,Cuidado facial,Crema Regenerist SPF30 3 Áreas Día 50 ml,"53,80 € / 100 ml","26,90 €",OLAY
Cuidado personal,Cuidado facial,Toallitas Desmaquillantes Piel Mixta 25 U,"0,10 € / 1 U","2,59 €",VITESSE
Cuidado personal,Cuidado facial,Crema Bio 10 Forte Tratamiento De Choque 20 ml,"114,50 € / 100 ml","22,90 €",BELLA AURORA
Cuidado personal,Cuidado facial,CC Cream SPF50 Oil Free Anti-Manchas 30 ml,"59,97 € / 100 ml","17,99 €",BELLA AURORA
Cuidado personal,Cuidado facial,Crema Día Vitamina C Piel Normal 50 ml,"9,98 € / 100 ml","4,99 €",KYREY
Cuidado personal,Cuidado facial,Crema Día Vitamina C Piel Grasa 50 ml,"9,98 € / 100 ml","4,99 €",KYREY
Cuidado personal,Cuidado facial,Contorno Ojos Vitamina C 15 ml,"29,67 € / 100 ml","4,45 €",KYREY
Cuidado personal,Cuidado facial,Sérum Vitamina C 30 ml,"19,97 € / 100 ml","5,99 €",KYREY
Cuidado personal,Cuidado facial,Crema Noche Vitamina C 50 ml,"9,98 € / 100 ml","4,99 €",KYREY
Cuidado personal,Cuidado facial,Protector Labial Aroma A Cereza 1 U,"2,75 € / 1 U","2,75 €",LIPOSAN
Cuidado personal,Cuidado facial,"Stick Labial Fresa 4,25 Gr","93,88 € / 100 Gr","3,99 €",CARMEX
Cuidado personal,Cuidado facial,Crema De Día Splendor 30 ml,"63,30 € / 100 ml","18,99 €",BELLA AURORA
Cuidado personal,Cuidado facial,Desmaquillante Con Aloe Ojos Y Labios 200 ml,"1,33 € / 100 ml","2,65 €",KYREY
Cuidado personal,Cuidado facial,Midnight Sérum A.Perfect Renacimiento Celular 30 ml,"86,50 € / 100 ml","25,95 €",L'OREAL
Cuidado personal,Cuidado facial,Revitalift Laser Pressed Cream Noche 50 ml,"49,90 € / 100 ml","24,95 €",L'OREAL
Cuidado personal,Cuidado facial,Crema Age Perfect Día SPF30 50 ml,"19,98 € / 100 ml","9,99 €",L'OREAL
Cuidado personal,Cuidado facial,Crema Noche AgePerfect Midnight 50 ml,"49,90 € / 100 ml","24,95 €",L'OREAL
Cuidado personal,Cuidado facial,Sérum Cellular Ácido Hialurónico 30 ml,"53,30 € / 100 ml","15,99 €",NIVEA
Cuidado personal,Cuidado facial,Crema Revitalift Filler Water Cream 50 ml,"49,90 € / 100 ml","24,95 €",L'OREAL
Cuidado personal,Cuidado facial,Crema Noche Filler Rellenadora Anti-Edad 50 ml,"39,30 € / 100 ml","19,65 €",L'OREAL
Cuidado personal,Cuidado facial,Sérum Imperfecciones AHA+BHA+Carbón 30 ml,"41,63 € / 100 ml","12,49 €",GARNIER
Cuidado personal,Cuidado facial,Sérum Noche Vitamina C 30 ml,"46,50 € / 100 ml","13,95 €",GARNIER
Cuidado personal,Cuidado facial,Crema Día Jelly Aloe Hialurónico 50 ml,"21,90 € / 100 ml","10,95 €",GARNIER
Cuidado personal,Cuidado facial,Sérum Hidratante Aloe Hialurónico 30 ml,"46,50 € / 100 ml","13,95 €",GARNIER
Cuidado personal,Cuidado facial,Toallitas Desmaquillantes Piel Seca 25 U,"0,10 € / 1 U","2,50 €",NIVEA
Cuidado personal,Cuidado facial,Toallitas Desmaquillantes Piel Normal 25 U,"0,10 € / 1 U","2,50 €",NIVEA
Cuidado personal,Cuidado facial,Sérum Facial Efecto Lifting 30 ml,"23,30 € / 100 ml","6,99 €",KYREY
Cuidado personal,Cuidado facial,Crema de Día Efecto Lifting 50 ml,"13,98 € / 100 ml","6,99 €",KYREY
Cuidado personal,Cuidado facial,Toallitas Desmaquillantes Agua Micelar Divisibles 30 U,"0,08 € / 1 U","2,35 €",SALUSTAR
Cuidado personal,Cuidado manos y pies,Crema Pies Pharma con Urea 125 ml,"0,96 € / 100 ml","1,50 €
1,20 €",KYREY PHARMA
Cuidado personal,Cuidado manos y pies,Crema Manos Protectora Rápida Absorción 75 ml,"2,65 € / 100 ml","1,99 €",EUDERMIN
Cuidado personal,Cuidado manos y pies,Protector para Callos Discos Central Látex 10 U,"0,17 € / 1 U","1,65 €",PHARMADOCT
Cuidado personal,Cuidado manos y pies,Cepillo de Uñas 1 U,"1,50 € / 1 U","1,50 €",KYREY
Cuidado personal,Cuidado manos y pies,Lima Fibra de Vidrio 1 U,"0,99 € / 1 U","0,99 €",KYREY
Cuidado personal,Cuidado manos y pies,Lima Durezas y Raspador 1 U,"3,55 € / 1 U","3,55 €",KYREY
Cuidado personal,Cuidado manos y pies,Piedra Durezas Pies y Manos 1 U,"1,99 € / 1 U","1,99 €",KYREY
Cuidado personal,Cuidado manos y pies,Crema Manos Oliva Hidratacion Duradera 100 ml,"2,25 € / 100 ml","2,25 €",NIVEA
Cuidado personal,Cuidado manos y pies,Lima Esmeril 12 cm 10 U,"0,12 € / 1 U","1,20 €",KYREY
Cuidado personal,Cuidado manos y pies,Lima Esmeril 17 cm 10 U,"0,13 € / 1 U","1,30 €",KYREY
Cuidado personal,Cuidado manos y pies,Desodorante Pies Confort Byrelax Spray 200 ml,"20,75 € / 1 L","4,15 €",BYLY
Cuidado personal,Cuidado manos y pies,Lima Zafiro 1 U,"1,65 € / 1 U","1,65 €",KYREY
Cuidado personal,Cuidado manos y pies,Protector Callos Oval Latex 9 U,"0,18 € / 1 U","1,65 €",PHARMADOCT
Cuidado personal,Cuidado manos y pies,Palitos de Naranjo 6 U,"0,26 € / 1 U","1,55 €",KYREY
Cuidado personal,Cuidado manos y pies,Separador de Dedos 2 U,"0,58 € / 1 U","1,15 €",KYREY
Cuidado personal,Cuidado manos y pies,Stick Antirozaduras Pies 1 U,"2,55 € / 1 U","2,55 €",ECO FEET
Cuidado personal,Cuidado manos y pies,Crema Manos con Perfume 50 ml,"13,98 € / 100 ml","6,99 €",NEUTROGENA
Cuidado personal,Cuidado manos y pies,Crema Pies Ultra Hidratante 100 ml,"8,99 € / 100 ml","8,99 €",NEUTROGENA
Cuidado personal,Cuidado manos y pies,Gel Refrescante Pies y Piernas 125 ml,"1,19 € / 100 ml","1,49 €",KYREY PHARMA
Cuidado personal,Cuidado manos y pies,Cortauñas Manos 1 U,"2,15 € / 1 U","2,15 €",BETER
Cuidado personal,Cuidado manos y pies,Cortacallos 1 U,"2,40 € / 1 U","2,40 €",PONETTE
Cuidado personal,Cuidado manos y pies,Crema Manos Ecológica 75 ml,"2,60 € / 100 ml","1,95 €",FEEL FREE
Cuidado personal,Cuidado manos y pies,Recambio Cortacallos 1 U,"0,99 € / 1 U","0,99 €",PONETTE
Cuidado personal,Cuidado manos y pies,Cortacutículas 1 U,"2,10 € / 1 U","2,10 €",PONETTE
Cuidado personal,Cuidado manos y pies,Cortauñas Pies 1 U,"1,90 € / 1 U","1,90 €",PONETTE
Cuidado personal,Cuidado manos y pies,Tijera de Uñas Punta Curvada 1 U,"4,25 € / 1 U","4,25 €",PONETTE
Cuidado personal,Cuidado manos y pies,Alicates de Uñas 1 U,"4,99 € / 1 U","4,99 €",PONETTE
Cuidado personal,Cuidado manos y pies,Crema Manos Aloe Vera Ligera y No grasa 100 ml,"2,15 € / 100 ml","2,15 €",NIVEA
Cuidado personal,Cuidado manos y pies,Crema Manos Intensiva Aceite de Almendras 30 ml,"3,30 € / 100 ml","0,99 €",NIVEA
Cuidado personal,Cuidado manos y pies,Crema Manos Q10 Antiedad 3 en 1 100 ml,"3,99 € / 100 ml","3,99 €",NIVEA
Cuidado personal,Cuidado manos y pies,Crema de Manos Pieles Atópicas 75 ml,"2,60 € / 100 ml","1,95 €",NIEVINA
Cuidado personal,Cuidado manos y pies,Crema Manos Oliva Pieles Secas 100 ml,"1,50 € / 100 ml","1,50 €",KYREY
Cuidado personal,Cuidado manos y pies,Crema Manos Soja Karité Repara y Unifica el Tono 100 ml,"1,00 € / 100 ml","1,00 €",KYREY
Cuidado personal,Cuidado manos y pies,Crema Manos Urea 5% Pieles Muy Secas 100 ml,"1,25 € / 100 ml","1,25 €",KYREY
Cuidado personal,Cuidado manos y pies,Crema Mano Reparadora Piel Extra Seca 75 ml,"3,13 € / 100 ml","2,35 €",EUDERMIN
Cuidado personal,Cuidado manos y pies,Crema de Pies Calma's 75 ml,"3,47 € / 100 ml","2,60 €",EUDERMIN
Cuidado personal,Cuidado manos y pies,Mascarilla Pies Ultra Hidratante 1 U,"2,95 € / 1 U","2,95 €",LOUA
Cuidado personal,Cuidado manos y pies,Crema de Pies Exfoliante 75 ml,"3,67 € / 100 ml","2,75 €",EUDERMIN
Cuidado personal,Cuidado manos y pies,Crema Pies Antidurezas 50 ml,"5,20 € / 100 ml","2,60 €",BABARIA
Cuidado personal,Cuidado manos y pies,Desodorante Spray Pies 150 ml,"1,97 € / 100 ml","2,95 €",BABARIA
Cuidado personal,Cuidado manos y pies,Pulidor Uñas 4 Fases 1 U,"1,60 € / 1 U","1,60 €",PONETTE
Cuidado personal,Cuidado manos y pies,Crema Manos Reparadora Sin Perfume 100 ml,"1,59 € / 100 ml","1,59 €",KYREY
Cuidado personal,Higiene corporal,Gel Baño Marine 550 ml,"0,62 € / 100 ml","3,40 €",MAGNO
Cuidado personal,Higiene corporal,Gel Avena Reparador 750 ml,"0,34 € / 100 ml","2,99 €
2,55 €",KINESIA
Cuidado personal,Higiene corporal,Gel Avena Atopic 750 ml,"0,34 € / 100 ml","2,99 €
2,55 €",KINESIA
Cuidado personal,Higiene corporal,Gel Baño Pure Micelar 650 ml,"0,40 € / 100 ml","2,59 €",NAT.HONEY
Cuidado personal,Higiene corporal,Gel Baño Aceite de Argán 600 ml,"0,43 € / 100 ml","2,59 €",NAT.HONEY
Cuidado personal,Higiene corporal,Gel De Baño Classic 550 ml,"0,62 € / 100 ml","3,40 €",MAGNO
Cuidado personal,Higiene corporal,Gel Baño Amazonian 600 ml,"0,43 € / 100 ml","2,59 €",NAT.HONEY
Cuidado personal,Higiene corporal,Gel Aloe Vera 720 ml,"0,55 € / 100 ml","4,99 €
3,99 €",DOVE
Cuidado personal,Higiene corporal,Gel Natural Prebiotic Atopiderm 600 ml,"0,54 € / 100 ml","3,99 €
3,20 €",SANEX
Cuidado personal,Higiene corporal,Gel de Ducha Bio Agave 600 ml,"0,55 € / 100 ml","3,99 €
3,25 €",SANEX
Cuidado personal,Higiene corporal,Gel de Ducha Karité y Vainilla 450 ml,"0,76 € / 100 ml","3,99 €
3,39 €",DOVE
Cuidado personal,Higiene corporal,Gel Baño Urea. Piel Seca 750 ml,"0,53 € / 100 ml","3,99 €",NATTÚRU PHAR
Cuidado personal,Higiene corporal,Gel Baño Piel Sensible/Atópica 750 ml,"0,53 € / 100 ml","3,99 €",NATTÚRU PHAR
Cuidado personal,Higiene corporal,Gel Baño Dermatológico 1 L,"3,99 € / 1 L","3,99 €",NATTÚRU PHAR
Cuidado personal,Higiene corporal,Jabón de Manos Frutos del Bosque 500 ml,"0,40 € / 100 ml","2,19 €
1,99 €",VITARELLE
Cuidado personal,Higiene corporal,Jabón de Manos Limón y Azahar 500 ml,"0,40 € / 100 ml","2,19 €
1,99 €",VITARELLE
Cuidado personal,Higiene corporal,Jabón de Manos Coco y Mango 500 ml,"0,40 € / 100 ml","2,19 €
1,99 €",VITARELLE
Cuidado personal,Higiene corporal,Gel Baño Rosa Mosqueta 750 ml,"0,31 € / 100 ml","2,35 €",NELLY
Cuidado personal,Higiene corporal,Gel Higienizante Manos Hidro-Alcohólico 100 ml,"1,99 € / 100 ml","1,99 €",ANIAN
Cuidado personal,Higiene corporal,Gel Dark Temptation 400 ml,"0,84 € / 100 ml","3,35 €",AXE
Cuidado personal,Higiene corporal,Jabón Líquido Almendras 300 ml,"0,82 € / 100 ml","2,45 €",PALMOLIVE
Cuidado personal,Higiene corporal,Jabón Líquido Manos Oceánico 300 ml,"0,45 € / 100 ml","1,35 €",KYREY
Cuidado personal,Higiene corporal,Jabón Líquido Manos Sandía 300 ml,"0,45 € / 100 ml","1,35 €",KYREY
Cuidado personal,Higiene corporal,Esponja Jabonosa Desechable 10 U,"0,12 € / 1 U","1,20 €",GREEN NATURE
Cuidado personal,Higiene corporal,Gel Coco 75 ml,"1,85 € / 100 ml","1,39 €",NAT.HONEY
Cuidado personal,Higiene corporal,Gel de Baño PH5 1000 ml,"2,00 € / 100 ml","19,95 €",EUCERIN
Cuidado personal,Higiene corporal,Oleogel Ducha 400 ml,"3,75 € / 100 ml","14,99 €",EUCERIN
Cuidado personal,Higiene corporal,Pack Gel Dermatológico,"0,41 € / 100 ml","8,25 €",INIBSA
Cuidado personal,Higiene corporal,Gel Relajante 800 ml,"0,30 € / 100 ml","2,39 €",HIDROGENESSE
Cuidado personal,Higiene corporal,Pastilla Jabón Almendras 3x90 3 U,"0,73 € / 1 U","2,19 €",PALMOLIVE
Cuidado personal,Higiene corporal,Jabón Neutralizador Olores 500 ml,"0,32 € / 100 ml","1,60 €",KYREY
Cuidado personal,Higiene corporal,Jabón de Manos Líquido Dermo 500 ml,"0,18 € / 100 ml","0,90 €",KYREY
Cuidado personal,Higiene corporal,Jabón de Manos Líquido Avena 500 ml,"0,28 € / 100 ml","1,40 €",KYREY
Cuidado personal,Higiene corporal,Bomba de Baño Color Therapy 1 U,"1,99 € / 1 U","1,99 €",IDCINSTITUTE
Cuidado personal,Higiene corporal,Gel Natural Glicerina 600 ml,"0,74 € / 100 ml","4,45 €",LIDA
Cuidado personal,Higiene corporal,Hidroalcohólico 300 ml,"1,00 € / 100 ml","2,99 €",ANIAN
Cuidado personal,Higiene corporal,Gel de Baño Leche y Avena 750 ml,"0,19 € / 100 ml","1,40 €",KYREY
Cuidado personal,Higiene corporal,Gel de Baño Marino 750 ml,"0,19 € / 100 ml","1,45 €",KYREY
Cuidado personal,Higiene corporal,Jabón Manos Hidratante 250 ml,"0,90 € / 100 ml","2,25 €",SANYTOL
Cuidado personal,Higiene corporal,Gel de Baño Violeta 750 ml,"0,19 € / 100 ml","1,45 €",KYREY
Cuidado personal,Higiene corporal,Gel de Baño Oliva 750 ml,"0,19 € / 100 ml","1,45 €",KYREY
Cuidado personal,Higiene corporal,Gel de Baño Mango 750 ml,"0,19 € / 100 ml","1,45 €",KYREY
Cuidado personal,Higiene corporal,Gel Baño Burbujas 500 ml,"0,29 € / 100 ml","1,45 €",KYREY
Cuidado personal,Higiene corporal,Gel Baño Glicerina 500 ml,"0,29 € / 100 ml","1,45 €",KYREY
Cuidado personal,Higiene corporal,Crema Corporal Exfoliant Piedra Volcánica 300 ml,"1,42 € / 100 ml","4,25 €",EUDERMIN BIO
Cuidado personal,Higiene corporal,Gel Coco Vainilla 500 ml,"0,29 € / 100 ml","1,45 €",KYREY
Cuidado personal,Higiene corporal,Gel Baño Argán 500 ml,"0,28 € / 100 ml","1,40 €",KYREY
Cuidado personal,Higiene corporal,Esponja Natural Marina 1 U,"3,99 € / 1 U","3,99 €",DAVIDEL
Cuidado personal,Higiene corporal,Gel Urea 500 ml,"4,00 € / 1 L","2,00 €",KYREY
Cuidado personal,Higiene corporal,Gel Baño Natural 500 ml,"4,00 € / 1 L","2,00 €",KYREY
Cuidado personal,Higiene corporal,Sales de Baño Pure Energy 350 Gr,"5,69 € / 1 Kg","1,99 €",IDC INSTITUT
Cuidado personal,Higiene corporal,Gel Dermoprotector 850 ml,"0,47 € / 100 ml","4,00 €",SANEX
Cuidado personal,Higiene corporal,Gel Baño Classic 650 ml,"0,57 € / 100 ml","3,70 €",MOUSSEL
Cuidado personal,Higiene corporal,Gel De Baño Hidratación Profunda 540 ml,"0,60 € / 100 ml","3,25 €",DOVE
Cuidado personal,Higiene corporal,Gel De Baño Hidrotermal 550 ml,"0,49 € / 100 ml","2,70 €",LA TOJA
Cuidado personal,Higiene corporal,Gel De Baño Aloe Vera 550 ml,"0,49 € / 100 ml","2,70 €",LA TOJA
Cuidado personal,Higiene corporal,Gel De Baño Body Milk 550 ml,"0,49 € / 100 ml","2,70 €",LA TOJA
Cuidado personal,Higiene corporal,Gel Baño Coco 600 ml,"0,43 € / 100 ml","2,59 €",NAT.HONEY
Cuidado personal,Higiene corporal,Gel Baño Hidratante 900 ml,"0,30 € / 100 ml","2,70 €",NAT.HONEY
Cuidado personal,Higiene corporal,Gel Avena 1250 ml,"0,20 € / 100 ml","2,55 €",INST.ESPAÑOL
Cuidado personal,Higiene corporal,Gel Urea 1250 ml,"0,20 € / 100 ml","2,55 €",INST.ESPAÑOL
Cuidado personal,Higiene corporal,Gel Fresas Y Jazmín 750 ml,"0,32 € / 100 ml","2,39 €",VITARELLE
Cuidado personal,Higiene corporal,Gel Lima Y Menta 750 ml,"0,32 € / 100 ml","2,39 €",VITARELLE
Cuidado personal,Higiene corporal,Gel Mango Y Canela 750 ml,"0,32 € / 100 ml","2,39 €",VITARELLE
Cuidado personal,Higiene corporal,Esponja Flor 1 U,"0,85 € / 1 U","0,85 €",KYREY
Cuidado personal,Higiene corporal,Esponja Extrasuave Bebé 1 U,"0,90 € / 1 U","0,90 €",CONSUM KIDS
Cuidado personal,Higiene corporal,Gel de Ducha + Champú Sport 200 ml,"0,50 € / 100 ml","0,99 €",KYREY
Cuidado personal,Higiene corporal,Esponja Rizo 2 U,"0,65 € / 1 U","1,30 €",KYREY
Cuidado personal,Higiene corporal,Gel Zero Hidratante 600 ml,"0,61 € / 100 ml","3,65 €",SANEX
Cuidado personal,Higiene corporal,Gel de Baño Activit Protector 550 ml,"0,46 € / 100 ml","2,55 €",LACTOVIT
Cuidado personal,Higiene corporal,Gel de Baño Lactourea Reparador 550 ml,"0,50 € / 100 ml","2,75 €",LACTOVIT
Cuidado personal,Higiene corporal,Gel de Baño Nutritivo XXL 750 ml,"0,39 € / 100 ml","2,95 €",LACTOVIT
Cuidado personal,Higiene corporal,Gel Cuidado Experto PRO HYDRATE 600 ml,"0,61 € / 100 ml","3,65 €",SANEX
Cuidado personal,Higiene corporal,Gel Recambio Zero Hidratante 950 ml,"0,42 € / 100 ml","3,99 €",SANEX
Cuidado personal,Higiene corporal,Esponja Suave HIpoalergénica 2 U,"0,65 € / 1 U","1,30 €",KYREY
Cuidado personal,Higiene corporal,Gel de Ducha Sensible 600 ml,"0,50 € / 100 ml","2,99 €",PALMOLIVE
Cuidado personal,Higiene corporal,Gel de Baño Leche y Miel 600 ml,"0,50 € / 100 ml","2,99 €",PALMOLIVE
Cuidado personal,Higiene corporal,Jabón En Pastilla Glicerina 2 U,"1,63 € / 1 U","3,25 €",LIDA
Cuidado personal,Higiene corporal,Esponja Vegetal 1 U,"1,40 € / 1 U","1,40 €",KYREY
Cuidado personal,Higiene corporal,Gel Baño Exfoliante Massage 500 ml,"0,70 € / 100 ml","3,49 €",PALMOLIVE
Cuidado personal,Higiene corporal,Gel Dermo Familiar 1 L,"1,10 € / 1 L","1,10 €",KYREY
Cuidado personal,Higiene corporal,Esponja Vegetal Masaje 1 U,"1,99 € / 1 U","1,99 €",KYREY
Cuidado personal,Higiene corporal,Jabón de Manos Moussant Clásico 500 ml,"0,34 € / 100 ml","1,70 €",ANIAN
Cuidado personal,Higiene corporal,Esponja de Baño Masaje-Exfoliante 2 U,"0,65 € / 1 U","1,30 €",KYREY
Cuidado personal,Higiene corporal,Pastillas Jabón Manos Beauty Cream 4 U,"0,75 € / 1 U","3,00 €",DOVE
Cuidado personal,Higiene corporal,Gel Baño y Ducha Pieles Atópicas 500 ml,"0,80 € / 100 ml","3,99 €",INST.ESPAÑOL
Cuidado personal,Higiene corporal,Esponja Baño Infantil Bob Esponja 1 U,"1,99 € / 1 U","1,99 €",SUAVIPIEL
Cuidado personal,Desodorante,Desodorante Spray Tacto Puro N.B. 200 ml,"1,50 € / 100 ml","2,99 €",PALMOLIVE
Cuidado personal,Desodorante,Desodorante Roll-On Tacto Puro N.B 50 ml,"3,98 € / 100 ml","1,99 €",PALMOLIVE
Cuidado personal,Desodorante,Desodorante Spray Normal 200 ml,"1,25 € / 100 ml","2,95 €
2,50 €",LACTOVIT
Cuidado personal,Desodorante,Desodorante Spray Extra Control microtalco 200 ml,"1,28 € / 100 ml","3,00 €
2,55 €",SANEX
Cuidado personal,Desodorante,Desodorante Spray Cuidado 24 Horas Men 200 ml,"1,35 € / 100 ml","3,15 €
2,69 €",LACTOVIT
Cuidado personal,Desodorante,Desodorante Roll On Original 50 ml,"4,00 € / 100 ml","2,35 €
2,00 €",LACTOVIT
Cuidado personal,Desodorante,Desodorante Spray Zero Aluminio 200 ml,"1,28 € / 100 ml","3,00 €
2,55 €",SANEX
Cuidado personal,Desodorante,Desodorante Spray Aloe Vera Unisex 200 ml,"0,85 € / 100 ml","1,80 €
1,70 €",KYREY
Cuidado personal,Desodorante,Desodorante Spray Antimanchas Hombre 200 ml,"0,85 € / 100 ml","1,80 €
1,70 €",KYREY
Cuidado personal,Desodorante,Desodorante Spray Active Control 200 ml,"1,65 € / 100 ml","3,29 €",SANEX
Cuidado personal,Desodorante,Desodorante Spray Lactourea 200 ml,"1,35 € / 100 ml","3,15 €
2,69 €",LACTOVIT
Cuidado personal,Desodorante,Desodorante Roll-on Invisible 50 ml,"4,98 € / 100 ml","2,49 €",DOVE
Cuidado personal,Desodorante,Desodorante Roll-on Original 50 ml,"4,30 € / 100 ml","2,49 €
2,15 €",DOVE
Cuidado personal,Desodorante,Desodorante Spray Original 200 ml,"1,70 € / 100 ml","3,95 €
3,39 €",DOVE
Cuidado personal,Desodorante,Desodorante Spray Invisible 200 ml,"2,00 € / 100 ml","3,99 €",DOVE
Cuidado personal,Desodorante,Desodorante Spray Go Fresh 200 ml,"2,00 € / 100 ml","3,99 €",DOVE
Cuidado personal,Desodorante,Desodorante Roll-On Brisa 50 ml,"4,72 € / 100 ml","2,36 €",MUM
Cuidado personal,Desodorante,Desodorante Roll-On Original Sensitive 50 ml,"3,40 € / 100 ml","1,70 €",BYLY
Cuidado personal,Desodorante,Desodorante en Crema sin Perfume 25 Gr,"8,60 € / 100 ml","2,15 €",BYLY
Cuidado personal,Desodorante,Desodorante Roll-On Men Dry Impact 50 ml,"4,30 € / 100 ml","2,15 €",NIVEA
Cuidado personal,Desodorante,Desodorante Roll-On Dry Comfort 50 ml,"4,70 € / 100 ml","2,35 €",NIVEA
Cuidado personal,Desodorante,Desodorante Stick Ice Blue 75 ml,"3,20 € / 100 ml","2,40 €",WILLIAMS
Cuidado personal,Desodorante,Desodorante Spray Men Dry Impact 200 ml,"1,58 € / 100 ml","3,15 €",NIVEA
Cuidado personal,Desodorante,Desodorante Spray Fresh Nature 200 ml,"1,63 € / 100 ml","3,25 €",BYLY
Cuidado personal,Desodorante,Desodorante Spray Dermo Invisible 200 ml,"1,70 € / 100 ml","3,39 €",SANEX
Cuidado personal,Desodorante,Desodorante Roll-On Invisible Black & White 50 ml,"4,30 € / 100 ml","2,15 €",NIVEA
Cuidado personal,Desodorante,Desodorante Spray Invisible Black&White 200 ml,"1,38 € / 100 ml","2,75 €",NIVEA
Cuidado personal,Desodorante,Desodorante Spray Invisible B&W Men 200 ml,"1,38 € / 100 ml","2,75 €",NIVEA
Cuidado personal,Desodorante,Desodorante Roll-On Invisible B&W Men 50 ml,"4,30 € / 100 ml","2,15 €",NIVEA
Cuidado personal,Desodorante,Desodorante en crema Máxima Proteccion 45 ml,"11,44 € / 100 ml","5,15 €",REXONA
Cuidado personal,Desodorante,Desodorante Fresh Roll On 50 ml,"4,20 € / 100 ml","2,10 €",BYLY
Cuidado personal,Desodorante,Desodorante Stick Barra Dermo Protector 65 ml,"5,22 € / 100 ml","3,39 €",SANEX
Cuidado personal,Desodorante,Desodorante Roll On Men Active 50 ml,"3,80 € / 100 ml","1,90 €",SANEX
Cuidado personal,Desodorante,Desodorante Roll On Extra Control microtalco 50 ml,"3,80 € / 100 ml","1,90 €",SANEX
Cuidado personal,Desodorante,Desodorante Roll On Dermo Invisible 50 ml,"4,50 € / 100 ml","2,25 €",SANEX
Cuidado personal,Desodorante,Desodorante Roll On Dermo Sensitive 50 ml,"3,80 € / 100 ml","1,90 €",SANEX
Cuidado personal,Desodorante,Desodorante Spray B&W Invisible Fresh 200 ml,"1,50 € / 100 ml","2,99 €",NIVEA
Cuidado personal,Desodorante,Desodorante Spray Protege y Cuida 200 ml,"1,50 € / 100 ml","2,99 €",NIVEA
Cuidado personal,Desodorante,Desodorante Roll On Men Protege&Cuida 48 Horas 50 ml,"4,60 € / 100 ml","2,30 €",NIVEA
Cuidado personal,Desodorante,Desodorante Spray Protege&Cuida 48 Horas 200 ml,"1,58 € / 100 ml","3,15 €",NIVEA
Cuidado personal,Desodorante,Deo Dove Crema 50 ml,"4,00 € / 100 ml","2,00 €",DOVE
Cuidado personal,Desodorante,Desodorante Stick Natural Alumbre 60 Gr,"3,67 € / 100 ml","2,20 €",BIOGLOW
Cuidado personal,Desodorante,Toallitas Desodorantes 15 U,"0,08 € / 1 U","1,15 €",SALUSTAR
Cuidado personal,Desodorante,Desodorante Ice Man Spray 200 ml,"1,35 € / 100 ml","2,70 €",REXONA
Cuidado personal,Desodorante,Desodorante Invisible Spray 200 ml,"1,35 € / 100 ml","2,70 €",REXONA
Cuidado personal,Desodorante,Desodorante Cobalt Spray 200 ml,"1,35 € / 100 ml","2,70 €",REXONA
Cuidado personal,Desodorante,Desodorante Roll on Zero 0% Aluminio 50 ml,"3,80 € / 100 ml","1,90 €",SANEX
Cuidado personal,Desodorante,Desodorante Spray B&W Invisible Pocket 100 ml,"2,35 € / 100 ml","2,35 €",NIVEA
Cuidado personal,Desodorante,Desodorante Roll On Natur Protect 50 ml,"4,50 € / 100 ml","2,25 €",SANEX
Cuidado personal,Desodorante,Desodorante Spray Natur Protect 200 ml,"1,70 € / 100 ml","3,39 €",SANEX
Cuidado personal,Desodorante,Desodorante loving Floral Woman Spray 200 ml,"1,10 € / 100 ml","2,20 €",NIKE
Cuidado personal,Desodorante,Desodorante Roll On Antimanchas Mujer 50 ml,"1,70 € / 100 ml","0,85 €",KYREY
Cuidado personal,Desodorante,Desodorante Roll On Aloe Vera Unisex 50 ml,"1,70 € / 100 ml","0,85 €",KYREY
Cuidado personal,Desodorante,Desodorante Roll On Control Hombre 50 ml,"1,98 € / 100 ml","0,99 €",KYREY
Cuidado personal,Desodorante,Desodorante Roll On Control Mujer 50 ml,"1,98 € / 100 ml","0,99 €",KYREY
Cuidado personal,Desodorante,Desodorante Roll On Antimanchas Hombre 50 ml,"1,70 € / 100 ml","0,85 €",KYREY
Cuidado personal,Desodorante,Desodorante Spray Extracontrol Hombre 200 ml,"1,00 € / 100 ml","1,99 €",KYREY
Cuidado personal,Desodorante,Desodorante Spray Extracontrol Mujer 200 ml,"1,00 € / 100 ml","1,99 €",KYREY
Cuidado personal,Desodorante,Desodorante Spray B&W Men Active 200 ml,"1,50 € / 100 ml","2,99 €",NIVEA
Cuidado personal,Desodorante,Desodorante Spray Temptation 150 ml,"2,10 € / 100 ml","3,15 €",AXE
Cuidado personal,Desodorante,Desodorante Spray Marine 150 ml,"2,50 € / 100 ml","3,75 €",AXE
Cuidado personal,Desodorante,Desodorante Spray Leather&Cook 150 ml,"2,50 € / 100 ml","3,75 €",AXE
Cuidado personal,Desodorante,Desodorante Spray Apollo 150 ml,"2,50 € / 100 ml","3,75 €",AXE
Cuidado personal,Desodorante,Desodorante Spray Black 150 ml,"2,50 € / 100 ml","3,75 €",AXE
Cuidado personal,Desodorante,Desodorante Spray Fresh Mujer 200 ml,"1,00 € / 100 ml","1,99 €",KYREY
Cuidado personal,Desodorante,Desodorante Stick Captain 50 ml,"7,98 € / 100 ml","3,99 €",OLD SPICE
Cuidado personal,Desodorante,Desodorante Stick Deep Sea 50 ml,"7,98 € / 100 ml","3,99 €",OLD SPICE
Cuidado personal,Desodorante,Desodorante Roll On Talco Mujer 50 ml,"1,98 € / 100 ml","0,99 €",KYREY
Cuidado personal,Desodorante,Desodorante Spray Excess 200 ml,"1,00 € / 100 ml","1,99 €",KYREY
Cuidado personal,Desodorante,Desodorante Wild 200 ml,"1,00 € / 100 ml","1,99 €",KYREY
Cuidado personal,Desodorante,Desodorante Gold 200 ml,"1,00 € / 100 ml","1,99 €",KYREY
Cuidado personal,Desodorante,Desodorante Roll-on Dark Temptation 50 ml,"4,38 € / 100 ml","2,19 €",AXE
Cuidado personal,Desodorante,Desodorante Spray Black & White Pocket 100 ml,"2,35 € / 100 ml","2,35 €",NIVEA
Cuidado personal,Desodorante,Desodorante Spray Talco Mujer 200 ml,"1,00 € / 100 ml","1,99 €",KYREY
Cuidado personal,Desodorante,Desodorante Roll-On Extrem Fresh 50 ml,"3,98 € / 100 ml","1,99 €",BYLY
Cuidado personal,Desodorante,Desodorante Spray Bright Bouquet 200 ml,"1,70 € / 100 ml","3,40 €",REXONA
Cuidado personal,Desodorante,Desodorante Spray Invisible Aqua 200 ml,"1,70 € / 100 ml","3,40 €",REXONA
Cuidado personal,Desodorante,Desodorante Spray Invisible Aqua Men 200 ml,"1,70 € / 100 ml","3,40 €",REXONA
Cuidado personal,Desodorante,Desodorante Roll-On Protege&Cuida 50 ml,"4,80 € / 100 ml","2,40 €",NIVEA
Cuidado personal,Desodorante,Desodorante Spray Indigo 200 ml,"1,10 € / 100 ml","2,20 €",NIKE
Cuidado personal,Desodorante,Desodorante Spray Aloe Vera 200 ml,"1,70 € / 100 ml","3,40 €",REXONA
Cuidado personal,Desodorante,Desodorante Spray Bergamot 150 ml,"3,67 € / 100 ml","5,50 €",AXE
Cuidado personal,Desodorante,Desodorante Spray Men Clean Comfort 150 ml,"2,33 € / 100 ml","3,49 €",DOVE
Cuidado personal,Desodorante,Desodorante Roll-on Zero 50 ml,"5,98 € / 100 ml","2,99 €",DOVE
Cuidado personal,Desodorante,Desodorante Spray Dermo Total 200 ml,"1,70 € / 100 ml","3,39 €",SANEX
Cuidado personal,Higiene íntima,Compresas Incontinencia Maxi Discreet 15 U,"0,33 € / 1 U","5,99 €
4,99 €",INDASEC
Cuidado personal,Higiene íntima,Protege Slip Fresh más 4 ud de Regalo 44 U,"0,04 € / 1 U","2,29 €
1,89 €",CAREFREE
Cuidado personal,Higiene íntima,Protegeslip Maxi Plus 36 U,"0,05 € / 1 U","2,29 €
1,89 €",CAREFREE
Cuidado personal,Higiene íntima,Compresa Incontinencia Normal Discreet 24 U,"0,21 € / 1 U","5,99 €
4,99 €",INDASEC
Cuidado personal,Higiene íntima,Compresa Incontinencia Extra Discreet 20 U,"0,25 € / 1 U","5,99 €
4,99 €",INDASEC
Cuidado personal,Higiene íntima,Compresa Incontinencia Extra 20 U,"0,17 € / 1 U","3,80 €
3,35 €",KYREY PHARMA
Cuidado personal,Higiene íntima,Compresa Incontinencia Maxi 15 U,"0,26 € / 1 U","4,35 €
3,95 €",KYREY
Cuidado personal,Higiene íntima,Tampones Digital Super 32 U,"0,19 € / 1 U","6,19 €",OB
Cuidado personal,Higiene íntima,Protegeslip Flexiform 30 U,"0,07 € / 1 U","2,05 €",CAREFREE
Cuidado personal,Higiene íntima,Compresas Incontinencia Mini 20 U,"0,18 € / 1 U","3,69 €",INDASEC
Cuidado personal,Higiene íntima,Absorbente Talla Media Incontinencias 20 U,"0,68 € / 1 U","13,55 €",INDASLIP
Cuidado personal,Higiene íntima,Salvaslip Maxi Pack Ahorro 72 U,"0,06 € / 1 U","4,65 €",EVAX
Cuidado personal,Higiene íntima,Protege Slip Transpirable más 4 ud Regalo 44 U,"0,05 € / 1 U","2,29 €",CAREFREE
Cuidado personal,Higiene íntima,Compresa Ultra Normal Con Alas 14 U,"0,13 € / 1 U","1,85 €",AUSONIA
Cuidado personal,Higiene íntima,Toallita Higiene Corporal Adulto 60 U,"0,07 € / 1 U","3,95 €",SALUSTAR
Cuidado personal,Higiene íntima,Gel Intimo 250 ml,"1,82 € / 100 ml","4,55 €",CHILLY
Cuidado personal,Higiene íntima,Toallita Intima Verde 12 U,"0,25 € / 1 U","2,99 €",CHILLY
Cuidado personal,Higiene íntima,Protector 60X90 Cm 20 U,"0,49 € / 1 U","9,89 €",INDASBED
Cuidado personal,Higiene íntima,Compresa Normal Alas F&S 12 U,"0,12 € / 1 U","1,49 €",EVAX
Cuidado personal,Higiene íntima,Pant Súper Talla Grande 10 U,"1,09 € / 1 U","10,90 €",INDASEC
Cuidado personal,Higiene íntima,Compresa Noche 18 U,"0,27 € / 1 U","4,89 €",EVAX
Cuidado personal,Higiene íntima,Pant Super Talla M 10 U,"1,09 € / 1 U","10,90 €",INDASEC
Cuidado personal,Higiene íntima,Tampones Digital Normal 32 U,"0,19 € / 1 U","6,19 €",OB
Cuidado personal,Higiene íntima,Compresa Cottonlike Normal Alas 32 U,"0,14 € / 1 U","4,45 €",EVAX
Cuidado personal,Higiene íntima,Tampón Pearl Regular 24 U,"0,21 € / 1 U","4,99 €",TAMPAX
Cuidado personal,Higiene íntima,Tampón Pearl Súper 24 U,"0,21 € / 1 U","4,99 €",TAMPAX
Cuidado personal,Higiene íntima,Tampón Pearl Super Plus 24 U,"0,21 € / 1 U","4,99 €",TAMPAX
Cuidado personal,Higiene íntima,Compresa Incontinencia Men Normal 10 U,"0,43 € / 1 U","4,25 €",INDASEC
Cuidado personal,Higiene íntima,Salvaslip Maxiplus 30 U,"0,11 € / 1 U","3,19 €",EVAX
Cuidado personal,Higiene íntima,Gel Hidratante Vaginal 30 ml,"29,97 € / 100 ml","8,99 €",VAGISIL
Cuidado personal,Higiene íntima,Tampón con Aplicador Compacto Súper 32 U,"0,09 € / 1 U","2,98 €",KYREY
Cuidado personal,Higiene íntima,Tampón con Aplicador Cartón Regular 30 U,"0,09 € / 1 U","2,65 €",KYREY
Cuidado personal,Higiene íntima,Tampón con Aplicador Compacto Regular 32 U,"0,09 € / 1 U","2,98 €",KYREY
Cuidado personal,Higiene íntima,Tampón con Aplicador Cartón Súper 30 U,"0,09 € / 1 U","2,65 €",KYREY
Cuidado personal,Higiene íntima,Compresa Alas Noche 9 U,"0,21 € / 1 U","1,85 €",AUSONIA
Cuidado personal,Higiene íntima,Compresa Súper Alas 12 U,"0,15 € / 1 U","1,85 €",AUSONIA
Cuidado personal,Higiene íntima,Compresa Liberty Noche Alas 9 U,"0,39 € / 1 U","3,49 €",EVAX
Cuidado personal,Higiene íntima,Compresa Liberty Normal Alas 12 U,"0,29 € / 1 U","3,49 €",EVAX
Cuidado personal,Higiene íntima,Compresa Liberty Super Alas 10 U,"0,35 € / 1 U","3,49 €",EVAX
Cuidado personal,Higiene íntima,Gel íntimo Formato Viaje 50 ml,"4,00 € / 100 ml","2,00 €",CHILLY
Cuidado personal,Higiene íntima,Gel Íntimo Delicado 250 ml,"1,82 € / 100 ml","4,55 €",CHILLY
Cuidado personal,Higiene íntima,Salvaslip Normal 50 U,"0,06 € / 1 U","2,79 €",EVAX
Cuidado personal,Higiene íntima,Tampón Super Plus 16 U,"0,24 € / 1 U","3,79 €",OB
Cuidado personal,Higiene íntima,Toallitas Íntimas 12 U,"0,10 € / 1 U","1,15 €",SALUSTAR
Cuidado personal,Higiene íntima,Compresa Maxi Sin Alas Fina&Segura 13 U,"0,13 € / 1 U","1,75 €",EVAX
Cuidado personal,Higiene íntima,Pant Hombre Talla S-M 10 U,"1,25 € / 1 U","12,50 €",DEPEND
Cuidado personal,Higiene íntima,Protector Absorbente 15 U,"0,43 € / 1 U","6,39 €",KYREY
Cuidado personal,Higiene íntima,Pants Hombre Talla L/XL 9 U,"1,39 € / 1 U","12,50 €",DEPEND
Cuidado personal,Higiene íntima,Tampón con Aplicador Compacto Súper Plus 28 U,"0,11 € / 1 U","2,98 €",KYREY
Cuidado personal,Higiene íntima,Compresa Clásica Normal 20 U,"0,06 € / 1 U","1,29 €",KYREY
Cuidado personal,Higiene íntima,Compresa Clásica Noche 10 U,"0,13 € / 1 U","1,29 €",KYREY
Cuidado personal,Higiene íntima,Salvaslip Normal Multiforma 58 U,"0,06 € / 1 U","3,55 €",EVAX
Cuidado personal,Higiene íntima,Compresas con Alas Algodón Ecológico 10 U,"0,28 € / 1 U","2,83 €",SILVERCARE
Cuidado personal,Higiene íntima,Protegeslips Ultrafinos Algodón Ecológico 24 U,"0,12 € / 1 U","2,83 €",SILVERCARE
Cuidado personal,Higiene íntima,Copa Menstrual Talla M 1 U,"9,45 € / 1 U","9,45 €",SILVERCARE
Cuidado personal,Higiene íntima,Copa Menstrual Talla L 1 U,"9,45 € / 1 U","9,45 €",SILVERCARE
Cuidado personal,Higiene íntima,Compresa Noche Extra Ultrafina 8 U,"0,26 € / 1 U","2,09 €",AUSONIA
Cuidado personal,Higiene íntima,Compresa Maxi Discreet 16 U,"0,52 € / 1 U","8,25 €",AUSONIA
Cuidado personal,Higiene íntima,Compresa Cottonlike Normal con Alas 19 U,"0,15 € / 1 U","2,89 €",EVAX
Cuidado personal,Higiene íntima,Compresas sin Alas Normal Fina y Segura 24 U,"0,10 € / 1 U","2,39 €",EVAX
Cuidado personal,Higiene íntima,Compresas Cottonlike Súper con Alas 14 U,"0,21 € / 1 U","2,89 €",EVAX
Cuidado personal,Higiene íntima,Tampón Compak Super plus 26 U,"0,22 € / 1 U","5,75 €",TAMPAX
Cuidado personal,Higiene íntima,Tampones Compak Lites 24 U,"0,18 € / 1 U","4,39 €",TAMPAX
Cuidado personal,Higiene íntima,Tampón Compak Regular 38 U,"0,17 € / 1 U","6,39 €",TAMPAX
Cuidado personal,Higiene íntima,Tampón Compak Super 36 U,"0,18 € / 1 U","6,39 €",TAMPAX
Cuidado personal,Higiene íntima,Toallitas Íntimas Monodosis 20 U,"0,09 € / 1 U","1,80 €",KYREY
Cuidado personal,Higiene íntima,Gel Íntimo 500 ml,"0,25 € / 100 ml","1,25 €",KYREY
Cuidado personal,Higiene íntima,Toallitas Íntimas 24 U,"0,05 € / 1 U","1,25 €",KYREY
Cuidado personal,Higiene íntima,Compresas Extraplanas Clásicas 12 U,"0,15 € / 1 U","1,79 €",AUSONIA
Cuidado personal,Higiene íntima,Compresa Clásica Noche 9 U,"0,27 € / 1 U","2,39 €",AUSONIA
Cuidado personal,Higiene íntima,Compresa Incontinencia Normal 24 U,"0,16 € / 1 U","3,80 €",KYREY PHARMA
Cuidado personal,Higiene íntima,Compresas Ultra Normal 16 U,"0,08 € / 1 U","1,29 €",KYREY
Cuidado personal,Higiene íntima,Salvaslip Normal 72 U,"0,03 € / 1 U","2,15 €",KYREY
Cuidado personal,Higiene íntima,Salvaslip Maxi 60 U,"0,04 € / 1 U","2,50 €",KYREY
Cuidado personal,Higiene íntima,Compresas Ultra Dry Súper Con Alas 12 U,"0,10 € / 1 U","1,19 €",KYREY
Cuidado personal,Higiene íntima,Compresas Ultra Noche Con Alas 10 U,"0,13 € / 1 U","1,29 €",KYREY
Cuidado personal,Higiene íntima,Protege Slip Adaptable 30 U,"0,05 € / 1 U","1,37 €",KYREY
Cuidado personal,Higiene íntima,Compresa Normal Alas Dry 16 U,"0,08 € / 1 U","1,29 €",KYREY
Cuidado personal,Higiene íntima,Compresa Noche Alas Soft 10 U,"0,12 € / 1 U","1,15 €",KYREY
Cuidado personal,Higiene íntima,Gel Higiene Íntima PH Balance 500 ml,"2,05 € / 100 ml","10,25 €",VAGISIL
Cuidado personal,Higiene íntima,Gel Higiene Íntima Sensitive 500 ml,"2,05 € / 100 ml","10,25 €",VAGISIL
Cuidado personal,Higiene íntima,Compresa Normal Alas Soft 14 U,"0,10 € / 1 U","1,39 €",KYREY
Cuidado personal,Higiene íntima,Protegeslip Normal Plegado 28 U,"0,05 € / 1 U","1,49 €",KYREY
Cuidado personal,Higiene íntima,Tampón Regular Algodón Ecológico 16 U,"0,21 € / 1 U","3,39 €",SILVERCARE
Cuidado personal,Higiene íntima,Tampón Super Algodón Ecológico 14 U,"0,24 € / 1 U","3,39 €",SILVERCARE
Cuidado personal,Higiene bucal,Dentífrico Protección Diaria 75 ml,"3,94 € / 100 ml","3,95 €
2,95 €",SENSODYNE
Cuidado personal,Higiene bucal,Cepillo Dental Avanzado Filamento Medio 1 U,"1,70 € / 1 U","1,85 €
1,70 €",KYREY
Cuidado personal,Higiene bucal,Dentífrico Blanqueante 75 ml,"3,94 € / 100 ml","3,95 €
2,95 €",SENSODYNE
Cuidado personal,Higiene bucal,Dentífrico Repair-Protect 75 ml,"5,32 € / 100 ml","4,70 €
3,99 €",SENSODYNE
Cuidado personal,Higiene bucal,Dentífrico Repair-Protect Blanqueante 75 ml,"6,27 € / 100 ml","4,70 €",SENSODYNE
Cuidado personal,Higiene bucal,Enjuague Bucal Plax Multiprotección 500 ml,"0,79 € / 100 ml","5,25 €
3,95 €",COLGATE
Cuidado personal,Higiene bucal,Dentífrico Anticaries 75 ml,"1,25 € / 100 ml","0,99 €
0,94 €",KYREY
Cuidado personal,Higiene bucal,Enjuague Bucal Mentol 1000 ml,"0,80 € / 100 ml","9,99 €
7,99 €",LISTERINE
Cuidado personal,Higiene bucal,Pasta Dental sin Flúor 75 ml,"7,20 € / 100 ml","5,40 €",PARODONTAX
Cuidado personal,Higiene bucal,Dentífrico Sensibilidad y Encías 75 ml,"6,27 € / 100 ml","4,70 €",SENSODYNE
Cuidado personal,Higiene bucal,Cepillo Sensibilidad y Encías 1 U,"2,69 € / 1 U","2,69 €",SENSODYNE
Cuidado personal,Higiene bucal,Duplo Dentífrico Herbal Fresh 2 x 75 ml,"5,86 € / 100 ml","8,79 €",PARODONTAX
Cuidado personal,Higiene bucal,Duplo Dentífrico Herbal Original 2 x 75 ml,"5,86 € / 100 ml","8,79 €",PARODONTAX
Cuidado personal,Higiene bucal,Dentífrico Max Fresh 75 ml,"2,94 € / 100 ml","2,60 €
2,20 €",COLGATE
Cuidado personal,Higiene bucal,Enjuague Bucal Total Care 1000 ml,"0,80 € / 100 ml","9,99 €
7,99 €",LISTERINE
Cuidado personal,Higiene bucal,Dentífrico Esmalte Sano 75 ml,"4,13 € / 100 ml","3,69 €
3,10 €",COLGATE
Cuidado personal,Higiene bucal,Dentífrico Advanced Encías Sanas 75 ml,"4,13 € / 100 ml","3,69 €
3,10 €",COLGATE
Cuidado personal,Higiene bucal,Colutorio Protección Completa 500 ml,"1,92 € / 100 ml","9,59 €",PARODONTAX
Cuidado personal,Higiene bucal,Dentífrico Efecto Visible Total Advance 75 ml,"4,26 € / 100 ml","3,79 €
3,20 €",COLGATE
Cuidado personal,Higiene bucal,Dentífrico Antisarro Blanqueador 75 ml,"2,65 € / 100 ml","1,99 €",COLGATE
Cuidado personal,Higiene bucal,Dentífrico Antimanchas 50 ml,"4,38 € / 100 ml","2,19 €",DENIVIT
Cuidado personal,Higiene bucal,Dentífrico Blanco Original 75 ml,"2,65 € / 100 ml","1,99 €",KEMPHOR
Cuidado personal,Higiene bucal,Enjuague Bucal Mentol 500 ml,"1,07 € / 100 ml","5,35 €",LISTERINE
Cuidado personal,Higiene bucal,Seda Dental Menta 1 U,"3,95 € / 1 U","3,95 €",ORAL B
Cuidado personal,Higiene bucal,Cepillo Dental 360º Filamento Medio 1 U,"3,99 € / 1 U","3,99 €",COLGATE
Cuidado personal,Higiene bucal,Dentífrico Blanqueador 75 ml,"1,32 € / 100 ml","0,99 €",KYREY
Cuidado personal,Higiene bucal,Gel Dental 2 a 6 Años Sabor Fresa 50 ml,"1,78 € / 100 ml","0,89 €",CONSUM KIDS
Cuidado personal,Higiene bucal,Enjuague Bucal Junior 500 ml,"0,31 € / 100 ml","1,55 €",CONSUM KIDS
Cuidado personal,Higiene bucal,Cepillo Dental Suave Filamento Cruzado 1 U,"1,30 € / 1 U","1,30 €",KYREY
Cuidado personal,Higiene bucal,Cepillo Dental Medio Filamento Cruzado 1 U,"1,49 € / 1 U","1,49 €",KYREY
Cuidado personal,Higiene bucal,Cepillo Dental Filamento Cruzado Duro 1 U,"1,49 € / 1 U","1,49 €",KYREY
Cuidado personal,Higiene bucal,Cepillo Dental Infantil 1 U,"1,19 € / 1 U","1,19 €",CONSUM KIDS
Cuidado personal,Higiene bucal,Cepillo Dental Viaje 1 U,"0,99 € / 1 U","0,99 €",KYREY
Cuidado personal,Higiene bucal,Cepillo Dental Ortodoncia 1 U,"1,80 € / 1 U","1,80 €",KYREY
Cuidado personal,Higiene bucal,Seda Dental Mentolada 1 U,"0,99 € / 1 U","0,99 €",KYREY
Cuidado personal,Higiene bucal,Enjuague Bucal Total Care 500 ml,"1,10 € / 100 ml","5,50 €",LISTERINE
Cuidado personal,Higiene bucal,Gel Dental Menta Fresca 2EN1 100 ml,"1,05 € / 100 ml","1,05 €",KYREY
Cuidado personal,Higiene bucal,Gel Dental Blanqueador 2 en 1 100 ml,"1,05 € / 100 ml","1,05 €",KYREY
Cuidado personal,Higiene bucal,Recambio Cepillo Dental Eléctrico Precisión Clean 2 U,"4,98 € / 1 U","9,95 €",ORAL B
Cuidado personal,Higiene bucal,Cepillo Dental 2 Más 2 Extra Clean 4 U,"0,75 € / 1 U","2,99 €",COLGATE
Cuidado personal,Higiene bucal,Arcos Dentales 30 U,"0,03 € / 1 U","0,95 €",KYREY
Cuidado personal,Higiene bucal,Enjuague Bucal Zero 500 ml,"1,07 € / 100 ml","5,35 €",LISTERINE
Cuidado personal,Higiene bucal,Dentífrico Dientes Sensibles 75 ml,"1,67 € / 100 ml","1,25 €",KYREY
Cuidado personal,Higiene bucal,Dentífrico Acción Completa 75 ml,"6,27 € / 100 ml","4,70 €",SENSODYNE
Cuidado personal,Higiene bucal,Dentífrico Junior 50 ml,"4,30 € / 100 ml","2,15 €",L.POLO
Cuidado personal,Higiene bucal,Enjuague Bucal Dientes y Encías Sens. 500 ml,"0,40 € / 100 ml","1,99 €",KYREY
Cuidado personal,Higiene bucal,Dentífrico Aliento Fresco 75 ml,"1,47 € / 100 ml","1,10 €",KYREY
Cuidado personal,Higiene bucal,Enjuague Bucal Acción Total 500 ml,"0,31 € / 100 ml","1,55 €",KYREY
Cuidado personal,Higiene bucal,Neceser Travel 1 U,"4,69 € / 1 U","4,69 €",KEMPHOR
Cuidado personal,Higiene bucal,Colutorio Bucal Gingi 500 ml,"1,89 € / 100 ml","9,45 €",LACER
Cuidado personal,Higiene bucal,Enjuague Bucal Blanqueador 500 ml,"1,19 € / 100 ml","5,95 €",LISTERINE
Cuidado personal,Higiene bucal,Enjuague Bucal Flúor Menta 500 ml,"0,31 € / 100 ml","1,55 €",KYREY
Cuidado personal,Higiene bucal,Dentífrico Max White One Optic 75 ml,"4,25 € / 100 ml","3,19 €",COLGATE
Cuidado personal,Higiene bucal,Crema Adhesiva sin Sabor 40 Gr,"12,38 € / 100 Gr","4,95 €",POLIDENT
Cuidado personal,Higiene bucal,Cepillo de Dientes Infantil 1 U,"1,99 € / 1 U","1,99 €",
Cuidado personal,Higiene bucal,Cepillo Dental Suave Accion Completa 1 U,"2,69 € / 1 U","2,69 €",SENSODYNE
Cuidado personal,Higiene bucal,Enjuague Bucal Cuidado Total 95 ml,"1,84 € / 100 ml","1,75 €",LISTERINE
Cuidado personal,Higiene bucal,Colutorio Bucal 500 ml,"1,70 € / 100 ml","8,49 €",LACER
Cuidado personal,Higiene bucal,Colutorio Bucal Oro 500 ml,"2,10 € / 100 ml","10,49 €",LACER
Cuidado personal,Higiene bucal,Colutorio Rojo 400 ml,"2,00 € / 100 ml","7,99 €",ORALDINE
Cuidado personal,Higiene bucal,Crema Fijadora Prótesis Extra Fuerte sin Sabor 70 ml,"192,86 € / 1 Kg","13,50 €",COREGA
Cuidado personal,Higiene bucal,Pasta Dental Duplo 2 x 125 ml,"4,20 € / 100 ml","10,49 €",LACER
Cuidado personal,Higiene bucal,Duplo Pasta Bifluore 2 x 125 ml,"3,80 € / 100 ml","9,50 €",FLUOCARIL
Cuidado personal,Higiene bucal,Almohadilla Superior 18 U,"0,46 € / 1 U","8,35 €",ALGASIV
Cuidado personal,Higiene bucal,Almohadilla Inferior 18 U,"0,46 € / 1 U","8,35 €",ALGASIV
Cuidado personal,Higiene bucal,Cepillo Dental Eléctrico Infantil 1 U,"9,49 € / 1 U","9,49 €",MINIONS
Cuidado personal,Higiene bucal,Dentífrico Viaje Menta Suave 4 U,"0,61 € / 1 U","2,45 €",KEMPHOR
Cuidado personal,Higiene bucal,Spray Bucal Sin alcohol 6 ml,"20,83 € / 100 ml","1,25 €",FORAMEN
Cuidado personal,Higiene bucal,Cepillo Dental Silm Soft Advanced 1 U,"3,99 € / 1 U","3,99 €",COLGATE
Cuidado personal,Higiene bucal,Dentífrico Triple Acción Xtra Blancura 75 ml,"3,45 € / 100 ml","2,59 €",COLGATE
Cuidado personal,Higiene bucal,Crema Fijadora Máximo Sellado 40 Gr,"24,98 € / 100 Gr","9,99 €",COREGA
Cuidado personal,Higiene bucal,Crema Fijadora Extra Fuerte 70 Gr,"192,86 € / 1 Kg","13,50 €",COREGA
Cuidado personal,Higiene bucal,Tabletas Limpiadora Oxígeno Bio Activo 66 U,"0,20 € / 1 U","13,50 €",COREGA
Cuidado personal,Higiene bucal,Gel Dental Júnior 75 ml,"2,92 € / 100 ml","2,19 €",KEMPHOR
Cuidado personal,Higiene bucal,Dentífrico Total Original 75 ml,"3,27 € / 100 ml","2,45 €",COLGATE
Cuidado personal,Higiene bucal,Dentífrico Total Blanqueador 75 ml,"4,25 € / 100 ml","3,19 €",COLGATE
Cuidado personal,Higiene bucal,Cepillo Vitality Cross Action 1 U,"19,99 € / 1 U","19,99 €",ORAL B
Cuidado personal,Higiene bucal,Dentífrico Blanqueante Sensibilidad y Encias 75 ml,"6,27 € / 100 ml","4,70 €",SENSODYNE
Cuidado personal,Higiene bucal,Gel Dental + 6 años Sabor Menta 75 ml,"1,67 € / 100 ml","1,25 €",CONSUM KIDS
Cuidado personal,Higiene bucal,Dentífrico Bicarbonato 100 ml,"1,75 € / 100 ml","1,75 €",SIGNAL
Cuidado personal,Higiene bucal,Dentífrico Triple Acción 100 ml,"1,95 € / 100 ml","1,95 €",COLGATE
Cuidado personal,Higiene bucal,Dentífrico Sensation White 75 ml,"3,47 € / 100 ml","2,60 €",COLGATE
Cuidado personal,Higiene bucal,Enjuague Bucal Dientes y Encías 500 ml,"1,10 € / 100 ml","5,50 €",LISTERINE
Cuidado personal,Higiene bucal,Dentífrico Frescor Diario 75 ml,"6,25 € / 100 ml","4,69 €",PARODONTAX
Cuidado personal,Higiene bucal,Dentífrico Complete Protection Blanqueante 75 ml,"7,59 € / 100 ml","5,69 €",PARODONTAX
Cuidado personal,Higiene bucal,Dentífrico Complete Protection 75 ml,"7,59 € / 100 ml","5,69 €",PARODONTAX
Cuidado personal,Higiene bucal,Dentífrico Complete Menta 75 ml,"3,05 € / 100 ml","2,29 €",ORAL B
Cuidado personal,Higiene bucal,Tabletas Limpiadoras Ortodoncias 30 U,"0,17 € / 1 U","4,95 €",POLIDENT
Cuidado personal,Higiene bucal,Recambio Cross Action 4 U,"4,99 € / 1 U","19,95 €",ORAL B
Cuidado personal,Higiene bucal,Dentífrico Niños Total 7-12 Años 50 ml,"4,50 € / 100 ml","2,25 €",COLGATE
Cuidado personal,Higiene bucal,Cepillo Dental Batman-Wonder W.1+1,"3,20 € / 1 U","3,20 €",COLGATE
Cuidado personal,Higiene bucal,Enjuague Bucal Naturals Protección Encías 500 ml,"1,19 € / 100 ml","5,95 €",LISTERINE
Cuidado personal,Higiene bucal,Enjuague Bucal Triple Acción 500 ml,"0,91 € / 100 ml","4,55 €",COLGATE
Cuidado personal,Higiene bucal,Cepillo Dientes 1+1 2 U,"1,70 € / 1 U","3,39 €",COLGATE
Cuidado personal,Higiene bucal,Dentífrico Protección Caries 100 ml,"1,95 € / 100 ml","1,95 €",COLGATE
Cuidado personal,Higiene bucal,Dentífrico Menta Fresca Gel 2 En 1 75 ml,"3,00 € / 100 ml","2,25 €",LICOR POLO
Cuidado personal,Higiene bucal,Dentífrico Blanqueador Gel 2 En 1 75 ml,"3,00 € / 100 ml","2,25 €",LICOR POLO
Cuidado personal,Higiene bucal,Dentífrico Junior Fresa 2 En 1 Anticaries 75 ml,"3,00 € / 100 ml","2,25 €",LICOR POLO
Cuidado personal,Higiene bucal,Dentifrico Blanqueador Sensitive 100 ml,"2,99 € / 100 ml","2,99 €",COLGATE
Cuidado personal,Higiene bucal,Tabletas Limpiadoras Acción Desinfectante 30 U,"0,17 € / 1 U","4,95 €",POLIDENT
Cuidado personal,Higiene bucal,Pasta Junior Fresa Fluor + Calcio Tubo 75 ml,"6,12 € / 100 ml","4,59 €",LACER
Cuidado personal,Higiene bucal,Pasta Sensibilidad Dental Tubo 125 ml,"6,24 € / 100 ml","7,80 €",LACER
Cuidado personal,Higiene bucal,Pasta Encías Delicadas Duplo 250 ml,"4,78 € / 100 ml","11,95 €",LACER
Cuidado personal,Higiene bucal,Pasta Triple Acción Duplo 250 ml,"5,40 € / 100 ml","13,50 €",LACER
Cuidado personal,Higiene bucal,Cepillo Duplo Cuidado Delicado 2 U,"1,50 € / 1 U","2,99 €",SENSODYNE
Cuidado personal,Higiene bucal,Clorhexidina Lacer Botella 500 ml,"1,90 € / 100 ml","9,49 €",LACER
Cuidado personal,Higiene bucal,Dentífrico Reparación Activa de Encías 75 ml,"6,60 € / 100 ml","4,95 €",PARODONTAX
Cuidado personal,Higiene bucal,Dentífrico Blanqueante Max White Ultra Active 50 ml,"11,98 € / 100 ml","5,99 €",COLGATE
Cuidado personal,Higiene bucal,Colutorio Cuidado Encías Menta Suave 500 ml,"1,20 € / 100 ml","5,99 €",PARODONTAX
Cuidado personal,Higiene bucal,Dentífrico Anticaries 100 ml,"1,75 € / 100 ml","1,75 €",SIGNAL
Cuidado personal,Higiene bucal,Dentífrico Herbal 75 ml,"2,65 € / 100 ml","1,99 €",COLGATE
Cuidado personal,Higiene bucal,Dentífrico Active Fresh 125 ml,"1,99 € / 100 ml","2,49 €",AQUAFRESH
Cuidado personal,Higiene bucal,Dentífrico Active White 125 ml,"1,99 € / 100 ml","2,49 €",AQUAFRESH
Cuidado personal,Higiene bucal,Cepillo Dental Infantil De 3 a 5 años 1 U,"2,10 € / 1 U","2,10 €",AQUAFRESH
Cuidado personal,Higiene bucal,Cepillo Zig Zag Medio Antibacterias 3 U,"1,20 € / 1 U","3,59 €",COLGATE
Cuidado personal,Higiene bucal,Cepillo Interdental Ultra Fino PHD 0.7mm 6 U,"0,25 € / 1 U","1,50 €",PROFARMA
Cuidado personal,Higiene bucal,Cepillo Interdental Extra Fino PHD 0.9mm 6 U,"0,25 € / 1 U","1,50 €",PROFARMA
Cuidado personal,Higiene bucal,Cepillo Interdental Fino PHD 1.0mm 6 U,"0,25 € / 1 U","1,50 €",PROFARMA
Cuidado personal,Higiene bucal,Cepillo Dental Medio 2 U,"0,35 € / 1 U","0,69 €",DENTINET
Cuidado personal,Afeitado y cuidado masculino,Crema Power Age Men Expert 50 ml,"17,90 € / 100 ml","8,95 €",L'OREAL
Cuidado personal,Afeitado y cuidado masculino,Crema Hidratante Anti-edad 100 ml,"8,19 € / 100 ml","8,19 €",BULLDOG
Cuidado personal,Afeitado y cuidado masculino,Sérum Power Age Men Expert 30 ml,"49,83 € / 100 ml","14,95 €",L'OREAL
Cuidado personal,Afeitado y cuidado masculino,Contorno de Ojos Power Age Men Expert 15 ml,"93,00 € / 100 ml","13,95 €",L'OREAL
Cuidado personal,Afeitado y cuidado masculino,Maquinilla Basculante Slalom Plus Desechable 5 U,"0,58 € / 1 U","2,89 €",GILLETTE
Cuidado personal,Afeitado y cuidado masculino,After Shave Bálsamo Piel Sensible 100 ml,"5,95 € / 100 ml","5,95 €",NIVEA
Cuidado personal,Afeitado y cuidado masculino,Crema Men Expert Stop Arrugas 50 ml,"16,98 € / 100 ml","8,49 €",L'OREAL
Cuidado personal,Afeitado y cuidado masculino,Maquinilla Blue 3 Desechable Piel Sensible 4 U,"1,50 € / 1 U","5,99 €",GILLETTE
Cuidado personal,Afeitado y cuidado masculino,Espuma de Afeitar Classic 300 ml,"0,98 € / 100 ml","2,95 €",LA TOJA
Cuidado personal,Afeitado y cuidado masculino,Espuma de Afeitar Sensible 300 ml,"0,98 € / 100 ml","2,95 €",LA TOJA
Cuidado personal,Afeitado y cuidado masculino,Crema Men 150 ml,"2,67 € / 100 ml","4,00 €",NIVEA
Cuidado personal,Afeitado y cuidado masculino,After Shave Bálsamo 100 ml,"5,40 € / 100 ml","5,40 €",NIVEA
Cuidado personal,Afeitado y cuidado masculino,Maquinilla Extra II Piel Sensible Desechable 10 U,"0,63 € / 1 U","6,29 €",WILKINSON
Cuidado personal,Afeitado y cuidado masculino,Maquinilla Xtreme 3 Desechable 4 U,"1,75 € / 1 U","6,99 €",WILKINSON
Cuidado personal,Afeitado y cuidado masculino,Maquinilla de Afeitar 3H Desechable 4 U,"0,60 € / 1 U","2,40 €",NEXTGEN
Cuidado personal,Afeitado y cuidado masculino,Crema Hidratante Men 75 ml,"11,72 € / 100 ml","8,79 €",NIVEA
Cuidado personal,Afeitado y cuidado masculino,Hidratante Men Expert Hidra Energetic 50 ml,"13,90 € / 100 ml","6,95 €",L'OREAL
Cuidado personal,Afeitado y cuidado masculino,Cargador Maquinilla 5H GT5 4 U,"1,25 € / 1 U","4,99 €",NEXTGEN
Cuidado personal,Afeitado y cuidado masculino,Cuchilla Universal Doble Hoja 10 U,"0,23 € / 1 U","2,25 €",NEXTGEN
Cuidado personal,Afeitado y cuidado masculino,After Shave Loción 250 ml,"0,88 € / 100 ml","2,19 €",KYREY MEN
Cuidado personal,Afeitado y cuidado masculino,Espuma de Afeitar Piel Sensible 300 ml,"1,00 € / 100 ml","2,99 €",GILLETTE
Cuidado personal,Afeitado y cuidado masculino,Maquinilla Afeitar Hydro 5 Sense Energize 1 U,"7,49 € / 1 U","7,49 €",WILKINSON
Cuidado personal,Afeitado y cuidado masculino,Cargador Hydro 5 Skin Protection Advance 4 U,"3,39 € / 1 U","13,55 €",WILKINSON
Cuidado personal,Afeitado y cuidado masculino,Maquinilla Desechable Cabezal Basculante 10 U,"0,30 € / 1 U","2,99 €",NEXTGEN
Cuidado personal,Afeitado y cuidado masculino,Maquinilla Afeitar 5 H GT5 1 U,"4,75 € / 1 U","4,75 €",NEXTGEN
Cuidado personal,Afeitado y cuidado masculino,Maquinilla Desechable Blue II Fija 20 U,"0,40 € / 1 U","7,99 €",GILLETTE
Cuidado personal,Afeitado y cuidado masculino,Gel Limpiador Men Pure Charcoal 100 ml,"5,99 € / 100 ml","5,99 €",L'OREAL
Cuidado personal,Afeitado y cuidado masculino,Roll-On Ojos Efecto Hielo Anti-Bolsas y Ojeras 10 ml,"84,90 € / 100 ml","8,49 €",L'OREAL
Cuidado personal,Afeitado y cuidado masculino,Brocha Afeitar Pelo Natural 1 U,"6,29 € / 1 U","6,29 €",LEA
Cuidado personal,Afeitado y cuidado masculino,Maquinilla Afeitar 3H Más 5 Recambios 1 U,"4,99 € / 1 U","4,99 €",NEXTGEN
Cuidado personal,Afeitado y cuidado masculino,Crema Hidratante Original 100 ml,"6,19 € / 100 ml","6,19 €",BULLDOG
Cuidado personal,Afeitado y cuidado masculino,Maquinilla Afeitar Fusion5 5 Hojas 2 Recambios 1 U,"12,50 € / 1 U","12,50 €",GILLETTE
Cuidado personal,Afeitado y cuidado masculino,Recambio Maquinilla Fusion 5 - 5 Hojas 4 U,"3,74 € / 1 U","14,95 €",GILLETTE
Cuidado personal,Afeitado y cuidado masculino,Recambio Maquinilla Proglide 5 Hojas 3 U,"5,65 € / 1 U","16,95 €",GILLETTE
Cuidado personal,Afeitado y cuidado masculino,Recambio Maquinilla Skinguard Sensitive 3 U,"4,43 € / 1 U","13,29 €",GILLETTE
Cuidado personal,Afeitado y cuidado masculino,Maquinilla Afeitar Mach3 3 Hojas 3 Recambios 1 U,"9,85 € / 1 U","9,85 €",GILLETTE
Cuidado personal,Afeitado y cuidado masculino,Crema Hidratante Hyaluron Men SPF 15 50 ml,"28,50 € / 100 ml","14,25 €",NIVEA
Cuidado personal,Afeitado y cuidado masculino,Aceite para Barba 30 ml,"34,97 € / 100 ml","10,49 €",GILLETTE
Cuidado personal,Afeitado y cuidado masculino,Crema Hidratante Skin Ultra Sensitive 100 ml,"7,99 € / 100 ml","7,99 €",GILLETTE
Cuidado personal,Afeitado y cuidado masculino,Gel Afeitado Calmante Series 200 ml,"1,40 € / 100 ml","2,80 €",GILLETTE
Cuidado personal,Afeitado y cuidado masculino,Maquinilla Desechable Sensor 3 Cool 4 U,"1,25 € / 1 U","4,99 €",GILLETTE
Cuidado personal,Afeitado y cuidado masculino,Maquinilla Afeitar Sensitive 5 Hojas 1 U,"4,70 € / 1 U","4,70 €",LEA
Cuidado personal,Afeitado y cuidado masculino,Recambio Sensitive 5 Hojas 4 U,"1,20 € / 1 U","4,80 €",LEA
Cuidado personal,Afeitado y cuidado masculino,Maquinilla Desechable 3 Hojas Premium 4 U,"0,64 € / 1 U","2,55 €",LEA
Cuidado personal,Afeitado y cuidado masculino,Maquinilla Afeitar Proglide 5 Hojas+2 Rec 1 U,"13,99 € / 1 U","13,99 €",GILLETTE
Cuidado personal,Afeitado y cuidado masculino,Gel De Afeitar 75 ml,"1,53 € / 100 ml","1,15 €",KYREY MEN
Cuidado personal,Afeitado y cuidado masculino,Espuma De Afeitar Pieles Normales 300 ml,"0,47 € / 100 ml","1,40 €",KYREY MEN
Cuidado personal,Afeitado y cuidado masculino,Gel Afeitar Pieles Sensibles 200 ml,"0,80 € / 100 ml","1,60 €",KYREY MEN
Cuidado personal,Afeitado y cuidado masculino,Contorno De Ojos 15 ml,"26,33 € / 100 ml","3,95 €",KYREY MEN
Cuidado personal,Afeitado y cuidado masculino,Gel Exfoliante Facial 100 ml,"1,95 € / 100 ml","1,95 €",KYREY MEN
Cuidado personal,Afeitado y cuidado masculino,After Shave Bálsamo 100 ml,"1,85 € / 100 ml","1,85 €",KYREY MEN
Cuidado personal,Afeitado y cuidado masculino,Crema Hidratante 24 Horas 50 ml,"5,90 € / 100 ml","2,95 €",KYREY MEN
Cuidado personal,Afeitado y cuidado masculino,Maquinilla De Afeitar Desechable 2 Hojas 5 U,"0,13 € / 1 U","0,65 €",LEA
Cuidado personal,Afeitado y cuidado masculino,"Crema Cara, Cuerpo Y Manos, Total Men 100 ml","2,39 € / 100 ml","2,39 €",LEA
Cuidado personal,Afeitado y cuidado masculino,Maquinilla Afeitar 2 Hojas Desechable. Banda 10 U,"0,18 € / 1 U","1,79 €",LEA
Cuidado personal,Afeitado y cuidado masculino,After Shave Bálsamo Hyaluron 100 ml,"7,29 € / 100 ml","7,29 €",NIVEA MEN
Cuidado personal,Afeitado y cuidado masculino,Crema Hidratante Sensitive FP15 75 ml,"11,72 € / 100 ml","8,79 €",NIVEA MEN
Cuidado personal,Afeitado y cuidado masculino,Crema Antiarrugas SPF 10 50 ml,"9,90 € / 100 ml","4,95 €",KYREY MEN
Cuidado personal,Afeitado y cuidado masculino,Jabón de Afeitar Piel Sensible 40 Gr,"3,88 € / 100 Gr","1,55 €",LEA
Cuidado personal,Afeitado y cuidado masculino,Crema de Afeitar 100 ml,"1,75 € / 100 ml","1,75 €",LEA
Cuidado personal,Afeitado y cuidado masculino,Recambio Maquinilla Mach 3 Hojas 4 U,"3,24 € / 1 U","12,95 €",GILLETTE
Cuidado personal,Afeitado y cuidado masculino,Recambio Maquinilla Hydro 3 hojas 4 U,"2,29 € / 1 U","9,15 €",WILKINSON
Cuidado personal,Solares,Crema Solar Facial FP 50 Antiedad Antimanchas 50 ml,"23,98 € / 100 ml","11,99 €",NIVEA
Cuidado personal,Solares,Protector Solar FP 50 Bruma Resist.al Agua 200 ml,"3,93 € / 100 ml","7,85 €",AGRADO
Cuidado personal,Solares,Protector Solar FP 50+ Pistola Protege e Hidrata 270 ml,"5,92 € / 100 ml","15,99 €",NIVEA
Cuidado personal,Solares,Protector Solar FP 50+ Bruma Infantil P.Sensibles 200 ml,"4,23 € / 100 ml","8,45 €",AGRADO
Cuidado personal,Solares,Crema Solar FP 50+ Facial Antiedad 75 ml,"9,27 € / 100 ml","6,95 €",KYREY
Cuidado personal,Solares,Leche Solar FP 30 250 ml,"2,38 € / 100 ml","5,95 €",KYREY
Cuidado personal,Solares,Leche Solar FP 50+ 250 ml,"2,78 € / 100 ml","6,95 €",KYREY
Cuidado personal,Solares,Protector Solar FP 20 Spray 250 ml,"2,38 € / 100 ml","5,95 €",KYREY
Cuidado personal,Solares,Protector Solar FP 30 Spray 250 ml,"2,46 € / 100 ml","6,15 €",KYREY
Cuidado personal,Solares,Aftersun Gel Aloe Vera 250 ml,"1,58 € / 100 ml","3,95 €",KYREY
Cuidado personal,Solares,Aceite Solar FP15 Spray 250 ml,"2,18 € / 100 ml","5,45 €",KYREY
Cuidado personal,Solares,Protector Solar FP 50+ Spray 250 ml,"2,86 € / 100 ml","7,15 €",KYREY
Cuidado personal,Solares,Spray Solar Niños FP50+ 250 ml,"2,86 € / 100 ml","7,15 €",CONSUM KIDS
Cuidado personal,Maquillaje,Laca de Uñas 20 Gel Envy 1 U,"5,65 € / 1 U","8,65 €
5,65 €",REVLON
Cuidado personal,Maquillaje,Laca de Uñas Top Coat Gel Envy 1 U,"5,65 € / 1 U","8,65 €
5,65 €",REVLON
Cuidado personal,Maquillaje,Laca de Uñas 600 Gel Envy 1 U,"5,65 € / 1 U","8,65 €
5,65 €",REVLON
Cuidado personal,Maquillaje,Laca de Uñas 15 Gel Envy 1 U,"5,65 € / 1 U","8,65 €
5,65 €",REVLON
Cuidado personal,Maquillaje,Laca de Uñas 625 Gel Envy 1 U,"5,65 € / 1 U","8,65 €
5,65 €",REVLON
Cuidado personal,Maquillaje,Laca de Uñas 130 Gel Envy 1 U,"5,65 € / 1 U","8,65 €
5,65 €",REVLON
Cuidado personal,Maquillaje,Laca de Uñas 610 Gel Envy 1 U,"5,65 € / 1 U","8,65 €
5,65 €",REVLON
Cuidado personal,Maquillaje,Laca de Uñas 510 Gel Envy 1 U,"5,65 € / 1 U","8,65 €
5,65 €",REVLON
Cuidado personal,Maquillaje,Laca de Uñas 620 Gel Envy 1 U,"5,65 € / 1 U","8,65 €
5,65 €",REVLON
Cuidado personal,Maquillaje,Laca de Uñas 118 Gel Envy 1 U,"5,65 € / 1 U","8,65 €
5,65 €",REVLON
Cuidado personal,Maquillaje,Laca de Uñas 535 Gel Envy 1 U,"5,65 € / 1 U","8,65 €
5,65 €",REVLON
Cuidado personal,Maquillaje,Laca de Uñas 550 Gel Envy 1 U,"5,65 € / 1 U","8,65 €
5,65 €",REVLON
Cuidado personal,Maquillaje,Laca de Uñas 400 Gel Envy 1 U,"5,65 € / 1 U","8,65 €
5,65 €",REVLON
Cuidado personal,Maquillaje,Laca Uñas Ultra HDSnap So Shady 1 U,"5,85 € / 1 U","8,99 €
5,85 €",REVLON
Cuidado personal,Maquillaje,Laca Uñas Ultra HDSnap Under my Spell 1 U,"5,85 € / 1 U","8,99 €
5,85 €",REVLON
Cuidado personal,Maquillaje,Laca Uñas Ultra HDSnap Think Pink 1 U,"5,85 € / 1 U","8,99 €
5,85 €",REVLON
Cuidado personal,Maquillaje,Laca Uñas Ultra HDSnap Rule the World 1 U,"5,85 € / 1 U","8,99 €
5,85 €",REVLON
Cuidado personal,Maquillaje,Laca Uñas Ultra HDSnap Berry Blissed 1 U,"5,85 € / 1 U","8,99 €
5,85 €",REVLON
Cuidado personal,Maquillaje,Laca Uñas Ultra HDSnap Cherry on Top 1 U,"5,85 € / 1 U","8,99 €
5,85 €",REVLON
Cuidado personal,Maquillaje,Laca Uñas Ultra HDSnap She's on Fire 1 U,"5,85 € / 1 U","8,99 €
5,85 €",REVLON
Cuidado personal,Maquillaje,Laca Uñas HDSnap Cool 1 U,"5,85 € / 1 U","8,99 €
5,85 €",REVLON
Cuidado personal,Maquillaje,Tinte Cejas Castaño Claro 1 U,"8,49 € / 1 U","8,49 €",SCHWARZKOPF
Cuidado personal,Maquillaje,Tinte Cejas Castaño Oscuro 1 U,"8,49 € / 1 U","8,49 €",SCHWARZKOPF
Cuidado personal,Maquillaje,Labial Suede Ink 001 Gust Instinct 1 U,"7,15 € / 1 U","10,95 €
7,15 €",REVLON
Cuidado personal,Maquillaje,Labial Suede Ink 002 No Rules 1 U,"7,15 € / 1 U","10,95 €
7,15 €",REVLON
Cuidado personal,Maquillaje,Labial Suede Ink 010 Tunnel Vision 1 U,"7,15 € / 1 U","10,95 €
7,15 €",REVLON
Cuidado personal,Maquillaje,Labial Suede Ink 011 Type A 1 U,"7,15 € / 1 U","10,95 €
7,15 €",REVLON
Cuidado personal,Maquillaje,Labial Suede Ink 016 Bread Winner 1 U,"7,15 € / 1 U","10,95 €
7,15 €",REVLON
Cuidado personal,Maquillaje,Labial Suede Ink 018 First Class 1 U,"7,15 € / 1 U","10,95 €
7,15 €",REVLON
Cuidado personal,Maquillaje,Laca Uñas Gel Envy 122 1 U,"5,65 € / 1 U","8,65 €
5,65 €",REVLON
Cuidado personal,Maquillaje,Protector Labial 1 U,"2,75 € / 1 U","2,75 €",LIPOSAN
Cuidado personal,Maquillaje,Protector Labial FP15 Aróma Fresa 1 U,"2,35 € / 1 U","2,35 €",PHARMADOCT
Cuidado personal,Maquillaje,Pinza Punta Oblicua 1 U,"2,00 € / 1 U","2,00 €",KYREY
Cuidado personal,Maquillaje,Cepillo de Uñas 1 U,"1,50 € / 1 U","1,50 €",KYREY
Cuidado personal,Maquillaje,Lima Fibra de Vidrio 1 U,"0,99 € / 1 U","0,99 €",KYREY
Cuidado personal,Maquillaje,Lima Esmeril 12 cm 10 U,"0,12 € / 1 U","1,20 €",KYREY
Cuidado personal,Maquillaje,Lima Esmeril 17 cm 10 U,"0,13 € / 1 U","1,30 €",KYREY
Cuidado personal,Maquillaje,Acetona Pura 200 ml,"0,78 € / 100 ml","1,55 €",KELSIA
Cuidado personal,Maquillaje,Lima Zafiro 1 U,"1,65 € / 1 U","1,65 €",KYREY
Cuidado personal,Maquillaje,Palitos de Naranjo 6 U,"0,26 € / 1 U","1,55 €",KYREY
Cuidado personal,Maquillaje,Uñas Postizas 1 U,"4,55 € / 1 U","4,55 €",PONETTE
Cuidado personal,Maquillaje,Base Alisadora 30 ml,"29,97 € / 100 ml","8,99 €",GIO GIOVANNI
Cuidado personal,Maquillaje,Protector Labial Protección SPF 30 1 U,"2,35 € / 1 U","2,35 €",PHARMADOCT
Cuidado personal,Maquillaje,"Bálsamo Labial Tarro 7,5 Gr","66,53 € / 100 Gr","4,99 €",CARMEX
Cuidado personal,Maquillaje,Cortauñas Manos 1 U,"2,15 € / 1 U","2,15 €",BETER
Cuidado personal,Maquillaje,Bastoncillos Cosméticos 1 U,"1,35 € / 1 U","1,35 €",BEL
Cuidado personal,Maquillaje,Quitaesmalte Extrahidratante 200 ml,"1,70 € / 100 ml","3,39 €",CUTEX
Cuidado personal,Maquillaje,Cortacutículas 1 U,"2,10 € / 1 U","2,10 €",PONETTE
Cuidado personal,Maquillaje,Tijera de Uñas Punta Curvada 1 U,"4,25 € / 1 U","4,25 €",PONETTE
Cuidado personal,Maquillaje,Alicates de Uñas 1 U,"4,99 € / 1 U","4,99 €",PONETTE
Cuidado personal,Maquillaje,Barra Labios Sensational Nº388 1 U,"4,79 € / 1 U","4,79 €",MAYBELLINE
Cuidado personal,Maquillaje,Barra Labios Sensational Nº376 1 U,"4,79 € / 1 U","4,79 €",MAYBELLINE
Cuidado personal,Maquillaje,Barra Labios Sensational Nº373 1 U,"4,79 € / 1 U","4,79 €",MAYBELLINE
Cuidado personal,Maquillaje,Barra Labios Sensational Nº385 1 U,"4,79 € / 1 U","4,79 €",MAYBELLINE
Cuidado personal,Maquillaje,Polvo Bronceador 250 City Bronzer 1 U,"7,99 € / 1 U","7,99 €",MAYBELLINE
Cuidado personal,Maquillaje,Colorete Fit Me 15 1 U,"7,95 € / 1 U","7,95 €",MAYBELLINE
Cuidado personal,Maquillaje,Colorete Fit Me 55 1 U,"7,95 € / 1 U","7,95 €",MAYBELLINE
Cuidado personal,Maquillaje,Colorete Fit Me 50 1 U,"7,95 € / 1 U","7,95 €",MAYBELLINE
Cuidado personal,Maquillaje,Máscara Colossal Negra 1 U,"7,35 € / 1 U","7,35 €",MAYBELLINE
Cuidado personal,Maquillaje,Laca de Uñas Nº6 Superstay 7 Días 1 U,"5,25 € / 1 U","5,25 €",MAYBELLINE
Cuidado personal,Maquillaje,Laca de Uñas Nº25 Superstay 7 Días 1 U,"5,25 € / 1 U","5,25 €",MAYBELLINE
Cuidado personal,Maquillaje,Laca de Uñas Nº78 Superstay 7 Días 1 U,"5,25 € / 1 U","5,25 €",MAYBELLINE
Cuidado personal,Maquillaje,Laca de Uñas Nº135 Superstay 7 Días 1 U,"5,25 € / 1 U","5,25 €",MAYBELLINE
Cuidado personal,Maquillaje,Laca de Uñas Nº490 Superstay 7 Días 1 U,"5,25 € / 1 U","5,25 €",MAYBELLINE
Cuidado personal,Maquillaje,Laca de Uñas Nº501 Superstay 7 Días 1 U,"5,25 € / 1 U","5,25 €",MAYBELLINE
Cuidado personal,Maquillaje,Barra de Labios 760 Superstay 1 U,"9,59 € / 1 U","9,59 €",MAYBELLINE
Cuidado personal,Maquillaje,Barra de Labios 250 Superstay 1 U,"9,59 € / 1 U","9,59 €",MAYBELLINE
Cuidado personal,Maquillaje,Barra de Labios 260 Superstay 1 U,"9,59 € / 1 U","9,59 €",MAYBELLINE
Cuidado personal,Maquillaje,Barra de Labios Nº510 Superstay 1 U,"9,59 € / 1 U","9,59 €",MAYBELLINE
Cuidado personal,Maquillaje,Barra de Labios Nº185 Superstay 1 U,"9,59 € / 1 U","9,59 €",MAYBELLINE
Cuidado personal,Maquillaje,Máscara Pestañas Negras Lash 1 U,"8,99 € / 1 U","8,99 €",MAYBELLINE
Cuidado personal,Maquillaje,Barra de Labios Nº195 Superstay 1 U,"9,59 € / 1 U","9,59 €",MAYBELLINE
Cuidado personal,Maquillaje,Barra de Labios Nº640 Superstay 1 U,"9,59 € / 1 U","9,59 €",MAYBELLINE
Cuidado personal,Maquillaje,Paleta Sombras Ojos Nude 1 U,"9,39 € / 1 U","9,39 €",MAYBELLINE
Cuidado personal,Maquillaje,Paleta Sombras Nude The Blushed Nudes 1 U,"9,39 € / 1 U","9,39 €",MAYBELLINE
Cuidado personal,Maquillaje,Barra de Labios Nº207 Nudes Color Sensational 1 U,"4,79 € / 1 U","4,79 €",MAYBELLINE
Cuidado personal,Maquillaje,Barra de Labios Nº542 Superstay 24H 1 U,"9,59 € / 1 U","9,59 €",MAYBELLINE
Cuidado personal,Maquillaje,Barra de Labios Nº135 Superstay 24H 1 U,"9,59 € / 1 U","9,59 €",MAYBELLINE
Cuidado personal,Maquillaje,Laca de Uñas Top Coat Superstay 3D 1 U,"5,25 € / 1 U","5,25 €",MAYBELLINE
Cuidado personal,Maquillaje,Maquillaje Fluido 128 Fit Me Mate 1 U,"7,49 € / 1 U","7,49 €",MAYBELLINE
Cuidado personal,Maquillaje,Maquillaje mate 320 Fit Me 1 U,"5,95 € / 1 U","5,95 €",MAYBELLINE
Cuidado personal,Maquillaje,Barra de Labios 573 24H Impact 1 U,"9,59 € / 1 U","9,59 €",MAYBELLINE
Cuidado personal,Maquillaje,Perfilador Labios 110 1 U,"5,29 € / 1 U","5,29 €",MAYBELLINE
Cuidado personal,Maquillaje,Perfilador Labios Nº90 1 U,"5,25 € / 1 U","5,25 €",MAYBELLINE
Cuidado personal,Maquillaje,Perfilador Labios 50 1 U,"5,29 € / 1 U","5,29 €",MAYBELLINE
Cuidado personal,Maquillaje,Máscara Colossal Waterproof 1 U,"7,35 € / 1 U","7,35 €",MAYBELLINE
Cuidado personal,Maquillaje,Barra de Labios 50 Ink Matte 1 U,"8,00 € / 1 U","8,00 €",MAYBELLINE
Cuidado personal,Maquillaje,Barra de Labios 20 Ink Matte 1 U,"8,00 € / 1 U","8,00 €",MAYBELLINE
Cuidado personal,Maquillaje,Barra de Labios 15 Ink Matte 1 U,"8,00 € / 1 U","8,00 €",MAYBELLINE
Cuidado personal,Maquillaje,Borrador Corrector Ojo Light 1 U,"9,79 € / 1 U","9,79 €",MAYBELLINE
Cuidado personal,Maquillaje,Concealer Corrector 20 Sand Fit me 1 U,"6,99 € / 1 U","6,99 €",MAYBELLINE
Cuidado personal,Maquillaje,Concealer Corrector 15 Fair Fit Me 1 U,"6,99 € / 1 U","6,99 €",MAYBELLINE
Cuidado personal,Maquillaje,Sombra Tatoo 65 1 U,"5,95 € / 1 U","5,95 €",MAYBELLINE
Cuidado personal,Maquillaje,Sombra Tatoo 35 1 U,"5,95 € / 1 U","5,95 €",MAYBELLINE
Cuidado personal,Maquillaje,Master Strobing 100 Stick 1 U,"7,69 € / 1 U","7,69 €",MAYBELLINE
Cuidado personal,Maquillaje,Barra de Labios 65 Ink Mate Nude 1 U,"8,00 € / 1 U","8,00 €",MAYBELLINE
Cuidado personal,Maquillaje,Barra de Labios 80 Ink Mate Nude 1 U,"8,00 € / 1 U","8,00 €",MAYBELLINE
Cuidado personal,Maquillaje,Polvo Traslucido Master Fix 1 U,"8,55 € / 1 U","8,55 €",MAYBELLINE
Cuidado personal,Maquillaje,Colorete en Polvo Naughty Nude 1 U,"10,95 € / 1 U","10,95 €",REVLON
Cuidado personal,Maquillaje,Colorete en Polvo Mauvelous 1 U,"10,95 € / 1 U","10,95 €",REVLON
Cuidado personal,Maquillaje,Eyeliner Líquido Negro Colorstay 1 U,"8,29 € / 1 U","8,29 €",REVLON
Cuidado personal,Maquillaje,Eyeliner Negro Automático 1 U,"8,29 € / 1 U","8,29 €",REVLON
Cuidado personal,Maquillaje,Eyeliner Marrón Automático Colorstay 1 U,"8,29 € / 1 U","8,29 €",REVLON
Cuidado personal,Maquillaje,Eyeliner Verde Automático Colorstay 1 U,"8,29 € / 1 U","8,29 €",REVLON
Cuidado personal,Maquillaje,Eyeliner Automático Gris 1 U,"8,29 € / 1 U","8,29 €",REVLON
Cuidado personal,Maquillaje,Sombra Crema Brulee Colorstay 24 Horas 1 U,"8,89 € / 1 U","8,89 €",REVLON
Cuidado personal,Maquillaje,Sombra Crema Chocolate 24 H. Colorstay 1 U,"8,89 € / 1 U","8,89 €",REVLON
Cuidado personal,Maquillaje,Sombra Crema Black 24 H.Colorstay 1 U,"8,89 € / 1 U","8,89 €",REVLON
Cuidado personal,Maquillaje,Barra de Labios Orchid Superlostruos 1 U,"6,99 € / 1 U","6,99 €",REVLON
Cuidado personal,Maquillaje,Barra de Labios Red Superlustruos 1 U,"6,99 € / 1 U","6,99 €",REVLON
Cuidado personal,Maquillaje,Barra de Labios Rum Raisin Superlustruo 1 U,"6,99 € / 1 U","6,99 €",REVLON
Cuidado personal,Maquillaje,Barra de Labios Mauve Superlustruos 1 U,"6,99 € / 1 U","6,99 €",REVLON
Cuidado personal,Maquillaje,Barra de Labios Cherry Superlustruos 1 U,"6,99 € / 1 U","6,99 €",REVLON
Cuidado personal,Maquillaje,Barra de Labios Pink Superlustruis 1 U,"6,99 € / 1 U","6,99 €",REVLON
Cuidado personal,Maquillaje,Maquillaje 220 N.Beige Colorstay Larga Duración 1 U,"12,90 € / 1 U","12,90 €",REVLON
Cuidado personal,Maquillaje,Maquillaje 180 Sand Beig Colorstay Larga Duración 1 U,"12,90 € / 1 U","12,90 €",REVLON
Cuidado personal,Maquillaje,Maquillaje 330 N.Tan Colorstay Larga Duración 1 U,"12,90 € / 1 U","12,90 €",REVLON
Cuidado personal,Maquillaje,Maquillaje 320 True Beig Colorstay Larga Duración 1 U,"12,95 € / 1 U","12,95 €",REVLON
Cuidado personal,Maquillaje,Maquillaje 340 Early Tan Colorstay Larga Duración 1 U,"12,90 € / 1 U","12,90 €",REVLON
Cuidado personal,Maquillaje,Maquillaje 240 M.Beige Colorstay Larga Duración 1 U,"12,90 € / 1 U","12,90 €",REVLON
Cuidado personal,Maquillaje,Maquillaje 240 M.Beige Colorstay 1 U,"12,95 € / 1 U","12,95 €",REVLON
Cuidado personal,Maquillaje,Maquillaje 320 Colorstay True Beige 1 U,"12,95 € / 1 U","12,95 €",REVLON
Cuidado personal,Maquillaje,Perfilador Labios Mauve Colorstay 1 U,"7,95 € / 1 U","7,95 €",REVLON
Cuidado personal,Maquillaje,Perfilador Labios Rojo Colorstay 1 U,"8,75 € / 1 U","8,75 €",REVLON
Cuidado personal,Maquillaje,Perfilador Labios Rosa Colorstay 1 U,"7,99 € / 1 U","7,99 €",REVLON
Cuidado personal,Maquillaje,Polvo Compacto Colorstay Medium 1 U,"10,50 € / 1 U","10,50 €",REVLON
Cuidado personal,Maquillaje,Polvo Compacto Colorstay Medium Deep 1 U,"10,50 € / 1 U","10,50 €",REVLON
Cuidado personal,Maquillaje,Cuarteto Sombra Rosa Colorstay Decadent 1 U,"10,39 € / 1 U","10,39 €",REVLON
Cuidado personal,Maquillaje,Cuarteto Sombra Marron Colorstay Addictive 500 1 U,"10,39 € / 1 U","10,39 €",REVLON
Cuidado personal,Maquillaje,Máscara Volumizing WP 1 U,"9,99 € / 1 U","9,99 €",REVLON
Cuidado personal,Maquillaje,Eyeliner Tatoo Gel 910 1 U,"4,99 € / 1 U","4,99 €",MAYBELLINE
Cuidado personal,Maquillaje,Esmalte Gel Effect G02 Rojo 1 U,"1,85 € / 1 U","1,85 €",GIO GIOVANNI
Cuidado personal,Maquillaje,Laca de Uñas 15 Gel Effect 1 U,"1,85 € / 1 U","1,85 €",GIO GIOVANNI
Cuidado personal,Maquillaje,Base Endurecedora Uñas 1 U,"1,85 € / 1 U","1,85 €",GIO GIOVANNI
Cuidado personal,Maquillaje,Base Vitaminada Uñas 1 U,"1,85 € / 1 U","1,85 €",GIO GIOVANNI
Cuidado personal,Maquillaje,Polvos Traslucidos 1 U,"5,99 € / 1 U","5,99 €",GIO GIOVANNI
Cuidado personal,Maquillaje,Polvos Bronzer 1 U,"7,49 € / 1 U","7,49 €",GIO GIOVANNI
Cuidado personal,Maquillaje,Lápiz Labios Ink Mate 20 1 U,"8,25 € / 1 U","8,25 €",MAYBELLINE
Cuidado personal,Maquillaje,Lápiz Labios Ink Mate 25 1 U,"8,25 € / 1 U","8,25 €",MAYBELLINE
Cuidado personal,Maquillaje,Lápiz Labial Superstay Larga Duración Nº30 1 U,"8,25 € / 1 U","8,25 €",MAYBELLINE
Cuidado personal,Maquillaje,Lápiz Labios Ink Mate 50 1 U,"8,25 € / 1 U","8,25 €",MAYBELLINE
Cuidado personal,Maquillaje,Lápiz Labios Ink Mate 55 1 U,"8,25 € / 1 U","8,25 €",MAYBELLINE
Cuidado personal,Maquillaje,Secante Uñas 1 U,"2,95 € / 1 U","2,95 €",GIO GIOVANNI
Cuidado personal,Maquillaje,Lápiz Labios Ink Mate 15 1 U,"8,25 € / 1 U","8,25 €",MAYBELLINE
Cuidado personal,Maquillaje,Perfilador Labios Nº7 Coral 1 U,"2,25 € / 1 U","2,25 €",GIO GIOVANNI
Cuidado personal,Maquillaje,Perfilador Labios Nº8 Rojo Vino 1 U,"2,25 € / 1 U","2,25 €",GIO GIOVANNI
Cuidado personal,Maquillaje,Perfilador Labios Nº05 Terracota 1 U,"2,25 € / 1 U","2,25 €",GIO GIOVANNI
Cuidado personal,Maquillaje,Perfilador Labios Nº06 Nude 1 U,"2,25 € / 1 U","2,25 €",GIO GIOVANNI
Cuidado personal,Maquillaje,Perfilador Labios Nº02 Marsala 1 U,"2,25 € / 1 U","2,25 €",GIO GIOVANNI
Cuidado personal,Maquillaje,Eyeliner Tatoo Gel 900 1 U,"4,95 € / 1 U","4,95 €",MAYBELLINE
Cuidado personal,Maquillaje,Perfilador Labios Nº04 Rosa Palo 1 U,"2,25 € / 1 U","2,25 €",GIO GIOVANNI
Cuidado personal,Maquillaje,Tattoo Liner Gel Nº920 1 U,"4,99 € / 1 U","4,99 €",MAYBELLINE
Cuidado personal,Maquillaje,Barra Labios Matte Ink Pink Nº140 1 U,"8,00 € / 1 U","8,00 €",MAYBELLINE
Cuidado personal,Maquillaje,Barra de Labios 115 Matte Ink Bricks 1 U,"8,00 € / 1 U","8,00 €",MAYBELLINE
Cuidado personal,Maquillaje,Barra de Labios 130 Matte Ink Bricks 1 U,"8,00 € / 1 U","8,00 €",MAYBELLINE
Cuidado personal,Maquillaje,Barra Labios Superstay Matte Ink City 120 1 U,"8,00 € / 1 U","8,00 €",MAYBELLINE
Cuidado personal,Maquillaje,Borrador Ojos Ivory 00 1 U,"9,79 € / 1 U","9,79 €",MAYBELLINE
Cuidado personal,Maquillaje,Borrador Ojos 07 1 U,"9,79 € / 1 U","9,79 €",MAYBELLINE
Cuidado personal,Maquillaje,Borrador Ojos 08 1 U,"9,79 € / 1 U","9,79 €",MAYBELLINE
Cuidado personal,Maquillaje,Laca de Uñas Nº16 Gel Effect 1 U,"1,85 € / 1 U","1,85 €",GIO GIOVANNI
Cuidado personal,Maquillaje,Pestañas Postizas Magnéticas 1 U,"4,99 € / 1 U","4,99 €",PONETTE
Cuidado personal,Maquillaje,Eyeliner Master Precise Matte Black 1 U,"7,15 € / 1 U","7,15 €",MAYBELLINE
Cuidado personal,Maquillaje,Quitaesmalte Ultra Efectivo 200 ml,"1,70 € / 100 ml","3,39 €",CUTEX
Cuidado personal,Maquillaje,Barra de Labios 118 Matte Ink Bricks 1 U,"8,00 € / 1 U","8,00 €",MAYBELLINE
Cuidado personal,Maquillaje,Barra de Labios 30 Mate Bricks 1 U,"8,00 € / 1 U","8,00 €",MAYBELLINE
Cuidado personal,Maquillaje,Concealer 25 Fit Me 1 U,"5,95 € / 1 U","5,95 €",MAYBELLINE
Cuidado personal,Maquillaje,Máscara Lash Lift 1 U,"8,49 € / 1 U","8,49 €",MAYBELLINE
Cuidado personal,Maquillaje,Eyeliner Hyper Easy 1 U,"6,99 € / 1 U","6,99 €",MAYBELLINE
Cuidado personal,Maquillaje,Barra de Labios 125 Matte Ink Bricks 1 U,"8,00 € / 1 U","8,00 €",MAYBELLINE
Cuidado personal,Maquillaje,Maquillaje Mate 332 Fit Me 1 U,"5,95 € / 1 U","5,95 €",MAYBELLINE
Cuidado personal,Maquillaje,Maquillaje Mate 118 Fit Me 1 U,"7,49 € / 1 U","7,49 €",MAYBELLINE
Cuidado personal,Maquillaje,Máscara Pestañas So Fierce 1 U,"9,99 € / 1 U","9,99 €",REVLON
Cuidado personal,Maquillaje,Pinza Depilar Punta Recta 1 U,"2,99 € / 1 U","2,99 €",BETER
Cuidado personal,Maquillaje,Perfilador de Cejas Slim 02 1 U,"6,99 € / 1 U","6,99 €",MAYBELLINE
Cuidado personal,Maquillaje,Perfilador de Cejas Slim 07 1 U,"6,99 € / 1 U","6,99 €",MAYBELLINE
Cuidado personal,Maquillaje,Perfilador de Cejas Slim 06 1 U,"6,99 € / 1 U","6,99 €",MAYBELLINE
Cuidado personal,Maquillaje,Perfilador de Cejas Slim 04 1 U,"6,99 € / 1 U","6,99 €",MAYBELLINE
Cuidado personal,Maquillaje,Perfilador de Cejas Slim 05 1 U,"6,99 € / 1 U","6,99 €",MAYBELLINE
Cuidado personal,Maquillaje,Perfilador de Cejas Slim 03 1 U,"6,99 € / 1 U","6,99 €",MAYBELLINE
Cuidado personal,Maquillaje,Perfilador de Cejas Slim 00 1 U,"6,99 € / 1 U","6,99 €",MAYBELLINE
Cuidado personal,Maquillaje,Perfilador de Cejas Slim 01 1 U,"6,99 € / 1 U","6,99 €",MAYBELLINE
Cuidado personal,Maquillaje,Esmalte Gel Effect G03 Chocolate 1 U,"1,85 € / 1 U","1,85 €",GIO GIOVANNI
Cuidado personal,Maquillaje,Lápiz Ojos Tatoo 36H Gris Intenso 1 U,"4,99 € / 1 U","4,99 €",MAYBELLINE
Cuidado personal,Maquillaje,Laca de Uñas 19 Coral 12 ml,"1,85 € / 1 U","1,85 €",GIO GIOVANNI
Cuidado personal,Maquillaje,Laca de Uñas 20 Fresa 12 ml,"1,85 € / 1 U","1,85 €",GIO GIOVANNI
Cuidado personal,Maquillaje,Labial Shine Nº 3 1 U,"12,50 € / 1 U","12,50 €",REVLON
Cuidado personal,Maquillaje,Labial Shine Nº 7 1 U,"12,50 € / 1 U","12,50 €",REVLON
Cuidado personal,Maquillaje,Labial Shine Nº 17 1 U,"12,50 € / 1 U","12,50 €",REVLON
Cuidado personal,Maquillaje,Protector Labial Soft Rose 1 U,"2,75 € / 1 U","2,75 €",LIPOSAN
Cuidado personal,Maquillaje,Esponja Facial Mimos 1 U,"3,95 € / 1 U","3,95 €",BETER
Cuidado personal,Maquillaje,Perfilador Brow Tattoo Nº7 1 U,"7,15 € / 1 U","7,15 €",MAYBELLINE
Cuidado personal,Maquillaje,Perfilador Brow Tattoo Nº6 1 U,"7,15 € / 1 U","7,15 €",MAYBELLINE
Cuidado personal,Maquillaje,Perfilador Brow Tattoo Nº5 1 U,"7,15 € / 1 U","7,15 €",MAYBELLINE
Cuidado personal,Maquillaje,Perfilador Brow Tattoo Nº3 1 U,"7,15 € / 1 U","7,15 €",MAYBELLINE
Cuidado personal,Maquillaje,Perfilador Brow Tattoo Nº2 1 U,"7,15 € / 1 U","7,15 €",MAYBELLINE
Cuidado personal,Maquillaje,Maquillaje Superstay Fundation 30H Nº40 1 U,"12,90 € / 1 U","12,90 €",MAYBELLINE
Cuidado personal,Maquillaje,Maquillaje Superstay Fundation 30H Nº34 1 U,"12,90 € / 1 U","12,90 €",MAYBELLINE
Cuidado personal,Maquillaje,Maquillaje Superstay Fundation 30H Nº30 1 U,"12,90 € / 1 U","12,90 €",MAYBELLINE
Cuidado personal,Maquillaje,Maquillaje Superstay Fundation 30H Nº22 1 U,"12,90 € / 1 U","12,90 €",MAYBELLINE
Cuidado personal,Maquillaje,Maquillaje Superstay Fundation 30H Nº21 1 U,"12,90 € / 1 U","12,90 €",MAYBELLINE
Cuidado personal,Maquillaje,Maquillaje Superstay Fundation 30H Nº10 1 U,"12,95 € / 1 U","12,95 €",MAYBELLINE
Cuidado personal,Maquillaje,Maquillaje Superstay Fundation 30H Nº48 1 U,"12,90 € / 1 U","12,90 €",MAYBELLINE
Cuidado personal,Maquillaje,Máscara Sky High 1 U,"10,90 € / 1 U","10,90 €",MAYBELLINE
Cuidado personal,Maquillaje,Toalla Desmaquilladora 1 U,"2,95 € / 1 U","2,95 €",BETER
Cuidado personal,Maquillaje,Laca de Uñas Gel Effect Nº22 Negro 12 ml,"1,85 € / 1 U","1,85 €",GIO GIOVANNI
Cuidado personal,Maquillaje,Barra Labios Sensational Nº222 1 U,"4,79 € / 1 U","4,79 €",MAYBELLINE
Cuidado personal,Maquillaje,Barra Labios Sensational Nº211 1 U,"4,79 € / 1 U","4,79 €",MAYBELLINE
Cuidado personal,Maquillaje,Barra Labios Sensational Nº133 1 U,"4,79 € / 1 U","4,79 €",MAYBELLINE
Cuidado personal,Maquillaje,Lápiz de Cejas Nº04 1 U,"7,99 € / 1 U","7,99 €",MAYBELLINE
Cuidado personal,Maquillaje,Lápiz de Cejas Nº25 1 U,"7,99 € / 1 U","7,99 €",MAYBELLINE
Cuidado personal,Maquillaje,Lápiz de Cejas Nº2 1 U,"7,99 € / 1 U","7,99 €",MAYBELLINE
Cuidado personal,Maquillaje,Lifter Gloss Nº3 1 U,"7,95 € / 1 U","7,95 €",MAYBELLINE
Cuidado personal,Maquillaje,Lifter Gloss Nº2 1 U,"7,95 € / 1 U","7,95 €",MAYBELLINE
Cuidado personal,Maquillaje,Lifter Gloss Nº6 1 U,"7,95 € / 1 U","7,95 €",MAYBELLINE
Cuidado personal,Maquillaje,Lifter Gloss Nº5 1 U,"7,95 € / 1 U","7,95 €",MAYBELLINE
Cuidado personal,Maquillaje,Lifter Gloss Nº1 1 U,"7,95 € / 1 U","7,95 €",MAYBELLINE
Cuidado personal,Maquillaje,Paleta 10 Sombras Essentials 1 U,"3,95 € / 1 U","3,95 €",GIO GIOVANNI
Cuidado personal,Maquillaje,Labial Satin Ink Boss 1 U,"9,89 € / 1 U","9,89 €",REVLON
Cuidado personal,Maquillaje,Labial Satin Ink Sienna 1 U,"9,89 € / 1 U","9,89 €",REVLON
Cuidado personal,Maquillaje,Labial Satin Ink Eyes on U 1 U,"9,89 € / 1 U","9,89 €",REVLON
Cuidado personal,Maquillaje,Labial Satin Ink Mauvey 1 U,"9,89 € / 1 U","9,89 €",REVLON
Cuidado personal,Maquillaje,Labial Satin Ink Seal 1 U,"9,89 € / 1 U","9,89 €",REVLON
Cuidado personal,Maquillaje,Labial Satin Ink Fire 1 U,"9,89 € / 1 U","9,89 €",REVLON
Cuidado personal,Maquillaje,Eyeliner Smokey Gel Brown 1 U,"6,99 € / 1 U","6,99 €",MAYBELLINE
Cuidado personal,Maquillaje,Eyeliner Smokey Gel Black 1 U,"6,99 € / 1 U","6,99 €",MAYBELLINE
Cuidado personal,Maquillaje,Eyeliner Gel Brown Hypereasy 1 U,"6,99 € / 1 U","6,99 €",MAYBELLINE
Cuidado personal,Maquillaje,Lápiz Cejas Vegan 1 U,"1,75 € / 1 U","1,75 €",GIO GIOVANNI
Cuidado personal,Maquillaje,Eyeliner Líquido Vegan Negro 1 U,"2,75 € / 1 U","2,75 €",GIO GIOVANNI
Cuidado personal,Maquillaje,Máscara Curvatura Vegan 1 U,"3,65 € / 1 U","3,65 €",GIO GIOVANNI
Cuidado personal,Maquillaje,Máscara Volumen Vegan 1 U,"3,65 € / 1 U","3,65 €",GIO GIOVANNI
Cuidado personal,Maquillaje,Lápiz Ojos Blanco Vegan 1 U,"1,55 € / 1 U","1,55 €",GIO GIOVANNI
Cuidado personal,Maquillaje,Lápiz Ojos 3 Azul Vegan 1 U,"1,55 € / 1 U","1,55 €",GIO GIOVANNI
Cuidado personal,Maquillaje,Lápiz Ojos 2 Verde Vegan 1 U,"1,55 € / 1 U","1,55 €",GIO GIOVANNI
Cuidado personal,Maquillaje,Lápiz Ojos 4 Marrón Vegan 1 U,"1,55 € / 1 U","1,55 €",GIO GIOVANNI
Cuidado personal,Maquillaje,Lápiz Ojos 5 Verde Vegan 1 U,"1,55 € / 1 U","1,55 €",GIO GIOVANNI
Cuidado personal,Maquillaje,Lápiz Ojos 6 Negro Vegan 1 U,"1,55 € / 1 U","1,55 €",GIO GIOVANNI
Cuidado personal,Maquillaje,Sombra Ojos 1 Marfil Vegan 1 U,"2,55 € / 1 U","2,55 €",GIO GIOVANNI
Cuidado personal,Maquillaje,Sombra Ojos 2 Azul Vegan 1 U,"2,55 € / 1 U","2,55 €",GIO GIOVANNI
Cuidado personal,Maquillaje,Sombra Ojos 3 Turquesa Vegan 1 U,"2,55 € / 1 U","2,55 €",GIO GIOVANNI
Cuidado personal,Maquillaje,Sombra Ojos 4 Marrón Vegan 1 U,"2,55 € / 1 U","2,55 €",GIO GIOVANNI
Cuidado personal,Maquillaje,Sombra Ojos 5 Verde Vegan 1 U,"2,55 € / 1 U","2,55 €",GIO GIOVANNI
Cuidado personal,Maquillaje,Sombra Ojos 6 Negro Vegan 1 U,"2,55 € / 1 U","2,55 €",GIO GIOVANNI
Cuidado personal,Maquillaje,Aplicador Sombra Ojos 6 Unidades 6 U,"0,33 € / 1 U","1,99 €",PONETTE
Cuidado personal,Maquillaje,Esponjas Desmaquillantes 3 U,"0,66 € / 1 U","1,99 €",PONETTE
Cuidado personal,Maquillaje,Rizador Pestañas Más 3 Recambios 1 U,"4,50 € / 1 U","4,50 €",PONETTE
Cuidado personal,Maquillaje,Triangulos Maquillaje Látex 4 Unidades 4 U,"0,63 € / 1 U","2,50 €",PONETTE
Cuidado personal,Maquillaje,Esponja Blender 1 U,"2,99 € / 1 U","2,99 €",PONETTE
Cuidado personal,Maquillaje,Brocha Polvos MakeUp 1 U,"6,59 € / 1 U","6,59 €",PONETTE
Cuidado personal,Maquillaje,Brocha Maquillaje Precisión MakeUp 1 U,"6,59 € / 1 U","6,59 €",PONETTE
Cuidado personal,Maquillaje,Brocha Maquillaje Mofeta MakeUp 1 U,"6,59 € / 1 U","6,59 €",PONETTE
Cuidado personal,Maquillaje,Brocha Kabuki MakeUp 1 U,"6,59 € / 1 U","6,59 €",PONETTE
Cuidado personal,Maquillaje,Pincel Labios MakeUp 1 U,"4,99 € / 1 U","4,99 €",PONETTE
Cuidado personal,Maquillaje,Pincel Sombras MakeUp 1 U,"4,99 € / 1 U","4,99 €",PONETTE
Cuidado personal,Maquillaje,Pincel Delineador MakeUp 1 U,"4,99 € / 1 U","4,99 €",PONETTE
Cuidado personal,Maquillaje,Pincel Dual Difuminador y Corrector 1 U,"6,59 € / 1 U","6,59 €",PONETTE
Cuidado personal,Maquillaje,Set Brochas de Viaje MakeUp 1 U,"9,99 € / 1 U","9,99 €",PONETTE
Cuidado personal,Maquillaje,Pincel Dual Cejas y Pestañas MakeUp 1 U,"4,99 € / 1 U","4,99 €",PONETTE
Cuidado personal,Maquillaje,Brocha Colorete MakeUp 1 U,"6,59 € / 1 U","6,59 €",PONETTE
Cuidado personal,Maquillaje,Borla Maquillaje Polvos 1 U,"3,15 € / 1 U","3,15 €",PONETTE
Cuidado personal,Maquillaje,Esponja Maquillaje Látex 2 U,"0,63 € / 1 U","1,25 €",PONETTE
Cuidado personal,Maquillaje,Spray Fijador Maquillaje Acabado Mate 80 ml,"6,24 € / 100 ml","4,99 €",GIO GIOVANNI
Cuidado personal,Maquillaje,Máscara Colossal Curl 1 U,"9,99 € / 1 U","9,99 €",MAYBELLINE
Cuidado personal,Maquillaje,Maquillaje Perfector Medium Mate 1 U,"14,90 € / 1 U","14,90 €",MAYBELLINE
Cuidado personal,Maquillaje,Lápiz Cejas Nº1 1 U,"7,99 € / 1 U","7,99 €",MAYBELLINE
Cuidado personal,Maquillaje,Tattoo Liner Nº911 1 U,"4,99 € / 1 U","4,99 €",MAYBELLINE
Cuidado personal,Maquillaje,Endurecedor Uñas 1 U,"8,35 € / 1 U","8,35 €",CUTEX
Cuidado personal,Maquillaje,Aceite Uñas Cuidado Cutícula 1 U,"8,35 € / 1 U","8,35 €",CUTEX
Cuidado personal,Maquillaje,Regenerador Uñas 1 U,"8,35 € / 1 U","8,35 €",CUTEX
Cuidado personal,Maquillaje,Máscara Sky High Cosmic 1 U,"10,90 € / 1 U","10,90 €",MAYBELLINE
Cuidado personal,Maquillaje,Laca Uñas Fast Gel 17 Vegana Secado Rápido 1 U,"2,99 € / 1 U","2,99 €",MAYBELLINE
Cuidado personal,Maquillaje,Laca Uñas Fast Gel 13 Vegana Secado Rápido 1 U,"2,99 € / 1 U","2,99 €",MAYBELLINE
Cuidado personal,Maquillaje,Laca Uñas Fast Gel 9 Vegana Secado Rápido 1 U,"2,99 € / 1 U","2,99 €",MAYBELLINE
Cuidado personal,Maquillaje,Laca Uñas Fast Gel Top Coat 1 U,"2,99 € / 1 U","2,99 €",MAYBELLINE
Cuidado personal,Maquillaje,Laca Uñas Fast Gel 12 Vegana Secado Rápido 1 U,"2,99 € / 1 U","2,99 €",MAYBELLINE
Cuidado personal,Maquillaje,Laca Uñas Fast Gel 4 Vegana Secado Rápido 1 U,"2,99 € / 1 U","2,99 €",MAYBELLINE
Cuidado personal,Maquillaje,Laca Uñas Fast Gel 11 Vegana Secado Rápido 1 U,"2,99 € / 1 U","2,99 €",MAYBELLINE
Cuidado personal,Maquillaje,Laca Uñas Fast Gel 3 Vegana Secado Rápido 1 U,"2,99 € / 1 U","2,99 €",MAYBELLINE
Cuidado personal,Maquillaje,Laca Uñas Fast Gel 18 Vegana Secado Rápido 1 U,"2,99 € / 1 U","2,99 €",MAYBELLINE
Cuidado personal,Maquillaje,Laca Uñas Fast Gel 14 Vegana Secado Rápido 1 U,"2,99 € / 1 U","2,99 €",MAYBELLINE
Cuidado personal,Maquillaje,Laca Uñas Fast Gel 10 Vegana Secado Rápido 1 U,"2,99 € / 1 U","2,99 €",MAYBELLINE
Cuidado personal,Maquillaje,Laca Uñas Fast Gel 2 Vegana Secado Rápido 1 U,"2,99 € / 1 U","2,99 €",MAYBELLINE
Cuidado personal,Maquillaje,Labial Vinyl Nº55 1 U,"10,75 € / 1 U","10,75 €",MAYBELLINE
Cuidado personal,Maquillaje,Labial Vinyl Nº50 1 U,"10,75 € / 1 U","10,75 €",MAYBELLINE
Cuidado personal,Maquillaje,Labial Vinyl Nº15 1 U,"10,75 € / 1 U","10,75 €",MAYBELLINE
Cuidado personal,Maquillaje,Labial Vinyl Nº25 1 U,"10,75 € / 1 U","10,75 €",MAYBELLINE
Cuidado personal,Maquillaje,Labial Vinyl Nº10 1 U,"10,75 € / 1 U","10,75 €",MAYBELLINE
Cuidado personal,Maquillaje,Labial Vinyl Nº20 1 U,"10,75 € / 1 U","10,75 €",MAYBELLINE
Cuidado personal,Maquillaje,Pulidor Uñas 4 Fases 1 U,"1,60 € / 1 U","1,60 €",PONETTE
Cuidado personal,Maquillaje,Base Full Cover Colorstay Sand Beige 1 U,"10,29 € / 1 U","10,29 €",REVLON
Cuidado personal,Maquillaje,Base Full Cover Colorstay Natural Beige 1 U,"10,29 € / 1 U","10,29 €",REVLON
Cuidado personal,Maquillaje,Base Full Cover Colorstay Medium Beige 1 U,"10,29 € / 1 U","10,29 €",REVLON
Cuidado personal,Maquillaje,Base Full Cover Colorstay True Beige 1 U,"10,29 € / 1 U","10,29 €",REVLON
Cuidado personal,Maquillaje,Base Full Cover Colorstay Natural Tan 1 U,"10,29 € / 1 U","10,29 €",REVLON
Cuidado personal,Maquillaje,Labial Vinyl Nº35 1 U,"10,75 € / 1 U","10,75 €",MAYBELLINE
Cuidado personal,Maquillaje,Protector Labial Aroma A Cereza 1 U,"2,75 € / 1 U","2,75 €",LIPOSAN
Cuidado personal,Maquillaje,"Stick Labial Fresa 4,25 Gr","93,88 € / 100 Gr","3,99 €",CARMEX
Cuidado personal,Maquillaje,Máscara Volumizing 1 U,"9,99 € / 1 U","9,99 €",REVLON
Cuidado personal,Maquillaje,Máscara So Fierce Wide 1 U,"10,39 € / 1 U","10,39 €",REVLON
Cuidado personal,Maquillaje,Máscara So Fierce Big Bad 1 U,"10,39 € / 1 U","10,39 €",REVLON
Cuidado personal,Maquillaje,Eyeliner Automático Azul 1 U,"8,29 € / 1 U","8,29 €",REVLON
Cuidado personal,Maquillaje,Labial Rum Rum Raisin 1 U,"12,50 € / 1 U","12,50 €",REVLON
Cuidado personal,Maquillaje,Polvos SuperStay nº21 1 U,"14,95 € / 1 U","14,95 €",MAYBELLINE
Cuidado personal,Maquillaje,Polvos SuperStay nº48 1 U,"14,95 € / 1 U","14,95 €",MAYBELLINE
Cuidado personal,Maquillaje,Borrador Ojos 3 Fair 1 U,"9,79 € / 1 U","9,79 €",MAYBELLINE
Cuidado personal,Maquillaje,Borrador de Ojos Neutro 1 U,"9,79 € / 1 U","9,79 €",MAYBELLINE
Cuidado personal,Maquillaje,Borrador de Ojos Caramelo 1 U,"9,79 € / 1 U","9,79 €",MAYBELLINE
Cuidado personal,Maquillaje,Labial Nº335 Matte Ink 1 U,"8,00 € / 1 U","8,00 €",MAYBELLINE
Cuidado personal,Maquillaje,Labial Nº325 Matte Ink 1 U,"8,00 € / 1 U","8,00 €",MAYBELLINE
Cuidado personal,Maquillaje,Labial Nº620 SuperStay 1 U,"9,59 € / 1 U","9,59 €",MAYBELLINE
Cuidado personal,Maquillaje,Máscara Sky High Waterproof 1 U,"10,90 € / 1 U","10,90 €",MAYBELLINE
Cuidado personal,Maquillaje,Máscara Colossal Curl Waterproof 1 U,"10,59 € / 1 U","10,59 €",MAYBELLINE
Cuidado personal,Maquillaje,Máscara Falsies Surreal Efecto Extensiones 1 U,"13,95 € / 1 U","13,95 €",MAYBELLINE
Cuidado personal,Maquillaje,Tattoo Liner Ink Pen 1 U,"8,99 € / 1 U","8,99 €",MAYBELLINE
Cuidado personal,Maquillaje,Polvos SuperStay Nº40 1 U,"14,95 € / 1 U","14,95 €",MAYBELLINE
Cuidado personal,Maquillaje,Polvos SuperStay Nº10 1 U,"14,95 € / 1 U","14,95 €",MAYBELLINE
Cuidado personal,Maquillaje,Polvos SuperStay Nº03 1 U,"14,95 € / 1 U","14,95 €",MAYBELLINE
Cuidado personal,Maquillaje,Maquillaje Mate nº130 Fit Me 1 U,"7,49 € / 1 U","7,49 €",MAYBELLINE
Cuidado personal,Maquillaje,Maquillaje Mate Nº120 Fit Me 1 U,"7,49 € / 1 U","7,49 €",MAYBELLINE
Cuidado personal,Maquillaje,Maquillaje Mate Nº115 Fit Me 1 U,"7,49 € / 1 U","7,49 €",MAYBELLINE
Cuidado personal,Maquillaje,Maquillaje Mate Nº220 Fit Me 1 U,"7,49 € / 1 U","7,49 €",MAYBELLINE
Cuidado personal,Maquillaje,Maquillaje Mate Nº112 Fit Me 1 U,"7,49 € / 1 U","7,49 €",MAYBELLINE
Cuidado personal,Maquillaje,Maquillaje Mate Nº110 Fit Me 1 U,"7,49 € / 1 U","7,49 €",MAYBELLINE
Cuidado personal,Maquillaje,Labial Vinyl Nº110 1 U,"10,75 € / 1 U","10,75 €",MAYBELLINE
Cuidado personal,Maquillaje,Labial Vinyl Nº125 1 U,"10,75 € / 1 U","10,75 €",MAYBELLINE
Cuidado personal,Maquillaje,Labial Vinyl Nº105 1 U,"10,75 € / 1 U","10,75 €",MAYBELLINE
Cuidado personal,Maquillaje,Labial Vinyl Nº130 1 U,"10,75 € / 1 U","10,75 €",MAYBELLINE
Cuidado personal,Maquillaje,Labial Vinyl Nº100 1 U,"10,75 € / 1 U","10,75 €",MAYBELLINE
Cuidado personal,Maquillaje,Lápiz Cejas Xpress Brow Nº06 Black Brown 1 U,"3,99 € / 1 U","3,99 €",MAYBELLINE
Cuidado personal,Maquillaje,Lápiz Cejas Xpress Brow Nº05 Deep Brown 1 U,"3,99 € / 1 U","3,99 €",MAYBELLINE
Cuidado personal,Maquillaje,Lápiz Cejas Xpress Brow Nº04 Medium Brown 1 U,"3,99 € / 1 U","3,99 €",MAYBELLINE
Cuidado personal,Maquillaje,Quitaesmalte Hidratante 200 ml,"0,50 € / 100 ml","1,00 €",KYREY
Cuidado personal,Maquillaje,Eyeliner Hyper Easy Negro Mate 1 U,"6,99 € / 1 U","6,99 €",MAYBELLINE
Cuidado personal,Maquillaje,Labial Nº25 Matte Ink 1 U,"8,00 € / 1 U","8,00 €",MAYBELLINE
Cuidado personal,Maquillaje,Máscara Falsies Surreal Waterproof 1 U,"13,95 € / 1 U","13,95 €",MAYBELLINE
Cuidado personal,Maquillaje,Tattoo Liner Gris Smokey 1 U,"6,99 € / 1 U","6,99 €",MAYBELLINE
Cuidado personal,Maquillaje,Sombra en Crema Tattoo Nº45 1 U,"5,99 € / 1 U","5,99 €",MAYBELLINE
Cuidado personal,Maquillaje,Lápiz Cejas Xpress Brow Nº03 Soft Brown 1 U,"3,99 € / 1 U","3,99 €",MAYBELLINE
Cuidado personal,Maquillaje,Lápiz Cejas Xpress Brow Nº02 Blonde 1 U,"3,99 € / 1 U","3,99 €",MAYBELLINE
Cuidado personal,Maquillaje,Barra de Labios nº233 Color Sensational 1 U,"4,79 € / 1 U","4,79 €",MAYBELLINE
Cuidado personal,Maquillaje,Iluminador Líquido Moonbeat 1 U,"2,99 € / 1 U","2,99 €",GIO GIOVANNI
Cuidado personal,Maquillaje,Quitaesmalte sin Acetona 200 ml,"0,60 € / 100 ml","1,20 €",KYREY
Cuidado personal,Maquillaje,Lápiz Labial Ink Crayon Mate nº100 1 U,"8,25 € / 1 U","8,25 €",MAYBELLINE
Cuidado personal,Maquillaje,Lápiz Labial Ink Crayon Mate nº105 1 U,"8,25 € / 1 U","8,25 €",MAYBELLINE
Cuidado personal,Maquillaje,Polvo Bronceador Nº300 1 U,"7,99 € / 1 U","7,99 €",MAYBELLINE
Cuidado personal,Maquillaje,Maquillaje Skin Tint Vit C Nº21 1 U,"12,49 € / 1 U","12,49 €",MAYBELLINE
Cuidado personal,Maquillaje,Maquillaje Skin Tint Vit C Nº34 1 U,"12,49 € / 1 U","12,49 €",MAYBELLINE
Cuidado personal,Maquillaje,Maquillaje Skin Tint Vit C Nº48 1 U,"12,49 € / 1 U","12,49 €",MAYBELLINE
Cuidado personal,Maquillaje,Perfilador Ojos Negro Doble Punta Khol+Líquido 1 U,"10,35 € / 1 U","10,35 €",REVLON
Cuidado personal,Maquillaje,Quitaesmalte Extra Hidratante 100 ml,"1,99 € / 100 ml","1,99 €",CUTEX
Cuidado personal,Depilación,Máquina Depilatoria 5H Intuition 1 U,"6,15 € / 1 U","6,15 €",WILKINSON
Cuidado personal,Depilación,Máquina Desechable 2H con Banda 5 U,"0,20 € / 1 U","1,00 €",MYSTIQUE
Cuidado personal,Depilación,Maquinilla Desechable Blue II Plus 5 U,"0,70 € / 1 U","3,49 €",GILLETTE
Cuidado personal,Depilación,Máquina Dese. Mujer 3H con Banda y Mango 4 U,"0,61 € / 1 U","2,45 €",MYSTIQUE
Cuidado personal,Depilación,Crema Depilatoria 200 ml,"2,50 € / 100 ml","5,00 €",VEET
Cuidado personal,Depilación,Gel Depilatorio Hombre Piel Normal 200 ml,"2,50 € / 100 ml","5,00 €",VEET
Cuidado personal,Depilación,Crema Depilatoria Ducha Piel Normal 150 ml,"3,67 € / 100 ml","5,50 €",VEET
Cuidado personal,Depilación,Crema en Gel Men Piel Sensible 200 ml,"2,50 € / 100 ml","5,00 €",VEET
Cuidado personal,Depilación,Mousse Depilación Mujer 100 ml,"1,69 € / 100 ml","1,69 €",LEA
Cuidado personal,Depilación,Depilatorio Piel Sensible Spray 150 ml,"3,33 € / 100 ml","5,00 €",VEET
Cuidado personal,Depilación,"Cera Caliente Cazoleta Cara,Ingles y axilas 100 ml","3,99 € / 100 ml","3,99 €",BODY NATUR
Cuidado personal,Depilación,Cera Corporal Con Vainilla 250 ml,"1,90 € / 100 ml","4,75 €",BODY NATUR
Cuidado personal,Depilación,Crema Depilatoria Rostro y zonas Delicadas 20 ml,"13,75 € / 100 ml","2,75 €",BODY NATUR
Cuidado personal,Depilación,Crema Decolorante Rostro y Cuerpo 100 ml,"4,29 € / 100 ml","4,29 €",BODY NATUR
Cuidado personal,Depilación,Maquinilla Desechable Oceana 4 U,"1,75 € / 1 U","6,99 €",VENUS
Cuidado personal,Depilación,Crema Depilatoria Ducha Men 150 ml,"3,84 € / 100 ml","5,76 €",VEET
Cuidado personal,Depilación,Máquina Depilación 3H Más 5 Recambios 1 U,"4,99 € / 1 U","4,99 €",NEXTGEN
Cuidado personal,Depilación,Maquinilla Depilación Venus Breeze 3 Hojas 1 U,"7,95 € / 1 U","7,95 €",GILLETTE
Cuidado personal,Depilación,Recambio Maquinilla Venus Breeze 3 Hojas 4 U,"3,50 € / 1 U","14,00 €",GILLETTE
Cuidado personal,Depilación,Crema Depilatoria Tibia Natural 250 ml,"3,20 € / 100 ml","7,99 €",VEET
Cuidado personal,Depilación,Recambio Maquinilla Intuition 4 U,"2,50 € / 1 U","9,99 €",WILKINSON
Cuidado personal,Depilación,Cera Facial de Precisión Click Pen 1 U,"4,25 € / 1 U","4,25 €",BODY NATUR
Cuidado personal,Depilación,Bandas Depilatorias Ingles y Axilas 16 U,"0,08 € / 1 U","1,35 €",KYREY
Cuidado personal,Depilación,Bandas Depilatorias Faciales Piel Sensible 16 U,"0,08 € / 1 U","1,20 €",KYREY
Cuidado personal,Depilación,Bandas Depilatorias Corporales 20 U,"0,08 € / 1 U","1,65 €",KYREY
Cuidado personal,Depilación,Crema Depilatoria Hombre 200 ml,"1,50 € / 100 ml","2,99 €",KYREY MEN
Cuidado personal,Depilación,Crema Depilatoria Piel Sensible Torso y Cuerpo 400 ml,"2,49 € / 100 ml","9,95 €",VEET
Cuidado personal,Depilación,Bandas Depilatorias Faciales Piel Sensible 20 U,"0,25 € / 1 U","5,00 €",VEET
Cuidado personal,Depilación,Bandas Depilatorias Pure Piel Sensible Corporales 20 U,"0,28 € / 1 U","5,50 €",VEET
Cuidado personal,Depilación,Maquinilla Desechable Venus 3 Dragonfruit 3 U,"1,00 € / 1 U","2,99 €",GILLETTE
Cuidado personal,Depilación,Maquinilla Desechable 2 Hojas Women Emerging 5 U,"0,23 € / 1 U","1,15 €",LEA
Cuidado personal,Depilación,Bandas Depilatorias Bikini Piel Normal 1 U,"5,19 € / 1 U","5,19 €",VEET
Cuidado personal,Depilación,Bandas Depilatorias Faciales Piel Normal 16 U,"0,31 € / 1 U","4,95 €",VEET
Cuidado personal,Depilación,Bandas Depilatorias Corporales Piel Normal 16 U,"0,34 € / 1 U","5,50 €",VEET
Cuidado personal,Depilación,Maquinilla Depilación Mini Soft 5 Hojas 1 U,"5,95 € / 1 U","5,95 €",LEA WOMEN
Cuidado personal,Depilación,Recambio Maquinilla Depilación Soft 5 Hojas 2 U,"2,98 € / 1 U","5,95 €",LEA WOMEN
Cuidado personal,Depilación,Cera Roll-On Profesional 100 ml,"4,49 € / 100 ml","4,49 €",BODY NATUR
Cuidado personal,Depilación,Bandas Depilatorias Pieles Sensibles 16 U,"0,14 € / 1 U","2,29 €",BODY NATUR
Cuidado personal,Colonias y perfumes,Colonia Masculina Nº66 150 ml,"7,30 € / 100 ml","10,95 €",CARAVAN
Cuidado personal,Colonias y perfumes,Cesta Vacia Mimbre regalo 1 U,"1,99 € / 1 U","1,99 €",PONETTE
Cuidado personal,Colonias y perfumes,Colonia Familiar 750 ml,"0,19 € / 100 ml","1,45 €",ANIAN
Cuidado personal,Colonias y perfumes,Colonia Femenina Nº23 150 ml,"7,30 € / 100 ml","10,95 €",CARAVAN
Cuidado personal,Colonias y perfumes,Colonia Femenina Nº35 150 ml,"7,30 € / 100 ml","10,95 €",CARAVAN
Cuidado personal,Colonias y perfumes,Colonia Masculina Nº15 150 ml,"7,30 € / 100 ml","10,95 €",CARAVAN
Cuidado personal,Colonias y perfumes,Colonia Muy Mío 100 ml,"6,95 € / 100 ml","6,95 €",BUSTAMANTE
Cuidado personal,Colonias y perfumes,Colonia Femenina Nº1 Mini 30 ml,"11,67 € / 100 ml","3,50 €",CARAVAN
Cuidado personal,Colonias y perfumes,Colonia Femenina Nº24 Mini 30 ml,"11,67 € / 100 ml","3,50 €",CARAVAN
Cuidado personal,Colonias y perfumes,Colonia Femenina Nº30 MIni 30 ml,"11,67 € / 100 ml","3,50 €",CARAVAN
Cuidado personal,Colonias y perfumes,Colonia Femenina Nº82 Mini 30 ml,"11,67 € / 100 ml","3,50 €",CARAVAN
Cuidado personal,Colonias y perfumes,Colonia Femenina Nº35 Mini 30 ml,"11,67 € / 100 ml","3,50 €",CARAVAN
Cuidado personal,Colonias y perfumes,Colonia Femenina Nº43 Mini 30 ml,"11,67 € / 100 ml","3,50 €",CARAVAN
Cuidado personal,Colonias y perfumes,Colonia Masculina Nº66 Mini 30 ml,"11,67 € / 100 ml","3,50 €",CARAVAN
Cuidado personal,Colonias y perfumes,Colonia Nº1 Azahar Aguas de V&L 150 ml,"7,97 € / 100 ml","11,95 €",V&L
Cuidado personal,Colonias y perfumes,Colonia Nº3 Hiedra Aguas de V&L 150 ml,"7,97 € / 100 ml","11,95 €",V&L
Cuidado personal,Colonias y perfumes,Colonia Jaq's Masculina 200 ml a Precio 100 ml 200 ml,"2,95 € / 100 ml","5,90 €",JACQ'S
Cuidado personal,Colonias y perfumes,Colonia Femenina Nº1 150 ml,"7,30 € / 100 ml","10,95 €",CARAVAN
Cuidado personal,Colonias y perfumes,Colonia Femenina Nº5 150 ml,"7,30 € / 100 ml","10,95 €",CARAVAN
Cuidado personal,Colonias y perfumes,Colonia Femenina Nº30 150 ml,"7,30 € / 100 ml","10,95 €",CARAVAN
Cuidado personal,Colonias y perfumes,Colonia Femenina Nº9 150 ml,"7,30 € / 100 ml","10,95 €",CARAVAN
Cuidado personal,Colonias y perfumes,Colonia Femenina Nº82 150 ml,"7,30 € / 100 ml","10,95 €",CARAVAN
Cuidado personal,Colonias y perfumes,Colonia Femenina Nº24 150 ml,"7,30 € / 100 ml","10,95 €",CARAVAN
Cuidado personal,Colonias y perfumes,Colonia Femenina Nº39 150 ml,"7,30 € / 100 ml","10,95 €",CARAVAN
Cuidado personal,Colonias y perfumes,Colonia Masculina Nº18 150 ml,"7,30 € / 100 ml","10,95 €",CARAVAN
Cuidado personal,Colonias y perfumes,Colonia Masculina Nº16 150 ml,"7,30 € / 100 ml","10,95 €",CARAVAN
Cuidado personal,Colonias y perfumes,Colonia Masculina Nº54 150 ml,"7,30 € / 100 ml","10,95 €",CARAVAN
Cuidado personal,Colonias y perfumes,Colonia Femenina Nº42 150 ml,"7,30 € / 100 ml","10,95 €",CARAVAN
Cuidado personal,Colonias y perfumes,Colonia Femenina Nº21 150 ml,"7,30 € / 100 ml","10,95 €",CARAVAN
Cuidado personal,Colonias y perfumes,Colonia Femenina Nº26 150 ml,"7,30 € / 100 ml","10,95 €",CARAVAN
Cuidado personal,Colonias y perfumes,Colonia Femenina Nº31 150 ml,"7,30 € / 100 ml","10,95 €",CARAVAN
Cuidado personal,Colonias y perfumes,Colonia Masculina Nº13 150 ml,"7,30 € / 100 ml","10,95 €",CARAVAN
Cuidado personal,Colonias y perfumes,Colonia Masculina Nº14 150 ml,"7,30 € / 100 ml","10,95 €",CARAVAN
Cuidado personal,Colonias y perfumes,Colonia Masculina Nº61 150 ml,"7,30 € / 100 ml","10,95 €",CARAVAN
Cuidado personal,Colonias y perfumes,Colonia Femenina Nº3 Mini 30 ml,"11,67 € / 100 ml","3,50 €",CARAVAN
Cuidado personal,Colonias y perfumes,Colonia Femenina Nº27 Mini 30 ml,"11,67 € / 100 ml","3,50 €",CARAVAN
Cuidado personal,Colonias y perfumes,Colonia Femenina Nº37 Mini 30 ml,"11,67 € / 100 ml","3,50 €",CARAVAN
Cuidado personal,Colonias y perfumes,Colonia Femenina Nº39 Mini 30 ml,"11,67 € / 100 ml","3,50 €",CARAVAN
Cuidado personal,Colonias y perfumes,Colonia Femenina Nº42 Mini 30 ml,"11,67 € / 100 ml","3,50 €",CARAVAN
Cuidado personal,Colonias y perfumes,Colonia Masculina Nº15 Mini 30 ml,"11,67 € / 100 ml","3,50 €",CARAVAN
Cuidado personal,Colonias y perfumes,Colonia Femenina Nº43 150 ml,"7,30 € / 100 ml","10,95 €",CARAVAN
Cuidado personal,Colonias y perfumes,Colonia Femenina Nº31 Mini 30 ml,"11,67 € / 100 ml","3,50 €",CARAVAN
Cuidado personal,Colonias y perfumes,Colonia Muy Mío Sport 100 ml,"7,99 € / 100 ml","7,99 €",BUSTAMANTE
Cuidado personal,Colonias y perfumes,Colonia Nº5 Jazmín Aguas de V&L 150 ml,"7,97 € / 100 ml","11,95 €",V&L
Cuidado personal,Colonias y perfumes,Colonia Femenina Nº28 150 ml,"7,30 € / 100 ml","10,95 €",CARAVAN
Cuidado personal,Colonias y perfumes,Colonia Femenina Nº7 150 ml,"7,30 € / 100 ml","10,95 €",CARAVAN
Cuidado personal,Colonias y perfumes,Colonia Femenina Nº22 150 ml,"7,30 € / 100 ml","10,95 €",CARAVAN
Cuidado personal,Colonias y perfumes,Colonia Femenina Nº3 150 ml,"7,30 € / 100 ml","10,95 €",CARAVAN
Cuidado personal,Colonias y perfumes,Colonia Femenina Nº2 150 ml,"7,30 € / 100 ml","10,95 €",CARAVAN
Cuidado personal,Colonias y perfumes,Colonia Femenina Nº27 150 ml,"7,30 € / 100 ml","10,95 €",CARAVAN
Cuidado personal,Colonias y perfumes,Colonia Masculina Nº70 150 ml,"7,30 € / 100 ml","10,95 €",CARAVAN
Cuidado personal,Colonias y perfumes,Colonia Femenina Nª80 150 ml,"7,30 € / 100 ml","10,95 €",CARAVAN
Cuidado personal,Colonias y perfumes,Colonia Kids Blue 100 ml,"4,99 € / 100 ml","4,99 €",SAPHIR
Cuidado personal,Colonias y perfumes,Colonia Kids Pink 100 ml,"4,99 € / 100 ml","4,99 €",SAPHIR
Cuidado personal,Colonias y perfumes,Colonia Femenina Nº37 150 ml,"7,30 € / 100 ml","10,95 €",CARAVAN
Cuidado personal,Colonias y perfumes,Colonia Corporal 200 ml,"3,00 € / 100 ml","5,99 €",SPIDERMAN
Cuidado personal,Colonias y perfumes,Colonia Femenina Nº36 150 ml,"7,30 € / 100 ml","10,95 €",CARAVAN
Cuidado personal,Colonias y perfumes,Colonia Femenina Nº38 150 ml,"7,30 € / 100 ml","10,95 €",CARAVAN
Cuidado personal,Colonias y perfumes,Colonia Masculina Nº11 150 ml,"7,30 € / 100 ml","10,95 €",CARAVAN
Cuidado personal,Colonias y perfumes,Colonia Masculina Nº17 150 ml,"7,30 € / 100 ml","10,95 €",CARAVAN
Cuidado personal,Colonias y perfumes,Colonia Masculina Nº19 150 ml,"7,30 € / 100 ml","10,95 €",CARAVAN
Cuidado personal,Colonias y perfumes,Colonia Masculina Nº20 150 ml,"7,30 € / 100 ml","10,95 €",CARAVAN
Cuidado personal,Colonias y perfumes,Colonia Masculina Nº53 150 ml,"7,30 € / 100 ml","10,95 €",CARAVAN
Cuidado personal,Colonias y perfumes,Colonia Masculina Nº70 Mini 30 ml,"11,67 € / 100 ml","3,50 €",CARAVAN
Cuidado personal,Colonias y perfumes,Colonia Masculina Nº16 Mini 30 ml,"11,67 € / 100 ml","3,50 €",CARAVAN
Cuidado personal,Colonias y perfumes,Colonia Masculina Nº18 Mini 30 ml,"11,67 € / 100 ml","3,50 €",CARAVAN
Cuidado personal,Colonias y perfumes,Colonia Masculina Nº54 Mini 30 ml,"11,67 € / 100 ml","3,50 €",CARAVAN
Cuidado personal,Colonias y perfumes,Colonia Masculina Clandestine 50 ml,"13,90 € / 100 ml","6,95 €",PACHA IBIZA
Cuidado personal,Colonias y perfumes,Colònia Femenina Clandestine 50 ml,"13,90 € / 100 ml","6,95 €",PACHA IBIZA
Cuidado personal,Colonias y perfumes,Colonia Colors Indigo Men 100 ml,"9,99 € / 100 ml","9,99 €",NIKE
Cuidado personal,Colonias y perfumes,Colonia Masculina Nª2 Frescor Extremo 150 ml,"7,97 € / 100 ml","11,95 €",V&L
Cuidado personal,Colonias y perfumes,Colónia Dance 50 ml,"17,90 € / 100 ml","8,95 €",SHAKIRA
Cuidado personal,Colonias y perfumes,Colonia Femenina Nº45 Mini 30 ml,"11,67 € / 100 ml","3,50 €",CARAVAN
Cuidado personal,Colonias y perfumes,Colonia Femenina Nº45 150 ml,"7,30 € / 100 ml","10,95 €",CARAVAN
Cuidado personal,Colonias y perfumes,Colonia Femenina Nº47 Mini 30 ml,"11,67 € / 100 ml","3,50 €",CARAVAN
Cuidado personal,Colonias y perfumes,Colonia Femenina Nº47 150 ml,"7,30 € / 100 ml","10,95 €",CARAVAN
Cuidado personal,Colonias y perfumes,Colonia Masculina Nº57 150 ml,"7,30 € / 100 ml","10,95 €",CARAVAN
Cuidado personal,Colonias y perfumes,Colonia Mujer Nº23 30 ml,"11,67 € / 100 ml","3,50 €",CARAVAN
Cuidado personal,Colonias y perfumes,Colonia Mujer Nº26 Mini 30 ml,"11,67 € / 100 ml","3,50 €",CARAVAN
Cuidado personal,Colonias y perfumes,Colonia Masculina Nº 13 30 ml,"11,67 € / 100 ml","3,50 €",CARAVAN
Cuidado personal,Colonias y perfumes,Colonia Mujer Vaporizador 200 ml,"4,98 € / 100 ml","9,95 €",AZUR DE PUIG
Cuidado personal,Colonias y perfumes,Colonia Hombre 200 ml,"7,48 € / 100 ml","14,95 €",DON ALGODON
Cuidado personal,Colonias y perfumes,Colonia Mujer 200 ml,"6,93 € / 100 ml","13,85 €",DON ALGODON
Cuidado personal,Colonias y perfumes,Colonia Hombre 200 ml,"6,45 € / 100 ml","12,90 €",SPRINGFIELD
Cuidado personal,Colonias y perfumes,Cesta Colores Pequeña Regalo 1 U,"2,99 € / 1 U","2,99 €",PONETTE
Cuidado personal,Colonias y perfumes,Cesta Colores Grande Regalo 1 U,"3,99 € / 1 U","3,99 €",PONETTE
Cuidado personal,Colonias y perfumes,Colonia Hombre 200 ml,"5,00 € / 100 ml","9,99 €",CROSSMEN
Cuidado personal,Colonias y perfumes,Colonia Femenina 200 ml,"3,98 € / 100 ml","7,95 €",CHANSON DEAU
Cuidado personal,Colonias y perfumes,Colonia Evasión Exótica Nº4 Hombre 150 ml,"7,97 € / 100 ml","11,95 €",V&L
Cuidado personal,Colonias y perfumes,Colonia Clásica Fresh 750 ml,"0,45 € / 100 ml","3,40 €",S-3
Cuidado personal,Colonias y perfumes,Colonia 200 ml,"3,00 € / 100 ml","5,99 €",FROZEN
Cuidado personal,Colonias y perfumes,Colonia Alba 100 ml,"11,50 € / 100 ml","11,50 €",VICKY MARTIN
Cuidado personal,Colonias y perfumes,Colonia Free Spirit Men 100 ml,"5,99 € / 100 ml","5,99 €",REBEL
Cuidado personal,Colonias y perfumes,Colonia Queen Woman 100 ml,"5,99 € / 100 ml","5,99 €",REBEL
Cuidado personal,Colonias y perfumes,Colonia Wild Heart Men 100 ml,"5,99 € / 100 ml","5,99 €",REBEL
Cuidado personal,Colonias y perfumes,Colonia Crazy Woman 100 ml,"5,99 € / 100 ml","5,99 €",REBEL
Cuidado personal,Colonias y perfumes,Gel Champú 475 ml,"0,52 € / 100 ml","2,45 €",DISNEY
Cuidado personal,Colonias y perfumes,Colonia Pour Homme Nº60 150 ml,"7,30 € / 100 ml","10,95 €",CARAVAN
Cuidado personal,Colonias y perfumes,Colonia Pour Femme Nº81 150 ml,"7,30 € / 100 ml","10,95 €",CARAVAN
Cuidado personal,Colonias y perfumes,Colonia Mini Mujer Nº21 30 ml,"11,67 € / 100 ml","3,50 €",CARAVAN
Cuidado personal,Colonias y perfumes,Colonia Mini Mujer Nº28 30 ml,"11,67 € / 100 ml","3,50 €",CARAVAN
Cuidado personal,Colonias y perfumes,Colonia Mini Mujer Nº36 30 ml,"11,67 € / 100 ml","3,50 €",CARAVAN
Cuidado personal,Colonias y perfumes,Colonia Mini Mujer Nº80 30 ml,"11,67 € / 100 ml","3,50 €",CARAVAN
Cuidado personal,Colonias y perfumes,Colonia Mini Hombre Nº57 30 ml,"11,67 € / 100 ml","3,50 €",CARAVAN
Cuidado personal,Colonias y perfumes,Colonia Pour Mujer Nº49 150 ml,"7,30 € / 100 ml","10,95 €",CARAVAN
Cuidado personal,Colonias y perfumes,Colonia Mini Hombre Nº17 30 ml,"11,67 € / 100 ml","3,50 €",CARAVAN
Cuidado personal,Colonias y perfumes,Bruma Fresca Dulce 200 ml,"1,40 € / 100 ml","2,79 €",LAISEVEN
Cuidado personal,Colonias y perfumes,Colonia Blue Man 100 ml,"9,99 € / 100 ml","9,99 €",NIKE
Cuidado personal,Colonias y perfumes,Colonia Femenina Rose 50 ml,"23,00 € / 100 ml","11,50 €",BENETTON
Cuidado personal,Colonias y perfumes,Colonia Femenina Ibiza Queen Sexy 80 ml,"13,69 € / 100 ml","10,95 €",PACHA IBIZA
Cuidado personal,Colonias y perfumes,Colonia Familiar 780 ml,"0,42 € / 100 ml","3,30 €",HENO PRAVIA
Cuidado personal,Colonias y perfumes,Body Spray 200 ml,"1,40 € / 100 ml","2,79 €",LAISEVEN
Cuidado personal,Colonias y perfumes,Gel Champú 400 ml,"1,00 € / 100 ml","3,99 €",MY UNICORN
Cuidado personal,Colonias y perfumes,Colonia Coco Planet Fruit 30 ml,"9,83 € / 100 ml","2,95 €",SAPHIR
Cuidado personal,Colonias y perfumes,Colonia Fresa y Nata Planet Fruit 30 ml,"9,83 € / 100 ml","2,95 €",SAPHIR
Cuidado personal,Colonias y perfumes,Colonia Petit Grain Fruits Attraction 100 ml,"4,95 € / 100 ml","4,95 €",SAPHIR
Cuidado personal,Colonias y perfumes,Colonia Tacón Rojo 100 ml,"9,50 € / 100 ml","9,50 €",LADY SECRET
Cuidado personal,Colonias y perfumes,Colonia Bicicleta 100 ml,"9,59 € / 100 ml","9,59 €",AQUARIUS
Cuidado personal,Colonias y perfumes,Colonia Nº2 Rosa Fresca Aguas de V&L 150 ml,"7,97 € / 100 ml","11,95 €",V&L
Cuidado personal,Colonias y perfumes,Colonia Shakira Midnight 50 ml,"19,90 € / 100 ml","9,95 €",SHAKIRA
Cuidado personal,Colonias y perfumes,Body Spray Citronela 150 ml,"1,30 € / 100 ml","1,95 €",LAISEVEN
Cuidado personal,Colonias y perfumes,Champú Gel 400 ml,"1,00 € / 100 ml","3,99 €",SPIDERMAN
Cuidado personal,Colonias y perfumes,Colonia 150 ml,"7,27 € / 100 ml","10,90 €",A.DE SEVILLA
Cuidado personal,Colonias y perfumes,Colonia Gotas Frescas 750 ml,"1,05 € / 100 ml","7,85 €",INST.ESPAÑOL
Cuidado personal,Colonias y perfumes,Colonia Gold 150 ml,"8,63 € / 100 ml","12,95 €",POSEIDON
Cuidado personal,Colonias y perfumes,Arôme de Fleur Verbena 150 ml,"4,63 € / 100 ml","6,95 €",CARAVAN
Cuidado personal,Colonias y perfumes,Arôme de Fleur Flores Blancas 150 ml,"4,63 € / 100 ml","6,95 €",CARAVAN
Cuidado personal,Colonias y perfumes,Arôme de Fleur Bouquet Bleu 150 ml,"4,63 € / 100 ml","6,95 €",CARAVAN
Cuidado personal,Colonias y perfumes,Arôme de Fleur Bouquet Bergamota 150 ml,"4,63 € / 100 ml","6,95 €",CARAVAN
Cuidado personal,Colonias y perfumes,Arôme de Fleur Bouquet Neroli 150 ml,"4,63 € / 100 ml","6,95 €",CARAVAN
Cuidado personal,Colonias y perfumes,Colonia Pour Homme Nº59 150 ml,"7,30 € / 100 ml","10,95 €",CARAVAN
Cuidado personal,Colonias y perfumes,Colonia Pour Femme Nº85 150 ml,"7,30 € / 100 ml","10,95 €",CARAVAN
Cuidado personal,Colonias y perfumes,Colonia Pour Homme Nº62 150 ml,"7,30 € / 100 ml","10,95 €",CARAVAN
Cuidado personal,Colonias y perfumes,Colonia Femenina Sisterland Raspberry 80 ml,"19,94 € / 100 ml","15,95 €",BENETTON
Cuidado personal,Colonias y perfumes,Colonia Lavanda Familiar 750 ml,"0,60 € / 100 ml","4,49 €",PUIG
Cuidado personal,Colonias y perfumes,Colonia Sport 150 ml,"8,63 € / 100 ml","12,95 €",POSEIDON
Cuidado personal,Colonias y perfumes,Colonia Muy Mío Origen 100 ml,"7,95 € / 100 ml","7,95 €",BUSTAMANTE
Cuidado personal,Colonias y perfumes,Colonia Femenina Midnight Muse 50 ml,"19,90 € / 100 ml","9,95 €",SHAKIRA
Cuidado personal,Colonias y perfumes,Gel Champú 400 ml,"1,00 € / 100 ml","3,99 €",PEPPA PIG
Cuidado personal,Colonias y perfumes,Gel Champú 400 ml,"0,99 € / 100 ml","3,95 €",MINIONS
Cuidado personal,Colonias y perfumes,Colonia Pret a Porter Original 50 ml,"12,20 € / 100 ml","6,10 €",PRET A PORTE
Cuidado personal,Colonias y perfumes,Colonia Pura Vida Aguas Esenciales 250 ml,"5,98 € / 100 ml","14,95 €",V&L
Cuidado personal,Colonias y perfumes,Colonia Dulce Calma Aguas Esenciales 250 ml,"5,98 € / 100 ml","14,95 €",V&L
Cuidado personal,Colonias y perfumes,Colonia Fruit Attraction Cereza 100 ml,"4,95 € / 100 ml","4,95 €",SAPHIR
Cuidado personal,Colonias y perfumes,Polvera Brillos Labiales 1 U,"4,95 € / 1 U","4,95 €",DISNEY
Cuidado personal,Colonias y perfumes,Neceser 1 U,"9,99 € / 1 U","9,99 €",BATMAN
Cuidado personal,Colonias y perfumes,Colonia Rose 150 ml,"9,00 € / 100 ml","13,50 €",A.DE SEVILLA
Cuidado personal,Colonias y perfumes,Colonia Paula Intense 100 ml,"10,95 € / 100 ml","10,95 €",PAULA
Cuidado personal,Colonias y perfumes,Colonia Masculina Nº9 Noche Enigmática 150 ml,"8,63 € / 100 ml","12,95 €",V&L
Cuidado personal,Colonias y perfumes,Colonia Be Insane Black Hombre 100 ml,"10,95 € / 100 ml","10,95 €",PACHA
Cuidado personal,Colonias y perfumes,Colonia Nº7 Frescor Mediterráneo 150 ml,"7,97 € / 100 ml","11,95 €",V&L
Cuidado personal,Colonias y perfumes,Estuche Infantil Supergirl 1 U,"9,99 € / 1 U","9,99 €",MARTINELIA
Cuidado personal,Colonias y perfumes,Colonia Coco One Note 100 ml,"3,25 € / 100 ml","3,25 €",FLOR DE MAYO
Cuidado personal,Colonias y perfumes,Colonia Berries One Note 100 ml,"3,25 € / 100 ml","3,25 €",FLOR DE MAYO
Cuidado personal,Colonias y perfumes,Colonia Vainilla One Note 100 ml,"3,25 € / 100 ml","3,25 €",FLOR DE MAYO
Cuidado personal,Colonias y perfumes,Colonia Mini Blue Masculina 23 ml,"6,96 € / 100 ml","1,60 €",FLOR DE MAYO
Cuidado personal,Colonias y perfumes,Colonia Femenina Manzana Roja 26 ml,"6,15 € / 100 ml","1,60 €",FLOR DE MAYO
Cuidado personal,Colonias y perfumes,Colonia Femenina Manzana Oro 20 ml,"8,00 € / 100 ml","1,60 €",FLOR DE MAYO
Cuidado personal,Colonias y perfumes,Neceser Unicornio Colonia+Gel 1 U,"12,49 € / 1 U","12,49 €",AIR VAL
Cuidado personal,Colonias y perfumes,Paleta Maquillaje Unicornio Infantil 1 U,"8,49 € / 1 U","8,49 €",LORENAY
Cuidado personal,Colonias y perfumes,Gel Champú Infantil Super Mario 475 ml,"0,52 € / 100 ml","2,45 €",LORENAY
Cuidado personal,Colonias y perfumes,Colonia Champions Lleague Star Hombre 100 ml,"8,99 € / 100 ml","8,99 €",ADIDAS
Cuidado personal,Colonias y perfumes,The Icon Colonia Masculina 100 ml,"17,90 € / 100 ml","17,90 €",A.BANDERAS
Cuidado personal,Colonias y perfumes,Colonia Masculina Nº2 150 ml,"9,30 € / 100 ml","13,95 €",V&L
Cuidado personal,Accesorios y complementos,Pinza Punta Oblicua 1 U,"2,00 € / 1 U","2,00 €",KYREY
Cuidado personal,Accesorios y complementos,Cepillo de Uñas 1 U,"1,50 € / 1 U","1,50 €",KYREY
Cuidado personal,Accesorios y complementos,Lima Fibra de Vidrio 1 U,"0,99 € / 1 U","0,99 €",KYREY
Cuidado personal,Accesorios y complementos,Esponja Jabonosa Desechable 10 U,"0,12 € / 1 U","1,20 €",GREEN NATURE
Cuidado personal,Accesorios y complementos,Lima Esmeril 12 cm 10 U,"0,12 € / 1 U","1,20 €",KYREY
Cuidado personal,Accesorios y complementos,Lima Esmeril 17 cm 10 U,"0,13 € / 1 U","1,30 €",KYREY
Cuidado personal,Accesorios y complementos,Lima Zafiro 1 U,"1,65 € / 1 U","1,65 €",KYREY
Cuidado personal,Accesorios y complementos,Palitos de Naranjo 6 U,"0,26 € / 1 U","1,55 €",KYREY
Cuidado personal,Accesorios y complementos,Uñas Postizas 1 U,"4,55 € / 1 U","4,55 €",PONETTE
Cuidado personal,Accesorios y complementos,Cepillo de Baño con Mango 1 U,"2,99 € / 1 U","2,99 €",PONETTE
Cuidado personal,Accesorios y complementos,Cortauñas Manos 1 U,"2,15 € / 1 U","2,15 €",BETER
Cuidado personal,Accesorios y complementos,Bastoncillos Cosméticos 1 U,"1,35 € / 1 U","1,35 €",BEL
Cuidado personal,Accesorios y complementos,Cortacutículas 1 U,"2,10 € / 1 U","2,10 €",PONETTE
Cuidado personal,Accesorios y complementos,Tijera de Uñas Punta Curvada 1 U,"4,25 € / 1 U","4,25 €",PONETTE
Cuidado personal,Accesorios y complementos,Alicates de Uñas 1 U,"4,99 € / 1 U","4,99 €",PONETTE
Cuidado personal,Accesorios y complementos,Pestañas Postizas Magnéticas 1 U,"4,99 € / 1 U","4,99 €",PONETTE
Cuidado personal,Accesorios y complementos,Pinza Depilar Punta Recta 1 U,"2,99 € / 1 U","2,99 €",BETER
Cuidado personal,Accesorios y complementos,Esponja Facial Mimos 1 U,"3,95 € / 1 U","3,95 €",BETER
Cuidado personal,Accesorios y complementos,Toalla Desmaquilladora 1 U,"2,95 € / 1 U","2,95 €",BETER
Cuidado personal,Accesorios y complementos,Esponja Natural Marina 1 U,"3,99 € / 1 U","3,99 €",DAVIDEL
Cuidado personal,Accesorios y complementos,Neceser Caballero 1 U,"6,59 € / 1 U","6,59 €",PONETTE
Cuidado personal,Accesorios y complementos,Neceser Infantil 1 U,"4,55 € / 1 U","4,55 €",PONETTE
Cuidado personal,Accesorios y complementos,Neceser Vive 1 U,"6,59 € / 1 U","6,59 €",PONETTE
Cuidado personal,Accesorios y complementos,Neceser Serena 1 U,"7,59 € / 1 U","7,59 €",PONETTE
Cuidado personal,Accesorios y complementos,Neceser de Viaje 1 U,"3,55 € / 1 U","3,55 €",PONETTE
Cuidado personal,Accesorios y complementos,Neceser A lo Loco 1 U,"4,55 € / 1 U","4,55 €",PONETTE
Cuidado personal,Accesorios y complementos,Esponjas Desmaquillantes 3 U,"0,66 € / 1 U","1,99 €",PONETTE
Cuidado personal,Accesorios y complementos,Sacapuntas 1 U,"2,55 € / 1 U","2,55 €",PONETTE
Cuidado personal,Accesorios y complementos,Triangulos Maquillaje Látex 4 Unidades 4 U,"0,63 € / 1 U","2,50 €",PONETTE
Cuidado personal,Accesorios y complementos,Esponja Blender 1 U,"2,99 € / 1 U","2,99 €",PONETTE
Cuidado personal,Accesorios y complementos,Brocha Maquillaje Mofeta MakeUp 1 U,"6,59 € / 1 U","6,59 €",PONETTE
Cuidado personal,Accesorios y complementos,Pincel Labios MakeUp 1 U,"4,99 € / 1 U","4,99 €",PONETTE
Cuidado personal,Accesorios y complementos,Pincel Sombras MakeUp 1 U,"4,99 € / 1 U","4,99 €",PONETTE
Cuidado personal,Accesorios y complementos,Pincel Dual Cejas y Pestañas MakeUp 1 U,"4,99 € / 1 U","4,99 €",PONETTE
Cuidado personal,Accesorios y complementos,Brocha Colorete MakeUp 1 U,"6,59 € / 1 U","6,59 €",PONETTE
Cuidado personal,Accesorios y complementos,Esponja Maquillaje Látex 2 U,"0,63 € / 1 U","1,25 €",PONETTE
Cuidado personal,Accesorios y complementos,Pulidor Uñas 4 Fases 1 U,"1,60 € / 1 U","1,60 €",PONETTE
Cuidado personal,Accesorios y complementos,Turbante Toalla Microfibra 1 U,"2,70 € / 1 U","2,70 €",PONETTE
Cuidado personal,Accesorios y complementos,Espejo 10 Aumentos 1 U,"2,99 € / 1 U","2,99 €",PONETTE
Cuidado personal,Accesorios y complementos,Esponja Flor 1 U,"0,85 € / 1 U","0,85 €",KYREY
Cuidado personal,Accesorios y complementos,Esponja Extrasuave Bebé 1 U,"0,90 € / 1 U","0,90 €",CONSUM KIDS
Cuidado personal,Accesorios y complementos,Esponja Rizo 2 U,"0,65 € / 1 U","1,30 €",KYREY
Cuidado personal,Accesorios y complementos,Guante Crin Exfoliante 1 U,"2,15 € / 1 U","2,15 €",KYREY
Cuidado personal,Accesorios y complementos,Manopla Rizo 1 U,"1,10 € / 1 U","1,10 €",KYREY
Cuidado personal,Accesorios y complementos,Esponja Suave HIpoalergénica 2 U,"0,65 € / 1 U","1,30 €",KYREY
Cuidado personal,Accesorios y complementos,Esponja Vegetal 1 U,"1,40 € / 1 U","1,40 €",KYREY
Cuidado personal,Accesorios y complementos,Cepillo Pelo 1 U,"3,45 € / 1 U","3,45 €",MARTINELIA
Cuidado personal,Accesorios y complementos,Esponja Vegetal Masaje 1 U,"1,99 € / 1 U","1,99 €",KYREY
Cuidado personal,Accesorios y complementos,Esponja de Baño Masaje-Exfoliante 2 U,"0,65 € / 1 U","1,30 €",KYREY
Cuidado personal,Parafarmacia,Champú Arbol de Té 400 ml,"0,71 € / 100 ml","3,55 €
2,85 €",ANIAN
Cuidado personal,Parafarmacia,Pasta Dental sin Flúor 75 ml,"7,20 € / 100 ml","5,40 €",PARODONTAX
Cuidado personal,Parafarmacia,Duplo Dentífrico Herbal Fresh 2 x 75 ml,"5,86 € / 100 ml","8,79 €",PARODONTAX
Cuidado personal,Parafarmacia,Duplo Dentífrico Herbal Original 2 x 75 ml,"5,86 € / 100 ml","8,79 €",PARODONTAX
Cuidado personal,Parafarmacia,Comprimidos Mujer 30 U,"0,40 € / 1 U","11,90 €",MULTICENTRUM
Cuidado personal,Parafarmacia,Comprimidos Adulto 30 U,"0,38 € / 1 U","11,50 €",MULTICENTRUM
Cuidado personal,Parafarmacia,Acondicionador Bifásico Arbol de Té 250 ml,"0,98 € / 100 ml","2,99 €
2,45 €",ANIAN
Cuidado personal,Parafarmacia,Colutorio Protección Completa 500 ml,"1,92 € / 100 ml","9,59 €",PARODONTAX
Cuidado personal,Parafarmacia,Gel Baño Urea. Piel Seca 750 ml,"0,53 € / 100 ml","3,99 €",NATTÚRU PHAR
Cuidado personal,Parafarmacia,Gel Baño Piel Sensible/Atópica 750 ml,"0,53 € / 100 ml","3,99 €",NATTÚRU PHAR
Cuidado personal,Parafarmacia,Gel Baño Dermatológico 1 L,"3,99 € / 1 L","3,99 €",NATTÚRU PHAR
Cuidado personal,Parafarmacia,Leche Corporal Piel Sensible/Atópica 400 ml,"1,00 € / 100 ml","3,99 €",NATTÚRU PHAR
Cuidado personal,Parafarmacia,Leche Corporal Piel Seca. Urea 400 ml,"1,00 € / 100 ml","3,99 €",NATTÚRU PHAR
Cuidado personal,Parafarmacia,Apósitos Clásicos 4 Tamaños 20 U,"0,05 € / 1 U","0,99 €",KYREY PHARMA
Cuidado personal,Parafarmacia,Apósitos Transparentes Tamaño Medios 20 U,"0,05 € / 1 U","0,95 €",KYREY PHARMA
Cuidado personal,Parafarmacia,Apósitos Clásicos Tamaño Medios 20 U,"0,06 € / 1 U","1,25 €",KYREY PHARMA
Cuidado personal,Parafarmacia,Apósitos Antiampollas Antirozaduras Invisibles 5 U,"0,60 € / 1 U","2,99 €",KYREY PHARMA
Cuidado personal,Parafarmacia,"Esparadrapo Algodón Color Piel 5m x 2,5cm 1 U","1,30 € / 1 U","1,30 €",KYREY PHARMA
Cuidado personal,Parafarmacia,"Esparadrapo Blanco Tejido sin tejer 5mx2,5cm 1 U","1,20 € / 1 U","1,20 €",KYREY PHARMA
Cuidado personal,Parafarmacia,Compresa Gasa Estéril 30x30 Centímetros 10 U,"0,11 € / 1 U","1,10 €",CONSUM
Cuidado personal,Parafarmacia,Tapones Antirruido de Espuma Suaves 4 U,"0,50 € / 1 U","1,99 €",KYREY PHARMA
Cuidado personal,Parafarmacia,Gel Higienizante Manos Hidro-Alcohólico 100 ml,"1,99 € / 100 ml","1,99 €",ANIAN
Cuidado personal,Parafarmacia,Cápsulas Melatonina 30 U,"0,13 € / 1 U","3,99 €",NATURTIERRA
Cuidado personal,Parafarmacia,Gasas no Tejidas Ojos y Manos 100 U,"0,02 € / 1 U","2,00 €",BEL BABY
Cuidado personal,Parafarmacia,Colutorio Bucal Gingi 500 ml,"1,89 € / 100 ml","9,45 €",LACER
Cuidado personal,Parafarmacia,Vaselina 100 Gr,"20,00 € / 1 Kg","2,00 €",SENTI-2
Cuidado personal,Parafarmacia,Apósitos Infantiles Tamaño Medios 20 U,"0,05 € / 1 U","0,99 €",CONSUM KIDS
Cuidado personal,Parafarmacia,Apósitos Antiagua 2 Tamaños 10 U,"0,13 € / 1 U","1,25 €",KYREY PHARMA
Cuidado personal,Parafarmacia,Cápsulas Laxnat 30 U,"0,14 € / 1 U","4,20 €",NATURTIERRA
Cuidado personal,Parafarmacia,Cápsulas L-Carnitina 60 U,"0,07 € / 1 U","4,20 €",NATURTIERRA
Cuidado personal,Parafarmacia,Cápsulas Lipo Burner 60 U,"0,08 € / 1 U","4,70 €",NATURTIERRA
Cuidado personal,Parafarmacia,Comprimidos Valeriana 80 U,"0,06 € / 1 U","4,60 €",NATURTIERRA
Cuidado personal,Parafarmacia,Cápsulas Ácido Hialurónico y Colágeno 30 U,"0,17 € / 1 U","4,99 €",NATURTIERRA
Cuidado personal,Parafarmacia,Cápsulas Garcini Gamboia 30 U,"0,16 € / 1 U","4,70 €",NATURTIERRA
Cuidado personal,Parafarmacia,Aceite del Árbol del Té 30 ml,"26,63 € / 100 ml","7,99 €",NATURAFEMME
Cuidado personal,Parafarmacia,Aerosol Repelente Insectos 100 ml,"8,99 € / 100 ml","8,99 €",AUTAN
Cuidado personal,Parafarmacia,Apósitos Alta Protección 4 U,"0,39 € / 1 U","1,55 €",PHARMADOCT
Cuidado personal,Parafarmacia,Jarabe Drenanat 250 ml,"2,32 € / 100 ml","5,80 €",NATURTIERRA
Cuidado personal,Parafarmacia,Tapones de Cera 8 U,"0,21 € / 1 U","1,65 €",PHARMADOCT
Cuidado personal,Parafarmacia,Comprimidos Alcachofa 80 Gr,"57,50 € / 1 Kg","4,60 €",NATURTIERRA
Cuidado personal,Parafarmacia,Cola Caballo Comprimidos 80 U,"0,06 € / 1 U","4,60 €",NATURTIERRA
Cuidado personal,Parafarmacia,Comprimidos Omega 3 80 U,"0,07 € / 1 U","5,30 €",NATURTIERRA
Cuidado personal,Parafarmacia,Cápsulas Multivitaminico 60 U,"0,07 € / 1 U","3,99 €",NATURTIERRA
Cuidado personal,Parafarmacia,Cápsulas Onagra 60 U,"0,09 € / 1 U","5,20 €",NATURTIERRA
Cuidado personal,Parafarmacia,Pastillas Efervescentes Multivitamina 20 U,"0,13 € / 1 U","2,55 €",VITA PULS
Cuidado personal,Parafarmacia,Comprimidos Arándono Rojo 30 U,"0,17 € / 1 U","4,99 €",NATURTIERRA
Cuidado personal,Parafarmacia,Comprimidos Chitosan 60 U,"0,08 € / 1 U","4,80 €",NATURTIERRA
Cuidado personal,Parafarmacia,Solución Única Fto Viaje para Lentes C.Blandas 60 ml,"6,17 € / 100 ml","3,70 €",SENTI-2
Cuidado personal,Parafarmacia,Termómetro Digital 1 U,"4,49 € / 1 U","4,49 €",PHARMADOCT
Cuidado personal,Parafarmacia,Spray Hielo 300 ml,"1,66 € / 100 ml","4,99 €",PHARMADOCT
Cuidado personal,Parafarmacia,Cápsulas Venonat 60 U,"0,08 € / 1 U","4,80 €",NATURTIERRA
Cuidado personal,Parafarmacia,"Cápsulas Piel, Pelo y Uñas 1 U","4,80 € / 1 U","4,80 €",NATURTIERRA
Cuidado personal,Parafarmacia,Cápsulas Omega 3-6-7-9 45 U,"0,11 € / 1 U","4,99 €",NATURTIERRA
Cuidado personal,Parafarmacia,Lubricante Play Fresa 50 ml,"21,30 € / 100 ml","10,65 €",DUREX
Cuidado personal,Parafarmacia,Cápsulas Vigoranat Maca 30 U,"0,20 € / 1 U","5,99 €",NATURTIERRA
Cuidado personal,Parafarmacia,Tiras Nasales 10 U,"0,32 € / 1 U","3,15 €",PHARMADOCT
Cuidado personal,Parafarmacia,Roll On Arnica 1 U,"3,95 € / 1 U","3,95 €",TOPETO
Cuidado personal,Parafarmacia,Bálsamo Oriental 30 Gr,"9,97 € / 100 Gr","2,99 €",TECSANIA
Cuidado personal,Parafarmacia,Ajo Negro Envejecido 20 U,"0,30 € / 1 U","5,99 €",NATURTIERRA
Cuidado personal,Parafarmacia,Triptófano 30 U,"0,20 € / 1 U","5,99 €",NATURTIERRA
Cuidado personal,Parafarmacia,Colutorio Bucal 500 ml,"1,70 € / 100 ml","8,49 €",LACER
Cuidado personal,Parafarmacia,Colutorio Bucal Oro 500 ml,"2,10 € / 100 ml","10,49 €",LACER
Cuidado personal,Parafarmacia,Colutorio Rojo 400 ml,"2,00 € / 100 ml","7,99 €",ORALDINE
Cuidado personal,Parafarmacia,Gel de Baño PH5 1000 ml,"2,00 € / 100 ml","19,95 €",EUCERIN
Cuidado personal,Parafarmacia,Loción Corporal PH5 400 ml,"4,49 € / 100 ml","17,95 €",EUCERIN
Cuidado personal,Parafarmacia,Anti-Estrías 60 ml,"14,98 € / 100 ml","8,99 €",BIO OIL
Cuidado personal,Parafarmacia,Gotas Humectantes Hidratan y Refrescan 10 ml,"74,00 € / 100 ml","7,40 €",SENTI-2
Cuidado personal,Parafarmacia,Pasta Dental Duplo 2 x 125 ml,"4,20 € / 100 ml","10,49 €",LACER
Cuidado personal,Parafarmacia,Vaselina 20 Gr,"2,20 € / 1 U","2,20 €",SENTI-2
Cuidado personal,Parafarmacia,Duplo Pasta Bifluore 2 x 125 ml,"3,80 € / 100 ml","9,50 €",FLUOCARIL
Cuidado personal,Parafarmacia,Oleogel Ducha 400 ml,"3,75 € / 100 ml","14,99 €",EUCERIN
Cuidado personal,Parafarmacia,Pack Gel Dermatológico,"0,41 € / 100 ml","8,25 €",INIBSA
Cuidado personal,Parafarmacia,Roll On Emulsión Calmante Post-Picadura 1 U,"4,50 € / 1 U","4,50 €",SALUSTAR
Cuidado personal,Parafarmacia,Tira Adhesiva tejido elástico 4 U,"0,41 € / 1 U","1,65 €",PHARMADOCT
Cuidado personal,Parafarmacia,Venda Elástica Adhesiva 1 U,"2,15 € / 1 U","2,15 €",PHARMADOCT
Cuidado personal,Parafarmacia,Solución Única Más Portalentes 1 U,"1,11 € / 100 ml","4,00 €",SENTI-2
Cuidado personal,Parafarmacia,Spray Nasal Agua de Mar 100 ml,"6,99 € / 100 ml","6,99 €",SENTI-2
Cuidado personal,Parafarmacia,Soluble Colágeno más Acido Hilaurónico 250 Gr,"25,60 € / 1 Kg","6,40 €",NATURTIERRA
Cuidado personal,Parafarmacia,Pastillas Efervescentes Activ 20 U,"0,13 € / 1 U","2,55 €",VITA PULS
Cuidado personal,Parafarmacia,Preservativos Natural 12 U,"0,24 € / 1 U","2,93 €",HAPPYSEX
Cuidado personal,Parafarmacia,Preservativos Sensible 12 U,"0,26 € / 1 U","3,17 €",HAPPYSEX
Cuidado personal,Parafarmacia,Pastillas Vitamina C efervescentes 500 Gr,"3,90 € / 1 Kg","1,95 €",SUPER VIT C
Cuidado personal,Parafarmacia,Batido Proteina Plus 300 Gr,"25,00 € / 1 Kg","7,50 €",NATURTIERRA
Cuidado personal,Parafarmacia,Cápsulas Ginkgo 80 comprimidos 1 U,"4,60 € / 1 U","4,60 €",NATURTIERRA
Cuidado personal,Parafarmacia,Colágeno con magnesio 180 U,"0,04 € / 1 U","6,99 €",NATURTIERRA
Cuidado personal,Parafarmacia,Lubricante Naturals H20 100% ingredientes naturales 100 ml,"13,95 € / 100 ml","13,95 €",DUREX
Cuidado personal,Parafarmacia,Cápsulas Magnesio más Vitaminas 90 U,"0,06 € / 1 U","4,99 €",NATURTIERRA
Cuidado personal,Parafarmacia,Cápsulas Hierro más Vitaminas más Ácido 30 U,"0,13 € / 1 U","3,99 €",NATURTIERRA
Cuidado personal,Parafarmacia,Cápsulas Jengibre 20 U,"0,25 € / 1 U","4,99 €",NATURTIERRA
Cuidado personal,Parafarmacia,"Calcio, Magnesio y Vitaminas D3 45 U","0,10 € / 1 U","4,30 €",NATURTIERRA
Cuidado personal,Parafarmacia,Cápsulas Arti-huesos 1 U,"4,30 € / 1 U","4,30 €",NATURTIERRA
Cuidado personal,Parafarmacia,Gafas Lectura E2 1.5 Dioptrías 1 U,"13,50 € / 1 U","13,50 €",FARMAMED
Cuidado personal,Parafarmacia,Gafas Lectura E2 2 Dioptrías 1 U,"13,50 € / 1 U","13,50 €",FARMAMED
Cuidado personal,Parafarmacia,Gafas Lectura E2 2.5 Dioptrías 1 U,"13,50 € / 1 U","13,50 €",FARMAMED
Cuidado personal,Parafarmacia,Gafas Lectura E2 3 Dioptrias 1 U,"13,50 € / 1 U","13,50 €",FARMAMED
Cuidado personal,Parafarmacia,Apósitos Piel Sensible Surtido 20 U,"0,06 € / 1 U","1,25 €",PHARMADOCT
Cuidado personal,Parafarmacia,Pasta Dental Bío 75 ml,"4,39 € / 100 ml","3,29 €",DEENTHAL PRO
Cuidado personal,Parafarmacia,Pastillas Efervescentes Magnesio 320 ml,"0,61 € / 100 ml","1,95 €",VITA FIZZ
Cuidado personal,Parafarmacia,Cápsulas Vitamina C 1000 Gr,"39,90 € / 1 Kg","3,99 €",NATURTIERRA
Cuidado personal,Parafarmacia,Profilácticos Mutual Climax 12 U,"1,16 € / 1 U","13,95 €",DUREX
Cuidado personal,Parafarmacia,Profilácticos Real Feel 12 U,"1,16 € / 1 U","13,95 €",DUREX
Cuidado personal,Parafarmacia,Profilácticos Placer Prolongado 12 U,"1,16 € / 1 U","13,95 €",DUREX
Cuidado personal,Parafarmacia,Profilácticos Sensitive Contacto Total 12 U,"0,91 € / 1 U","10,95 €",DUREX
Cuidado personal,Parafarmacia,Profilácticos Sensitive Suave 12 U,"0,67 € / 1 U","8,00 €",DUREX
Cuidado personal,Parafarmacia,Profilácticos Dame Placer 12 U,"0,67 € / 1 U","8,00 €",DUREX
Cuidado personal,Parafarmacia,Profilácticos Natural Confort 12 U,"0,58 € / 1 U","7,00 €",DUREX
Cuidado personal,Parafarmacia,Mascarilla Higiénica Desechable 5 U,"0,20 € / 1 U","0,99 €",
Cuidado personal,Parafarmacia,Hidroalcohólico 300 ml,"1,00 € / 100 ml","2,99 €",ANIAN
Cuidado personal,Parafarmacia,Vitamina b12 30 U,"0,14 € / 1 U","4,10 €",NATURTIERRA
Cuidado personal,Parafarmacia,Vitamina d3 30 U,"0,14 € / 1 U","4,10 €",NATURTIERRA
Cuidado personal,Parafarmacia,Cápsulas Naturflora 16 U,"0,42 € / 1 U","6,30 €",NATURTIERRA
Cuidado personal,Parafarmacia,Cápsulas Detox 30 U,"0,17 € / 1 U","4,99 €",NATURTIERRA
Cuidado personal,Parafarmacia,Profiláctico Invisible Extra Lubricado 12 U,"1,16 € / 1 U","13,95 €",DUREX
Cuidado personal,Parafarmacia,Cápsulas Memory 40 U,"0,12 € / 1 U","4,70 €",NATURTIERRA
Cuidado personal,Parafarmacia,Lubricante Extra Sensitiv Naturals 100 ml,"14,95 € / 100 ml","14,95 €",DUREX
Cuidado personal,Parafarmacia,Crema Corporal Calma's 400 ml,"1,16 € / 100 ml","4,65 €",EUDERMIN
Cuidado personal,Parafarmacia,Talco Corporal Calma's 75 Gr,"48,00 € / 1 Kg","3,60 €",EUDERMIN
Cuidado personal,Parafarmacia,Mascarilla Pies Ultra Hidratante 1 U,"2,95 € / 1 U","2,95 €",LOUA
Cuidado personal,Parafarmacia,Cápsulas Vientre Plano 30 U,"0,15 € / 1 U","4,60 €",NATURTIERRA
Cuidado personal,Parafarmacia,Cápsulas Visión 30 U,"0,15 € / 1 U","4,60 €",NATURTIERRA
Cuidado personal,Parafarmacia,Cápsulas Cardo Mariano 80 U,"0,05 € / 1 U","3,99 €",NATURTIERRA
Cuidado personal,Parafarmacia,Cápsulas Colesterol 30 U,"0,20 € / 1 U","5,99 €",NATURTIERRA
Cuidado personal,Parafarmacia,Alcohol De Cannabis Spray 125 ml,"1,59 € / 100 ml","1,99 €",BIOGLOW
Cuidado personal,Parafarmacia,Alcohol 96º 250 ml,"0,30 € / 100 ml","0,75 €",KYREY PHARMA
Cuidado personal,Parafarmacia,Agua Oxigenada 250 ml,"0,26 € / 100 ml","0,65 €",KYREY PHARMA
Cuidado personal,Parafarmacia,Gummies Multivitaminas 36 U,"0,17 € / 1 U","6,25 €",VITALDIN
Cuidado personal,Parafarmacia,Gummies Melatonina 35 U,"0,18 € / 1 U","6,25 €",VITALDIN
Cuidado personal,Parafarmacia,Gummies Biotina+Colágeno 30 U,"0,21 € / 1 U","6,25 €",VITALDIN
Cuidado personal,Parafarmacia,Alcohol De Romero 250 ml,"0,80 € / 100 ml","2,00 €",KYREY PHARMA
Cuidado personal,Parafarmacia,Lubricante Íntimo Fruta De La Pasión 100 ml,"6,99 € / 100 ml","6,99 €",HAPPYSEX
Cuidado personal,Parafarmacia,Lubricante Íntimo Aloe Vera 100 ml,"6,99 € / 100 ml","6,99 €",HAPPYSEX
Cuidado personal,Parafarmacia,Preservativos Sensitive 6 U,"0,32 € / 1 U","1,89 €",HAPPYSEX
Cuidado personal,Parafarmacia,Preservativos Estimulantes 12 U,"0,28 € / 1 U","3,31 €",HAPPYSEX
Cuidado personal,Parafarmacia,Spray Bucal Propóleo 20 ml,"18,00 € / 100 ml","3,60 €",NATURTIERRA
Cuidado personal,Parafarmacia,Algodón Sanitario 100 Gr,"9,50 € / 1 Kg","0,95 €",KYREY
Cuidado personal,Parafarmacia,Vaselina Labios Fresa Tarro 1 U,"1,99 € / 1 U","1,99 €",SENTI-2
Cuidado personal,Parafarmacia,Gummies Energy Frasco 36 U,"0,17 € / 1 U","6,25 €",VITALDIN
Cuidado personal,Parafarmacia,Polvos De Talco Soft & Care 200 Gr,"8,25 € / 1 Kg","1,65 €",LEA
Cuidado personal,Parafarmacia,Crema Multipropósito 20 Gr,"11,00 € / 100 Gr","2,20 €",HIMALAYA
Cuidado personal,Parafarmacia,Gel Rumalaya 50 ml,"11,98 € / 100 ml","5,99 €",HIMALAYA
Cuidado personal,Parafarmacia,Pasta Junior Fresa Fluor + Calcio Tubo 75 ml,"6,12 € / 100 ml","4,59 €",LACER
Cuidado personal,Parafarmacia,Pasta Sensibilidad Dental Tubo 125 ml,"6,24 € / 100 ml","7,80 €",LACER
Cuidado personal,Parafarmacia,Pasta Encías Delicadas Duplo 250 ml,"4,78 € / 100 ml","11,95 €",LACER
Cuidado personal,Parafarmacia,Pasta Triple Acción Duplo 250 ml,"5,40 € / 100 ml","13,50 €",LACER
Cuidado personal,Parafarmacia,Clorhexidina Lacer Botella 500 ml,"1,90 € / 100 ml","9,49 €",LACER
Cuidado personal,Parafarmacia,Lubricante Naturals Hidratante 100 ml,"14,95 € / 100 ml","14,95 €",DUREX
Cuidado personal,Parafarmacia,Cápsulas Sueños Cannabis 30 U,"0,20 € / 1 U","5,99 €",NATURTIERRA
Cuidado personal,Parafarmacia,Cápsulas Articular Cannabis 30 U,"0,20 € / 1 U","5,99 €",NATURTIERRA
Cuidado personal,Parafarmacia,Cápsulas Equinácea 60 U,"0,08 € / 1 U","4,99 €",NATURTIERRA
Cuidado personal,Parafarmacia,Cápsulas Coenzima Q10 30 U,"0,20 € / 1 U","5,99 €",NATURTIERRA
Cuidado personal,Parafarmacia,Povidona Yodada 125 ml,"1,52 € / 100 ml","1,90 €",CUIDAPLUS
Cuidado personal,Parafarmacia,Spray Isotónico 125 ml,"5,59 € / 100 ml","6,99 €",CARE FOR YOU
Cuidado personal,Parafarmacia,Spray Oídos 125 ml,"4,79 € / 100 ml","5,99 €",CARE FOR YOU
Cuidado personal,Parafarmacia,Spray Baby 100 ml,"5,99 € / 100 ml","5,99 €",CARE FOR YOU
Cuidado personal,Parafarmacia,Spray Hipertónico 125 ml,"5,19 € / 100 ml","6,49 €",CARE FOR YOU
Cuidado personal,Parafarmacia,Clorhexidina Spray Desinfectante 100 ml,"2,99 € / 100 ml","2,99 €",CUIDAPLUS
Cuidado personal,Parafarmacia,Spray Fungicida Hongos-Bacterias 100 ml,"3,80 € / 100 ml","3,80 €",CUIDAPLUS
Mascotas,Comida para gatos,"Comida Gatos Esterilizados 1,5 Kg","4,63 € / 1 Kg","6,95 €",BREKKIES
Mascotas,Comida para gatos,"Comida Seca Gatos Esterilizados Salmon 1,5 Kg","7,00 € / 1 Kg","10,50 €",ULTIMA
Mascotas,Comida para gatos,Comida Húmeda Gato Salmón - Zanahoria 4 x 85 Gr,"9,68 € / 1 Kg","3,29 €",ONE
Mascotas,Comida para gatos,Comida Húmeda Gato Salmón-Pavo 4 x 85 Gr,"9,68 € / 1 Kg","3,29 €",ONE
Mascotas,Comida para gatos,"Comida Seca Pollo Gatos Esterilizados 1,5 Kg","7,00 € / 1 Kg","10,50 €",ULTIMA
Mascotas,Comida para gatos,"Comida Seca Gatos Esterilizados Bifensis 1,5 Kg","6,79 € / 1 Kg","10,19 €",ONE
Mascotas,Comida para gatos,"Comida Seca Gatos Esterilizados Delicados 1,5 Kg","6,57 € / 1 Kg","9,85 €",ONE
Mascotas,Comida para gatos,Stick para Gatos Sabor Salmón 10 U,"0,11 € / 1 U","1,20 €
1,05 €",VITALITY
Mascotas,Comida para gatos,Comida Húmeda Gatos Gourmet Gold Pollo 85 Gr,"10,00 € / 1 Kg","0,85 €",GOURMET
Mascotas,Comida para gatos,Comida Húmeda Gatos Gourmet Gold Pescado 85 Gr,"10,00 € / 1 Kg","0,85 €",GOURMET
Mascotas,Comida para gatos,Comida Húmeda Gatos Mousse Gourmet Gold 8 x 85 Gr,"9,04 € / 1 Kg","6,15 €",GOURMET
Mascotas,Comida para gatos,Comida Seca Gatos Senior Esterilizados 800 Gr,"7,44 € / 1 Kg","5,95 €",ULTIMA
Mascotas,Comida para gatos,Snacks para Gatos Catisfaction sabor Salmón 60 Gr,"33,17 € / 1 Kg","1,99 €",MARS
Mascotas,Comida para gatos,Comida Seca Gatos Junior 400 Gr,"7,38 € / 1 Kg","2,95 €",ULTIMA
Mascotas,Comida para gatos,"Comida Seca Gatos Esterilizados y Hairball 1,5 Kg","7,00 € / 1 Kg","10,50 €",ULTIMA
Mascotas,Comida para gatos,Comida Húmeda Gatos Gourmet Perle Buey Sobr 4 x 85 Gr,"9,82 € / 1 Kg","3,34 €",GOURMET
Mascotas,Comida para gatos,"Comida Seca Gatos Ultima de Pollo 1,5 Kg","6,63 € / 1 Kg","9,95 €",ULTIMA
Mascotas,Comida para gatos,Snacks para Gatos Felix Party Mix Original 60 Gr,"30,83 € / 1 Kg","1,85 €",FELIX
Mascotas,Comida para gatos,Comida Seca Gatos Esterilizados Buey 800 Gr,"7,44 € / 1 Kg","5,95 €",ULTIMA
Mascotas,Comida para gatos,Comida Seca Gatos One Junior Bifensis 450 Gr,"6,78 € / 1 Kg","3,05 €",ONE
