product~product_type~product_volume~product_price_per_unit~product_price~product_unit~product_category~product_subcategory~product_url~product_code~collected_timestamp
Aceite de oliva 0,4º Hacendado~Garrafa~5 L~| 4,726 €/L~23.63~/ud.~Aceite, especias y salsas >~Aceite, vinagre y sal~https://tienda.mercadona.es/product/4241/aceite-oliva-04o-hacendado-garrafa~4241~2023-03-11 21:46:34.649336
Aceite de oliva 0,4º Hacendado~Botella~1 L~| 4,77 €/L~4.77~/ud.~Aceite, especias y salsas >~Aceite, vinagre y sal~https://tienda.mercadona.es/product/4240/aceite-oliva-04o-hacendado-botella~4240~2023-03-11 21:46:35.305827
Aceite de oliva virgen extra Hacendado~Garrafa~3 L~| 5,584 €/L~16.75~/ud.~Aceite, especias y salsas >~Aceite, vinagre y sal~https://tienda.mercadona.es/product/4717/aceite-oliva-virgen-extra-hacendado-garrafa~4717~2023-03-11 21:46:35.818152
Aceite de oliva virgen extra Hacendado~Botella~1 L~| 5,63 €/L~5.63~/ud.~Aceite, especias y salsas >~Aceite, vinagre y sal~https://tienda.mercadona.es/product/4740/aceite-oliva-virgen-extra-hacendado-botella~4740~2023-03-11 21:46:36.352894
Aceite de oliva virgen extra Hacendado Gran Selección~Botella~750 ml~| 6,814 €/L~5.11~/ud.~Aceite, especias y salsas >~Aceite, vinagre y sal~https://tienda.mercadona.es/product/4706/aceite-oliva-virgen-extra-hacendado-gran-seleccion-botella~4706~2023-03-11 21:46:36.951563
Aceite de oliva 1º Hacendado~Garrafa~5 L~| 4,726 €/L~23.63~/ud.~Aceite, especias y salsas >~Aceite, vinagre y sal~https://tienda.mercadona.es/product/4641/aceite-oliva-1o-hacendado-garrafa~4641~2023-03-11 21:46:37.510826
Aceite de oliva 1º Hacendado~Botella~1 L~| 4,77 €/L~4.77~/ud.~Aceite, especias y salsas >~Aceite, vinagre y sal~https://tienda.mercadona.es/product/4640/aceite-oliva-1o-hacendado-botella~4640~2023-03-11 21:46:38.104157
Aceite de oliva virgen Hacendado~Garrafa~3 L~| 5,06 €/L~15.18~/ud.~Aceite, especias y salsas >~Aceite, vinagre y sal~https://tienda.mercadona.es/product/4711/aceite-oliva-virgen-hacendado-garrafa~4711~2023-03-11 21:46:38.713504
Aceite de oliva virgen Hacendado~Botella~1 L~| 5,20 €/L~5.2~/ud.~Aceite, especias y salsas >~Aceite, vinagre y sal~https://tienda.mercadona.es/product/4749/aceite-oliva-virgen-hacendado-botella~4749~2023-03-11 21:46:39.330866
Aceite de oliva virgen extra Hacendado~Spray~200 ml~| 11,70 €/L~2.34~/ud.~Aceite, especias y salsas >~Aceite, vinagre y sal~https://tienda.mercadona.es/product/4718/aceite-oliva-virgen-extra-hacendado-spray~4718~2023-03-11 21:46:39.885076
Aceite de oliva virgen extra Picual Casa Juncal~Botella~500 ml~| 9,36 €/L~4.68~/ud.~Aceite, especias y salsas >~Aceite, vinagre y sal~https://tienda.mercadona.es/product/4850/aceite-oliva-virgen-extra-picual-casa-juncal-botella~4850~2023-03-11 21:46:40.517568
Aceite de girasol refinado 0,2º Hacendado~Garrafa~5 L~| 1,79 €/L~8.95~/ud.~Aceite, especias y salsas >~Aceite, vinagre y sal~https://tienda.mercadona.es/product/4047/aceite-girasol-refinado-02o-hacendado-garrafa~4047~2023-03-11 21:46:41.080870
Aceite de girasol refinado 0,2º Hacendado~Botella~1 L~| 1,95 €/L~1.95~/ud.~Aceite, especias y salsas >~Aceite, vinagre y sal~https://tienda.mercadona.es/product/4046/aceite-girasol-refinado-02o-hacendado-botella~4046~2023-03-11 21:46:41.641607
Aceite de coco virgen Hacendado~Bote~450 ml~| 10,00 €/L~4.5~/ud.~Aceite, especias y salsas >~Aceite, vinagre y sal~https://tienda.mercadona.es/product/4193/aceite-coco-virgen-hacendado-bote~4193~2023-03-11 21:46:42.254109
Vinagre de vino blanco Hacendado~Botella~1 L~| 0,65 €/L~0.65~/ud.~Aceite, especias y salsas >~Aceite, vinagre y sal~https://tienda.mercadona.es/product/4940/vinagre-vino-blanco-hacendado-botella~4940~2023-03-11 21:46:42.840232
Vinagre balsámico de Módena Hacendado~Botella~250 ml~| 5,20 €/L~1.3~/ud.~Aceite, especias y salsas >~Aceite, vinagre y sal~https://tienda.mercadona.es/product/4954/vinagre-balsamico-modena-hacendado-botella~4954~2023-03-11 21:46:43.470661
Vinagre de manzana Hacendado~Botella~1 L~| 0,82 €/L~0.82~/ud.~Aceite, especias y salsas >~Aceite, vinagre y sal~https://tienda.mercadona.es/product/4957/vinagre-manzana-hacendado-botella~4957~2023-03-11 21:46:44.072901
Limón exprimido Hacendado~Botella~280 ml~| 3,393 €/L~0.95~/ud.~Aceite, especias y salsas >~Aceite, vinagre y sal~https://tienda.mercadona.es/product/4903/limon-exprimido-hacendado-botella~4903~2023-03-11 21:46:44.701099
Crema de vinagre balsámico de Módena Hacendado~Botella~250 g~| 7,20 €/kg~1.8~/ud.~Aceite, especias y salsas >~Aceite, vinagre y sal~https://tienda.mercadona.es/product/4908/crema-vinagre-balsamico-modena-hacendado-botella~4908~2023-03-11 21:46:45.295110
Vinagre de Jerez reserva Hacendado~Botella~250 ml~| 7,20 €/L~1.8~/ud.~Aceite, especias y salsas >~Aceite, vinagre y sal~https://tienda.mercadona.es/product/13609/vinagre-jerez-reserva-hacendado-botella~13609~2023-03-11 21:46:45.907500
Bebida aromatizada a base de vino para cocinar Abuela Carola~Botella~750 ml~| 3,00 €/L~2.25~/ud.~Aceite, especias y salsas >~Aceite, vinagre y sal~https://tienda.mercadona.es/product/66905/bebida-aromatizada-base-vino-cocinar-abuela-carola-botella~66905~2023-03-11 21:46:46.540548
Vinagre de vino tinto Hacendado~Botella~1 L~| 0,95 €/L~0.95~/ud.~Aceite, especias y salsas >~Aceite, vinagre y sal~https://tienda.mercadona.es/product/15843/vinagre-vino-tinto-hacendado-botella~15843~2023-03-11 21:46:47.158086
Reducción de vinagre Pedro Ximénez Hacendado~Botella~300 g~| 7,50 €/kg~2.25~/ud.~Aceite, especias y salsas >~Aceite, vinagre y sal~https://tienda.mercadona.es/product/4905/reduccion-vinagre-pedro-ximenez-hacendado-botella~4905~2023-03-11 21:46:47.775615
Aceite de oliva, vinagre y sal Merry 5 monodosis 10 ml aceite de oliva virgen extra, 5 monodosis 10 ml vinagre de jerez y 5 monodosis 1 gr sal~15 monodosis x 10 ml~| 20,00 €/L~Not available~2.0~/pack~Aceite, especias y salsas >~Aceite, vinagre y sal~https://tienda.mercadona.es/product/4962/aceite-oliva-vinagre-sal-merry-5-monodosis-10-ml-aceite-oliva-virgen-extra-5-monodosis-10-ml-vinagre-jerez-5-monodosis-1-gr-sal-paquete~4962~2023-03-11 21:46:48.409186
Crema de vinagre balsámico de manzana Hacendado~Botella~250 g~| 10,80 €/kg~2.7~/ud.~Aceite, especias y salsas >~Aceite, vinagre y sal~https://tienda.mercadona.es/product/4965/crema-vinagre-balsamico-manzana-hacendado-botella~4965~2023-03-11 21:46:49.069969
Aliño viandox Knorr~Botella~160 ml~| 15,25 €/L~3.05~/ud.~Aceite, especias y salsas >~Aceite, vinagre y sal~https://tienda.mercadona.es/product/7104/alino-viandox-knorr-botella~7104~2023-03-11 21:46:49.726769
Sal fina Hacendado~Paquete~1 kg~| 0,30 €/kg~0.3~/ud.~Aceite, especias y salsas >~Aceite, vinagre y sal~https://tienda.mercadona.es/product/19731/sal-fina-hacendado-paquete~19731~2023-03-11 21:46:50.310117
Sal fina de mesa Hacendado~Bote~250 g~| 2,00 €/kg~0.5~/ud.~Aceite, especias y salsas >~Aceite, vinagre y sal~https://tienda.mercadona.es/product/19715/sal-fina-mesa-hacendado-bote~19715~2023-03-11 21:46:50.962605
Sal yodada fina Hacendado~Paquete~1 kg~| 0,30 €/kg~0.3~/ud.~Aceite, especias y salsas >~Aceite, vinagre y sal~https://tienda.mercadona.es/product/19732/sal-yodada-fina-hacendado-paquete~19732~2023-03-11 21:46:51.570657
Sal gruesa Hacendado~Paquete~1 kg~| 0,30 €/kg~0.3~/ud.~Aceite, especias y salsas >~Aceite, vinagre y sal~https://tienda.mercadona.es/product/19733/sal-gruesa-hacendado-paquete~19733~2023-03-11 21:46:52.175706
Bicarbonato sódico Hacendado~Paquete~1 kg~| 1,50 €/kg~1.5~/ud.~Aceite, especias y salsas >~Aceite, vinagre y sal~https://tienda.mercadona.es/product/29007/bicarbonato-sodico-hacendado-paquete~29007~2023-03-11 21:46:52.843141
Bicarbonato sódico Hacendado~Bote~300 g~| 3,667 €/kg~1.1~/ud.~Aceite, especias y salsas >~Aceite, vinagre y sal~https://tienda.mercadona.es/product/29006/bicarbonato-sodico-hacendado-bote~29006~2023-03-11 21:46:53.503751
Sal marina en escamas Polasal~Bote~125 g~| 15,60 €/kg~1.95~/ud.~Aceite, especias y salsas >~Aceite, vinagre y sal~https://tienda.mercadona.es/product/19740/sal-marina-escamas-polasal-bote~19740~2023-03-11 21:46:54.125388
Sal gruesa para hornear Hacendado~Paquete~2 kg~| 0,475 €/kg~0.95~/ud.~Aceite, especias y salsas >~Aceite, vinagre y sal~https://tienda.mercadona.es/product/19734/sal-gruesa-hornear-hacendado-paquete~19734~2023-03-11 21:46:54.809357
Sal de ajo Hacendado~Bote~130 g~| 13,462 €/kg~1.75~/ud.~Aceite, especias y salsas >~Aceite, vinagre y sal~https://tienda.mercadona.es/product/34130/sal-ajo-hacendado-bote~34130~2023-03-11 21:46:55.473673
Sal de frutas sabor limón Hacendado~Bote~250 g~| 8,00 €/kg~2.0~/ud.~Aceite, especias y salsas >~Aceite, vinagre y sal~https://tienda.mercadona.es/product/29016/sal-frutas-sabor-limon-hacendado-bote~29016~2023-03-11 21:46:56.137469
Sal 60% menos de sodio Hacendado~Bote~250 g~| 8,40 €/kg~2.1~/ud.~Aceite, especias y salsas >~Aceite, vinagre y sal~https://tienda.mercadona.es/product/19713/sal-60-menos-sodio-hacendado-bote~19713~2023-03-11 21:46:56.819358
Preparado para salmón ahumado Hacendado~Bote~750 g~| 4,40 €/kg~3.3~/ud.~Aceite, especias y salsas >~Aceite, vinagre y sal~https://tienda.mercadona.es/product/19726/preparado-salmon-ahumado-hacendado-bote~19726~2023-03-11 21:46:57.468658
Sal rosa del Himalaya Hacendado~Bote~250 g~| 7,20 €/kg~1.8~/ud.~Aceite, especias y salsas >~Aceite, vinagre y sal~https://tienda.mercadona.es/product/19701/sal-rosa-himalaya-hacendado-bote~19701~2023-03-11 21:46:58.166929
Orégano Hacendado~Bote~18 g~| 3,612 €/100 g~0.65~/ud.~Aceite, especias y salsas >~Especias~https://tienda.mercadona.es/product/34180/oregano-hacendado-bote~34180~2023-03-11 21:59:00.626684
Perejil Hacendado~Bote~14 g~| 5,358 €/100 g~0.75~/ud.~Aceite, especias y salsas >~Especias~https://tienda.mercadona.es/product/22843/perejil-hacendado-bote~22843~2023-03-11 21:59:01.308590
Hoja de laurel Hacendado~Paquete~12 g~| 6,667 €/100 g~0.8~/ud.~Aceite, especias y salsas >~Especias~https://tienda.mercadona.es/product/19431/hoja-laurel-hacendado-paquete~19431~2023-03-11 21:59:01.828491
Hierbas provenzales Hacendado~Bote~25 g~| 4,40 €/100 g~1.1~/ud.~Aceite, especias y salsas >~Especias~https://tienda.mercadona.es/product/34131/hierbas-provenzales-hacendado-bote~34131~2023-03-11 21:59:02.417760
Albahaca Hacendado~Bote~20 g~| 6,25 €/100 g~1.25~/ud.~Aceite, especias y salsas >~Especias~https://tienda.mercadona.es/product/34128/albahaca-hacendado-bote~34128~2023-03-11 21:59:02.963067
Romero Hacendado~Bote~40 g~| 3,25 €/100 g~1.3~/ud.~Aceite, especias y salsas >~Especias~https://tienda.mercadona.es/product/34175/romero-hacendado-bote~34175~2023-03-11 21:59:03.512664
Tomillo Hacendado~Bote~28 g~| 3,75 €/100 g~1.05~/ud.~Aceite, especias y salsas >~Especias~https://tienda.mercadona.es/product/34174/tomillo-hacendado-bote~34174~2023-03-11 21:59:04.052433
Eneldo hojas Hacendado~Bote~22 g~| 8,41 €/100 g~1.85~/ud.~Aceite, especias y salsas >~Especias~https://tienda.mercadona.es/product/34136/eneldo-hojas-hacendado-bote~34136~2023-03-11 21:59:04.588501
Cilantro Hacendado~Bote~12 g~| 15,417 €/100 g~1.85~/ud.~Aceite, especias y salsas >~Especias~https://tienda.mercadona.es/product/34721/cilantro-hacendado-bote~34721~2023-03-11 21:59:05.171138
Ajo y Perejil Hacendado~Bote~74 g~| 17,568 €/kg~1.3~/ud.~Aceite, especias y salsas >~Especias~https://tienda.mercadona.es/product/60873/ajo-perejil-hacendado-bote~60873~2023-03-11 21:59:05.740846
Colorante alimentario Hacendado~Bote~85 g~| 10,00 €/kg~0.85~/ud.~Aceite, especias y salsas >~Especias~https://tienda.mercadona.es/product/34182/colorante-alimentario-hacendado-bote~34182~2023-03-11 21:59:06.311391
Pimentón dulce Hacendado~Bote~56 g~| 16,072 €/kg~0.9~/ud.~Aceite, especias y salsas >~Especias~https://tienda.mercadona.es/product/34184/pimenton-dulce-hacendado-bote~34184~2023-03-11 21:59:06.954895
Pimentón dulce Hacendado~Bote~75 g~| 18,667 €/kg~1.4~/ud.~Aceite, especias y salsas >~Especias~https://tienda.mercadona.es/product/34186/pimenton-dulce-hacendado-bote~34186~2023-03-11 21:59:07.559659
Pimentón dulce de la Vera Hacendado~Bote~75 g~| 20,667 €/kg~1.55~/ud.~Aceite, especias y salsas >~Especias~https://tienda.mercadona.es/product/34102/pimenton-dulce-vera-hacendado-bote~34102~2023-03-11 21:59:08.259164
Azafrán molido Hacendado~Paquete~4 sobres (0,4 g)~| 437,50 €/100 g~1.75~/ud.~Aceite, especias y salsas >~Especias~https://tienda.mercadona.es/product/34116/azafran-molido-hacendado-paquete~34116~2023-03-11 21:59:08.859513
Azafrán hebra Hacendado~Paquete~3 usos (0,38 g)~| 459,46 €/100 g~1.7~/ud.~Aceite, especias y salsas >~Especias~https://tienda.mercadona.es/product/34115/azafran-hebra-hacendado-paquete~34115~2023-03-11 21:59:09.417937
Pimentón picante Hacendado~Bote~60 g~| 22,50 €/kg~1.35~/ud.~Aceite, especias y salsas >~Especias~https://tienda.mercadona.es/product/34183/pimenton-picante-hacendado-bote~34183~2023-03-11 21:59:09.994719
Pimienta negra molida Hacendado~Bote~70 g~| 14,286 €/kg~1.0~/ud.~Aceite, especias y salsas >~Especias~https://tienda.mercadona.es/product/34171/pimienta-negra-molida-hacendado-bote~34171~2023-03-11 21:59:10.616826
Molinillo pimienta negra Hacendado~Bote~65 g~| 25,385 €/kg~1.65~/ud.~Aceite, especias y salsas >~Especias~https://tienda.mercadona.es/product/67693/molinillo-pimienta-negra-hacendado-bote~67693~2023-03-11 21:59:11.226978
Pimienta negra en grano Hacendado~Bote~70 g~| 20,715 €/kg~1.45~/ud.~Aceite, especias y salsas >~Especias~https://tienda.mercadona.es/product/34172/pimienta-negra-grano-hacendado-bote~34172~2023-03-11 21:59:11.822873
Molinillo mix pimientas Hacendado~Bote~50 g~| 36,00 €/kg~1.8~/ud.~Aceite, especias y salsas >~Especias~https://tienda.mercadona.es/product/67694/molinillo-mix-pimientas-hacendado-bote~67694~2023-03-11 21:59:12.431957
Pimienta blanca molida Hacendado~Bote~70 g~| 30,715 €/kg~2.15~/ud.~Aceite, especias y salsas >~Especias~https://tienda.mercadona.es/product/34170/pimienta-blanca-molida-hacendado-bote~34170~2023-03-11 21:59:13.059160
Ajo granulado Hacendado~Bote~85 g~| 9,648 €/kg~0.82~/ud.~Aceite, especias y salsas >~Especias~https://tienda.mercadona.es/product/34181/ajo-granulado-hacendado-bote~34181~2023-03-11 21:59:13.665222
Cebolla frita crujiente Hacendado~Bote~150 g~| 6,667 €/kg~1.0~/ud.~Aceite, especias y salsas >~Especias~https://tienda.mercadona.es/product/34208/cebolla-frita-crujiente-hacendado-bote~34208~2023-03-11 21:59:14.236989
Canela molida Hacendado~Bote~52 g~| 18,27 €/kg~0.95~/ud.~Aceite, especias y salsas >~Especias~https://tienda.mercadona.es/product/34177/canela-molida-hacendado-bote~34177~2023-03-11 21:59:14.935515
Canela en rama Hacendado~Bote~18 g~| 7,50 €/100 g~1.35~/ud.~Aceite, especias y salsas >~Especias~https://tienda.mercadona.es/product/34176/canela-rama-hacendado-bote~34176~2023-03-11 21:59:15.652328
Comino molido Hacendado~Bote~58 g~| 17,242 €/kg~1.0~/ud.~Aceite, especias y salsas >~Especias~https://tienda.mercadona.es/product/34120/comino-molido-hacendado-bote~34120~2023-03-11 21:59:16.340862
Comino en grano Hacendado~Bote~56 g~| 34,822 €/kg~1.95~/ud.~Aceite, especias y salsas >~Especias~https://tienda.mercadona.es/product/34121/comino-grano-hacendado-bote~34121~2023-03-11 21:59:17.060517
Curry Hacendado~Bote~57 g~| 20,176 €/kg~1.15~/ud.~Aceite, especias y salsas >~Especias~https://tienda.mercadona.es/product/34125/curry-hacendado-bote~34125~2023-03-11 21:59:17.726047
Nuez moscada molida Hacendado~Bote~58 g~| 28,449 €/kg~1.65~/ud.~Aceite, especias y salsas >~Especias~https://tienda.mercadona.es/product/34173/nuez-moscada-molida-hacendado-bote~34173~2023-03-11 21:59:18.448796
Picada catalana Hacendado~Bote~25 g~| 8,20 €/100 g~2.05~/ud.~Aceite, especias y salsas >~Especias~https://tienda.mercadona.es/product/34717/picada-catalana-hacendado-bote~34717~2023-03-11 21:59:19.175310
Cebolla en polvo Hacendado~Bote~60 g~| 16,00 €/kg~0.96~/ud.~Aceite, especias y salsas >~Especias~https://tienda.mercadona.es/product/34138/cebolla-polvo-hacendado-bote~34138~2023-03-11 21:59:19.884722
Cayena guindillas Hacendado~Bote~27 g~| 4,63 €/100 g~1.25~/ud.~Aceite, especias y salsas >~Especias~https://tienda.mercadona.es/product/34178/cayena-guindillas-hacendado-bote~34178~2023-03-11 21:59:20.535369
Cayena molida Hacendado~Bote~55 g~| 28,00 €/kg~1.54~/ud.~Aceite, especias y salsas >~Especias~https://tienda.mercadona.es/product/37417/cayena-molida-hacendado-bote~37417~2023-03-11 21:59:21.208551
Cúrcuma Hacendado~Bote~60 g~| 20,834 €/kg~1.25~/ud.~Aceite, especias y salsas >~Especias~https://tienda.mercadona.es/product/34163/curcuma-hacendado-bote~34163~2023-03-11 21:59:21.954706
Jengibre molido Hacendado~Bote~49 g~| 3,266 €/100 g~1.6~/ud.~Aceite, especias y salsas >~Especias~https://tienda.mercadona.es/product/34149/jengibre-molido-hacendado-bote~34149~2023-03-11 21:59:22.673391
Sal de ajo Hacendado~Bote~130 g~| 13,462 €/kg~1.75~/ud.~Aceite, especias y salsas >~Aceite, vinagre y sal~https://tienda.mercadona.es/product/34130/sal-ajo-hacendado-bote~34130~2023-03-11 21:59:23.378776
Ñoras Hacendado~Paquete~25 g~| 5,40 €/100 g~1.35~/ud.~Aceite, especias y salsas >~Especias~https://tienda.mercadona.es/product/34113/noras-hacendado-paquete~34113~2023-03-11 21:59:23.997569
Clavo en grano Hacendado~Bote~42 g~| 4,167 €/100 g~1.75~/ud.~Aceite, especias y salsas >~Especias~https://tienda.mercadona.es/product/34122/clavo-grano-hacendado-bote~34122~2023-03-11 21:59:24.767456
Vainilla en rama Hacendado~Paquete~2 ud.~| 2,50 €/ud~5.0~/ud.~Aceite, especias y salsas >~Especias~https://tienda.mercadona.es/product/34068/vainilla-rama-hacendado-paquete~34068~2023-03-11 21:59:25.495990
Anís en grano Hacendado~Bote~50 g~| 38,00 €/kg~1.9~/ud.~Aceite, especias y salsas >~Especias~https://tienda.mercadona.es/product/34123/anis-grano-hacendado-bote~34123~2023-03-11 21:59:26.215520
Pimientos choriceros dulces del cristal Hacendado~Paquete~50 g~| 38,40 €/kg~1.92~/ud.~Aceite, especias y salsas >~Especias~https://tienda.mercadona.es/product/34790/pimientos-choriceros-dulces-cristal-hacendado-paquete~34790~2023-03-11 21:59:26.858730
Piñones Hacendado~Bote~70 g~| 40,572 €/kg~2.84~/ud.~Aceite, especias y salsas >~Especias~https://tienda.mercadona.es/product/60869/pinones-hacendado-bote~60869~2023-03-11 21:59:27.488812
Sazonador para fajitas Hacendado sabor tex-mex~Sobre~17 g~| 5,00 €/100 g~0.85~/ud.~Aceite, especias y salsas >~Especias~https://tienda.mercadona.es/product/23353/sazonador-fajitas-hacendado-sabor-tex-mex~23353~2023-03-11 21:59:28.190539
Sazonador al horno y microondas ajo y limón Hacendado con bolsa~Caja~2 sobres (60 g)~| 26,667 €/kg~1.6~/ud.~Aceite, especias y salsas >~Especias~https://tienda.mercadona.es/product/37403/sazonador-horno-microondas-ajo-limon-hacendado-con-bolsa-caja~37403~2023-03-11 21:59:28.851700
Sazonador al horno y microondas pollo y costillas a las hierbas provenzales Hacendado con bolsa~Caja~2 sobres (48 g)~| 2,917 €/100 g~1.4~/ud.~Aceite, especias y salsas >~Especias~https://tienda.mercadona.es/product/37402/sazonador-horno-microondas-pollo-costillas-hierbas-provenzales-hacendado-con-bolsa-caja~37402~2023-03-11 21:59:29.485103
Sazonador sabor barbacoa Hacendado incluye 2 bolsas y 2 sazonadores~Caja~2 sobres (48 g)~| 2,917 €/100 g~1.4~/ud.~Aceite, especias y salsas >~Especias~https://tienda.mercadona.es/product/37414/sazonador-sabor-barbacoa-hacendado-incluye-2-bolsas-2-sazonadores-caja~37414~2023-03-11 21:59:30.172203
Preparado para paella con azafrán Hacendado~Bote~76 g~| 24,343 €/kg~1.85~/ud.~Aceite, especias y salsas >~Especias~https://tienda.mercadona.es/product/34777/preparado-paella-con-azafran-hacendado-bote~34777~2023-03-11 21:59:30.875707
Sazonador para paella con azafrán Hacendado~Caja~5 sobres (20 g)~| 7,00 €/100 g~1.4~/ud.~Aceite, especias y salsas >~Especias~https://tienda.mercadona.es/product/34702/sazonador-paella-con-azafran-hacendado-caja~34702~2023-03-11 21:59:31.530963
Sazonador para burritos Hacendado~Sobre~40 g~| 2,75 €/100 g~1.1~/ud.~Aceite, especias y salsas >~Especias~https://tienda.mercadona.es/product/17147/sazonador-burritos-hacendado~17147~2023-03-11 21:59:32.194951
Sazonador pollo y carne Hacendado~Bote~92 g~| 16,305 €/kg~1.5~/ud.~Aceite, especias y salsas >~Especias~https://tienda.mercadona.es/product/37408/sazonador-pollo-carne-hacendado-bote~37408~2023-03-11 21:59:32.847347
Sazonador pasta Hacendado~Bote~45 g~| 5,556 €/100 g~2.5~/ud.~Aceite, especias y salsas >~Especias~https://tienda.mercadona.es/product/34134/sazonador-pasta-hacendado-bote~34134~2023-03-11 21:59:33.546462
Sazonador ensalada Hacendado~Bote~95 g~| 27,369 €/kg~2.6~/ud.~Aceite, especias y salsas >~Especias~https://tienda.mercadona.es/product/37405/sazonador-ensalada-hacendado-bote~37405~2023-03-11 21:59:34.211279
Sazonador Ras el Hanout Hacendado~Bote~62 g~| 40,323 €/kg~2.5~/ud.~Aceite, especias y salsas >~Especias~https://tienda.mercadona.es/product/22798/sazonador-ras-hanout-hacendado-bote~22798~2023-03-11 21:59:34.891908
Mayonesa Hacendado~Tarro~500 ml~| 2,70 €/L~1.35~/ud.~Aceite, especias y salsas >~Mayonesa, ketchup y mostaza~https://tienda.mercadona.es/product/13406/mayonesa-hacendado-tarro~13406~2023-03-11 22:00:38.660747
Mayonesa Hacendado~Tarro~225 ml~| 4,445 €/L~1.0~/ud.~Aceite, especias y salsas >~Mayonesa, ketchup y mostaza~https://tienda.mercadona.es/product/13408/mayonesa-hacendado-tarro~13408~2023-03-11 22:00:39.257775
Mayonesa Hacendado~Bote~460 ml~| 3,131 €/L~1.44~/ud.~Aceite, especias y salsas >~Mayonesa, ketchup y mostaza~https://tienda.mercadona.es/product/13407/mayonesa-hacendado-bote~13407~2023-03-11 22:00:39.705523
Mayonesa Hellmann's~Tarro~475 ml~| 7,264 €/L~3.45~/ud.~Aceite, especias y salsas >~Mayonesa, ketchup y mostaza~https://tienda.mercadona.es/product/17092/mayonesa-hellmanns-tarro~17092~2023-03-11 22:00:40.185783
Mayonesa Hellmann's~Tarro~225 ml~| 8,667 €/L~1.95~/ud.~Aceite, especias y salsas >~Mayonesa, ketchup y mostaza~https://tienda.mercadona.es/product/17052/mayonesa-hellmanns-tarro~17052~2023-03-11 22:00:40.655237
Salsa ligera Ligeresa~Tarro~450 ml~| 6,334 €/L~2.85~/ud.~Aceite, especias y salsas >~Mayonesa, ketchup y mostaza~https://tienda.mercadona.es/product/67836/salsa-ligera-ligeresa-tarro~67836~2023-03-11 22:00:41.141629
Salsa ligera Ligeresa~Tarro~225 ml~| 7,334 €/L~1.65~/ud.~Aceite, especias y salsas >~Mayonesa, ketchup y mostaza~https://tienda.mercadona.es/product/17010/salsa-ligera-ligeresa-tarro~17010~2023-03-11 22:00:41.652874
Salsa ligera Ligeresa~Bote~430 ml~| 6,163 €/L~2.65~/ud.~Aceite, especias y salsas >~Mayonesa, ketchup y mostaza~https://tienda.mercadona.es/product/17039/salsa-ligera-ligeresa-bote~17039~2023-03-11 22:00:42.221524
Mayonesa Ybarra~Bote~500 ml~| 4,50 €/L~2.25~/ud.~Aceite, especias y salsas >~Mayonesa, ketchup y mostaza~https://tienda.mercadona.es/product/17038/mayonesa-ybarra-bote~17038~2023-03-11 22:00:42.812329
Salsa fina Kraft~Tarro~425 ml~| 4,706 €/L~2.0~/ud.~Aceite, especias y salsas >~Mayonesa, ketchup y mostaza~https://tienda.mercadona.es/product/35361/salsa-fina-kraft-tarro~35361~2023-03-11 22:00:43.340304
Mayonesa Musa~Tarro~540 ml~| 4,167 €/L~2.25~/ud.~Aceite, especias y salsas >~Mayonesa, ketchup y mostaza~https://tienda.mercadona.es/product/17166/mayonesa-musa-tarro~17166~2023-03-11 22:00:43.848308
Salsa ligera Hacendado 60% menos de materia grasa~Tarro~500 ml~| 2,70 €/L~1.35~/ud.~Aceite, especias y salsas >~Mayonesa, ketchup y mostaza~https://tienda.mercadona.es/product/15793/salsa-ligera-hacendado-60-menos-materia-grasa-tarro~15793~2023-03-11 22:00:44.344308
Salsa ligera Hacendado 60% menos de materia grasa~Bote~460 ml~| 3,261 €/L~1.5~/ud.~Aceite, especias y salsas >~Mayonesa, ketchup y mostaza~https://tienda.mercadona.es/product/15794/salsa-ligera-hacendado-60-menos-materia-grasa-bote~15794~2023-03-11 22:00:44.919180
Mayonesa en sobres individuales Hellmann's~Caja~15 sobres (150 ml)~| 13,00 €/L~1.95~/ud.~Aceite, especias y salsas >~Mayonesa, ketchup y mostaza~https://tienda.mercadona.es/product/35209/mayonesa-sobres-individuales-hellmanns-caja~35209~2023-03-11 22:00:45.501890
Ketchup Hacendado~Bote~600 g~| 2,167 €/kg~1.3~/ud.~Aceite, especias y salsas >~Mayonesa, ketchup y mostaza~https://tienda.mercadona.es/product/23579/ketchup-hacendado-bote~23579~2023-03-11 22:00:46.009873
Ketchup Hacendado en sobres individuales~Paquete~12 sobres (240 g)~| 5,834 €/kg~1.4~/ud.~Aceite, especias y salsas >~Mayonesa, ketchup y mostaza~https://tienda.mercadona.es/product/67586/ketchup-hacendado-sobres-individuales-paquete~67586~2023-03-11 22:00:46.631537
Ketchup Heinz~Bote~570 g~| 6,141 €/kg~3.5~/ud.~Aceite, especias y salsas >~Mayonesa, ketchup y mostaza~https://tienda.mercadona.es/product/17438/ketchup-heinz-bote~17438~2023-03-11 22:00:47.108238
Ketchup zero azúcares añadidos Hacendado~Bote~600 g~| 2,667 €/kg~1.6~/ud.~Aceite, especias y salsas >~Mayonesa, ketchup y mostaza~https://tienda.mercadona.es/product/35343/ketchup-zero-azucares-anadidos-hacendado-bote~35343~2023-03-11 22:00:47.639664
Mostaza dulce Hacendado~Bote~300 g~| 4,667 €/L~1.4~/ud.~Aceite, especias y salsas >~Mayonesa, ketchup y mostaza~https://tienda.mercadona.es/product/35207/mostaza-dulce-hacendado-bote~35207~2023-03-11 22:00:48.165385
Mostaza a la antigua Hacendado~Tarro~200 g~| 7,50 €/kg~1.5~/ud.~Aceite, especias y salsas >~Mayonesa, ketchup y mostaza~https://tienda.mercadona.es/product/17229/mostaza-antigua-hacendado-tarro~17229~2023-03-11 22:00:48.700934
Mostaza de Dijon Hacendado~Tarro~200 g~| 5,75 €/kg~1.15~/ud.~Aceite, especias y salsas >~Mayonesa, ketchup y mostaza~https://tienda.mercadona.es/product/17228/mostaza-dijon-hacendado-tarro~17228~2023-03-11 22:00:49.227273
Mostaza clásica Hacendado~Bote~388 g~| 3,222 €/kg~1.25~/ud.~Aceite, especias y salsas >~Mayonesa, ketchup y mostaza~https://tienda.mercadona.es/product/23410/mostaza-clasica-hacendado-bote~23410~2023-03-11 22:00:49.706411
Allioli Chovi~Tarrina~180 ml~| 7,50 €/L~1.35~/ud.~Aceite, especias y salsas >~Mayonesa, ketchup y mostaza~https://tienda.mercadona.es/product/17150/allioli-chovi-tarrina~17150~2023-03-11 22:00:50.218012
Allioli Hacendado~Tarrina~200 ml~| 5,50 €/L~1.1~/ud.~Aceite, especias y salsas >~Mayonesa, ketchup y mostaza~https://tienda.mercadona.es/product/17172/allioli-hacendado-tarrina~17172~2023-03-11 22:00:50.728540
Allioli en sobres individuales Hacendado~Paquete~8 sobres (160 ml)~| 9,375 €/L~1.5~/ud.~Aceite, especias y salsas >~Mayonesa, ketchup y mostaza~https://tienda.mercadona.es/product/17173/allioli-sobres-individuales-hacendado-paquete~17173~2023-03-11 22:00:51.244042
Tomate frito Hacendado~3 bricks x 400 g~| 1,209 €/kg~Not available~1.45~/pack~Aceite, especias y salsas >~Otras salsas~https://tienda.mercadona.es/product/17132/tomate-frito-hacendado-pack-3~17132~2023-03-11 22:01:36.971586
Tomate frito Hacendado~3 mini bricks x 210 g~| 1,747 €/kg~Not available~1.1~/pack~Aceite, especias y salsas >~Otras salsas~https://tienda.mercadona.es/product/17151/tomate-frito-hacendado-pack-3~17151~2023-03-11 22:01:37.610038
Tomate frito Hacendado~Tarro~560 g~| 1,786 €/kg~1.0~/ud.~Aceite, especias y salsas >~Otras salsas~https://tienda.mercadona.es/product/17108/tomate-frito-hacendado-tarro~17108~2023-03-11 22:01:38.150657
Tomate frito receta artesana Hacendado con aceite de oliva~Tarro~560 g~| 3,84 €/kg~2.15~/ud.~Aceite, especias y salsas >~Otras salsas~https://tienda.mercadona.es/product/17163/tomate-frito-receta-artesana-hacendado-con-aceite-oliva-tarro~17163~2023-03-11 22:01:38.674445
Tomate frito receta artesana Hacendado con aceite de oliva~Tarro~300 g~| 5,334 €/kg~1.6~/ud.~Aceite, especias y salsas >~Otras salsas~https://tienda.mercadona.es/product/17131/tomate-frito-receta-artesana-hacendado-con-aceite-oliva-tarro~17131~2023-03-11 22:01:39.279220
Tomate frito estilo casero Hacendado con aceite de oliva~Brick~380 g~| 3,158 €/kg~1.2~/ud.~Aceite, especias y salsas >~Otras salsas~https://tienda.mercadona.es/product/17153/tomate-frito-estilo-casero-hacendado-con-aceite-oliva-brick~17153~2023-03-11 22:01:39.813875
Tomate frito Hacendado con aceite de oliva~3 mini bricks x 210 g~| 1,905 €/kg~Not available~1.2~/pack~Aceite, especias y salsas >~Otras salsas~https://tienda.mercadona.es/product/17128/tomate-frito-hacendado-con-aceite-oliva-pack-3~17128~2023-03-11 22:01:40.309077
Tomate frito sin azúcares añadidos Hacendado~Tarro~560 g~| 2,143 €/kg~1.2~/ud.~Aceite, especias y salsas >~Otras salsas~https://tienda.mercadona.es/product/17330/tomate-frito-sin-azucares-anadidos-hacendado-tarro~17330~2023-03-11 22:01:40.898250
Tomate frito con cebolla Hacendado con aceite de oliva~Brick~380 g~| 3,553 €/kg~1.35~/ud.~Aceite, especias y salsas >~Otras salsas~https://tienda.mercadona.es/product/17154/tomate-frito-con-cebolla-hacendado-con-aceite-oliva-brick~17154~2023-03-11 22:01:41.496542
Salsa barbacoa Hacendado~Bote~350 g~| 3,286 €/kg~1.15~/ud.~Aceite, especias y salsas >~Otras salsas~https://tienda.mercadona.es/product/17346/salsa-barbacoa-hacendado-bote~17346~2023-03-11 22:01:42.064447
Salsa pimienta verde Hacendado~Sobre~50 g~| 25,00 €/kg~1.25~/ud.~Aceite, especias y salsas >~Otras salsas~https://tienda.mercadona.es/product/17502/salsa-pimienta-verde-hacendado~17502~2023-03-11 22:01:42.697288
Salsa burger Hacendado~Bote~250 ml~| 5,40 €/L~1.35~/ud.~Aceite, especias y salsas >~Otras salsas~https://tienda.mercadona.es/product/17347/salsa-burger-hacendado-bote~17347~2023-03-11 22:01:43.282087
Salsa barbacoa dulce y picante Hacendado~Botella~250 ml~| 6,40 €/L~1.6~/ud.~Aceite, especias y salsas >~Otras salsas~https://tienda.mercadona.es/product/17373/salsa-barbacoa-dulce-picante-hacendado-botella~17373~2023-03-11 22:01:43.887233
Salsa estilo argentino Hacendado~Tarro~285 g~| 5,615 €/kg~1.6~/ud.~Aceite, especias y salsas >~Otras salsas~https://tienda.mercadona.es/product/17081/salsa-estilo-argentino-hacendado-tarro~17081~2023-03-11 22:01:44.539042
Salsa Piri Piri Hacendado~Botella~195 ml~| 5,129 €/L~1.0~/ud.~Aceite, especias y salsas >~Otras salsas~https://tienda.mercadona.es/product/17396/salsa-piri-piri-hacendado-botella~17396~2023-03-11 22:01:45.252382
Salsa boloñesa Hacendado~Tarro~300 g~| 4,00 €/kg~1.2~/ud.~Aceite, especias y salsas >~Otras salsas~https://tienda.mercadona.es/product/17169/salsa-bolonesa-hacendado-tarro~17169~2023-03-11 22:01:45.832716
Salsa de tomate, albahaca y orégano Hacendado~Tarro~300 g~| 4,00 €/kg~1.2~/ud.~Aceite, especias y salsas >~Otras salsas~https://tienda.mercadona.es/product/17283/salsa-tomate-albahaca-oregano-hacendado-tarro~17283~2023-03-11 22:01:46.448397
Salsa fresca Trufa Hacendado~Paquete~140 g~| 10,358 €/kg~1.45~/ud.~Aceite, especias y salsas >~Otras salsas~https://tienda.mercadona.es/product/17410/salsa-fresca-trufa-hacendado-paquete~17410~2023-03-11 22:01:47.102285
Salsa fresca Queso Hacendado~Paquete~180 g~| 8,056 €/kg~1.45~/ud.~Aceite, especias y salsas >~Otras salsas~https://tienda.mercadona.es/product/17409/salsa-fresca-queso-hacendado-paquete~17409~2023-03-11 22:01:47.675896
Salsa fresca Pesto Hacendado~Paquete~150 g~| 10,00 €/kg~1.5~/ud.~Aceite, especias y salsas >~Otras salsas~https://tienda.mercadona.es/product/17419/salsa-fresca-pesto-hacendado-paquete~17419~2023-03-11 22:01:48.229717
Salsa fresca Setas Bendita~Paquete~180 g~| 8,889 €/kg~1.6~/ud.~Aceite, especias y salsas >~Otras salsas~https://tienda.mercadona.es/product/35184/salsa-fresca-setas-bendita-paquete~35184~2023-03-11 22:01:48.915226
Salsa fresca Carbonara Bendita~Paquete~200 g~| 8,00 €/kg~1.6~/ud.~Aceite, especias y salsas >~Otras salsas~https://tienda.mercadona.es/product/35183/salsa-fresca-carbonara-bendita-paquete~35183~2023-03-11 22:01:49.588581
Salsa de soja Hacendado~Botella~250 ml~| 5,80 €/L~1.45~/ud.~Aceite, especias y salsas >~Otras salsas~https://tienda.mercadona.es/product/17360/salsa-soja-hacendado-botella~17360~2023-03-11 22:01:50.154307
Salsa teriyaki Hacendado~Botella~250 ml~| 6,60 €/L~1.65~/ud.~Aceite, especias y salsas >~Otras salsas~https://tienda.mercadona.es/product/17362/salsa-teriyaki-hacendado-botella~17362~2023-03-11 22:01:50.736145
Salsa de soja dulce Hacendado~Botella~250 ml~| 6,60 €/L~1.65~/ud.~Aceite, especias y salsas >~Otras salsas~https://tienda.mercadona.es/product/17361/salsa-soja-dulce-hacendado-botella~17361~2023-03-11 22:01:51.343634
Salsa agridulce Salsas Asturianas~Bote~340 g~| 5,00 €/kg~1.7~/ud.~Aceite, especias y salsas >~Otras salsas~https://tienda.mercadona.es/product/22721/salsa-agridulce-salsas-asturianas-bote~22721~2023-03-11 22:01:51.936374
Salsa thai chili dulce J-Lek~Botella~250 ml~| 6,60 €/L~1.65~/ud.~Aceite, especias y salsas >~Otras salsas~https://tienda.mercadona.es/product/22613/salsa-thai-chili-dulce-j-lek-botella~22613~2023-03-11 22:01:52.565496
Salsa de soja sin gluten Hacendado~Botella~250 ml~| 10,00 €/L~2.5~/ud.~Aceite, especias y salsas >~Otras salsas~https://tienda.mercadona.es/product/17382/salsa-soja-sin-gluten-hacendado-botella~17382~2023-03-11 22:01:53.239460
Guacamole Hacendado 95% aguacate fresco~Tarrina~500 g~| 7,00 €/kg~3.5~/ud.~Aceite, especias y salsas >~Otras salsas~https://tienda.mercadona.es/product/3840/guacamole-hacendado-95-aguacate-fresco-tarrina~3840~2023-03-11 22:01:54.484933
Guacamole Hacendado 95% aguacate fresco~Tarrina~200 g~| 8,75 €/kg~1.75~/ud.~Aceite, especias y salsas >~Otras salsas~https://tienda.mercadona.es/product/3852/guacamole-hacendado-95-aguacate-fresco-tarrina~3852~2023-03-11 22:01:55.101467
Salsa yogur Hacendado~Not available~Not available~Not available~1.4~/ud.~Not Available~Compartir~https://tienda.mercadona.es/product/17327/salsa-yogur-hacendado-bote~17327~2023-03-11 22:01:55.566424
Salsa mexicana Hacendado~Tarro~300 g~| 4,167 €/kg~1.25~/ud.~Aceite, especias y salsas >~Otras salsas~https://tienda.mercadona.es/product/17327/salsa-yogur-hacendado-bote~17327~2023-03-11 22:01:56.870404
Salsa ranchera Hacendado~Bote~250 ml~| 5,40 €/L~1.35~/ud.~Aceite, especias y salsas >~Otras salsas~https://tienda.mercadona.es/product/17386/salsa-ranchera-hacendado-bote~17386~2023-03-11 22:01:57.782947
Salsa césar Hacendado~Bote~310 ml~| 4,517 €/L~1.4~/ud.~Aceite, especias y salsas >~Otras salsas~https://tienda.mercadona.es/product/17366/salsa-cesar-hacendado-bote~17366~2023-03-11 22:01:58.753659
Aliño de aceite, ajo y perejil Hacendado~Tarrina~150 ml~| 10,00 €/L~1.5~/ud.~Aceite, especias y salsas >~Otras salsas~https://tienda.mercadona.es/product/17265/alino-aceite-ajo-perejil-hacendado-tarrina~17265~2023-03-11 22:01:59.494870
Salsa miel y mostaza Hacendado~Bote~300 ml~| 4,50 €/L~1.35~/ud.~Aceite, especias y salsas >~Otras salsas~https://tienda.mercadona.es/product/17263/salsa-miel-mostaza-hacendado-bote~17263~2023-03-11 22:02:00.141062
Salsa de trufas~Bote~80 g~| 38,75 €/kg~3.1~/ud.~Aceite, especias y salsas >~Otras salsas~https://tienda.mercadona.es/product/17259/salsa-trufas-bote~17259~2023-03-11 22:02:00.799371
Salsa gajos rústica Hacendado~Bote~250 ml~| 5,40 €/L~1.35~/ud.~Aceite, especias y salsas >~Otras salsas~https://tienda.mercadona.es/product/17348/salsa-gajos-rustica-hacendado-bote~17348~2023-03-11 22:02:01.446820
Salsa de queso Hacendado~Tarro~280 ml~| 6,25 €/L~1.75~/ud.~Aceite, especias y salsas >~Otras salsas~https://tienda.mercadona.es/product/35344/salsa-queso-hacendado-tarro~35344~2023-03-11 22:02:02.090805
Chili con carne Hacendado~Bote~420 g~| 6,191 €/kg~2.6~/ud.~Aceite, especias y salsas >~Otras salsas~https://tienda.mercadona.es/product/23137/chili-con-carne-hacendado-bote~23137~2023-03-11 22:02:03.371254
Salsa bechamel Knorr~Brick~500 ml~| 4,50 €/L~2.25~/ud.~Aceite, especias y salsas >~Otras salsas~https://tienda.mercadona.es/product/86713/salsa-bechamel-knorr-brick~86713~2023-03-11 22:02:04.528681
Extracto original de buey Bovril~Tarro~125 g~| 24,00 €/kg~3.0~/ud.~Aceite, especias y salsas >~Otras salsas~https://tienda.mercadona.es/product/7307/extracto-original-buey-bovril-tarro~7307~2023-03-11 22:02:05.608152
Salsa cocktail Hacendado~Bote~460 ml~| 3,261 €/L~1.5~/ud.~Aceite, especias y salsas >~Otras salsas~https://tienda.mercadona.es/product/23072/salsa-cocktail-hacendado-bote~23072~2023-03-11 22:02:06.728835
Salsa aperitivo Dani~Bote~125 ml~| 11,20 €/L~1.4~/ud.~Aceite, especias y salsas >~Otras salsas~https://tienda.mercadona.es/product/23409/salsa-aperitivo-dani-bote~23409~2023-03-11 22:02:07.794041
Salsa romesco Ferrer~Tarro~130 g~| 13,847 €/kg~1.8~/ud.~Aceite, especias y salsas >~Otras salsas~https://tienda.mercadona.es/product/17290/salsa-romesco-ferrer-tarro~17290~2023-03-11 22:02:08.814113
Salsa picante Mc. Ilhenny Tabasco~Botella~57 ml~| 65,79 €/L~3.75~/ud.~Aceite, especias y salsas >~Otras salsas~https://tienda.mercadona.es/product/17337/salsa-picante-mc-ilhenny-tabasco-botella~17337~2023-03-11 22:02:09.770903
Salsa calçots Ferrer~Tarro~320 g~| 8,094 €/kg~2.59~/ud.~Aceite, especias y salsas >~Otras salsas~https://tienda.mercadona.es/product/17291/salsa-calcots-ferrer-tarro~17291~2023-03-11 22:02:10.835506
Pasta de sésamo Tahini Hacendado~Tarro~200 g~| 14,50 €/kg~2.9~/ud.~Aceite, especias y salsas >~Otras salsas~https://tienda.mercadona.es/product/17441/pasta-sesamo-tahini-hacendado-tarro~17441~2023-03-11 22:02:11.780288
Salsa brava Hacendado~Bote~310 g~| 5,323 €/kg~1.65~/ud.~Aceite, especias y salsas >~Otras salsas~https://tienda.mercadona.es/product/35163/salsa-brava-hacendado-bote~35163~2023-03-11 22:02:12.728502
Agua mineral grande Font Agudes mineralización débil~Garrafa~8 L~| 0,108 €/L~0.86~/ud.~Agua y refrescos >~Agua~https://tienda.mercadona.es/product/28039/agua-mineral-grande-font-agudes-mineralizacion-debil-garrafa~28039~2023-03-11 22:13:25.094866
Agua mineral grande Font Agudes mineralización débil~Garrafa~6 L~| 0,125 €/L~0.75~/ud.~Agua y refrescos >~Agua~https://tienda.mercadona.es/product/27335/agua-mineral-grande-font-agudes-mineralizacion-debil-garrafa~27335~2023-03-11 22:13:25.693231
Agua mineral grande Font Agudes mineralización débil~6 botellas x 1,5 L~| 0,16 €/L~Not available~1.44~/pack~Agua y refrescos >~Agua~https://tienda.mercadona.es/product/26992/agua-mineral-grande-font-agudes-mineralizacion-debil-pack-6~26992~2023-03-11 22:13:26.229949
Agua mineral grande Font Agudes mineralización débil~Botella~1,5 L~| 0,16 €/L~0.24~/ud.~Agua y refrescos >~Agua~https://tienda.mercadona.es/product/26993/agua-mineral-grande-font-agudes-mineralizacion-debil-botella~26993~2023-03-11 22:13:26.855661
Agua mineral mediana Font Agudes mineralización débil~6 botellas x 1 L~| 0,40 €/L~Not available~2.4~/pack~Agua y refrescos >~Agua~https://tienda.mercadona.es/product/28572/agua-mineral-mediana-font-agudes-mineralizacion-debil-pack-6~28572~2023-03-11 22:13:27.454151
Agua mineral mediana Font Agudes mineralización débil~Botella~1 L~| 0,40 €/L~0.4~/ud.~Agua y refrescos >~Agua~https://tienda.mercadona.es/product/28573/agua-mineral-mediana-font-agudes-mineralizacion-debil-botella~28573~2023-03-11 22:13:28.057316
Agua mineral pequeña Font Agudes mineralización débil~6 botellas x 500 ml~| 0,40 €/L~Not available~1.2~/pack~Agua y refrescos >~Agua~https://tienda.mercadona.es/product/27062/agua-mineral-pequena-font-agudes-mineralizacion-debil-pack-6~27062~2023-03-11 22:13:28.650312
Agua mineral pequeña Font Agudes mineralización débil~Botella~500 ml~| 0,40 €/L~0.2~/ud.~Agua y refrescos >~Agua~https://tienda.mercadona.es/product/27514/agua-mineral-pequena-font-agudes-mineralizacion-debil-botella~27514~2023-03-11 22:13:29.261584
Agua mineral pequeña Font Agudes tapón infantil mineralización débil~6 botellas x 330 ml~| 0,667 €/L~Not available~1.32~/pack~Agua y refrescos >~Agua~https://tienda.mercadona.es/product/27576/agua-mineral-pequena-font-agudes-tapon-infantil-mineralizacion-debil-pack-6~27576~2023-03-11 22:13:29.846594
Agua mineral pequeña Font Agudes tapón infantil mineralización débil~Botella~330 ml~| 0,667 €/L~0.22~/ud.~Agua y refrescos >~Agua~https://tienda.mercadona.es/product/27575/agua-mineral-pequena-font-agudes-tapon-infantil-mineralizacion-debil-botella~27575~2023-03-11 22:13:30.461350
Agua mineral grande Bronchales mineralización muy débil~Garrafa~6 L~| 0,205 €/L~1.23~/ud.~Agua y refrescos >~Agua~https://tienda.mercadona.es/product/28035/agua-mineral-grande-bronchales-mineralizacion-muy-debil-garrafa~28035~2023-03-11 22:13:30.997853
Agua mineral grande Bronchales mineralización muy débil~6 botellas x 1,5 L~| 0,247 €/L~Not available~2.22~/pack~Agua y refrescos >~Agua~https://tienda.mercadona.es/product/23448/agua-mineral-grande-bronchales-mineralizacion-muy-debil-pack-6~23448~2023-03-11 22:13:31.498656
Agua mineral grande Bronchales mineralización muy débil~Botella~1,5 L~| 0,247 €/L~0.37~/ud.~Agua y refrescos >~Agua~https://tienda.mercadona.es/product/23449/agua-mineral-grande-bronchales-mineralizacion-muy-debil-botella~23449~2023-03-11 22:13:32.066564
Agua mineral mediana Bronchales mineralización muy débil~6 botellas x 1 L~| 0,50 €/L~Not available~3.0~/pack~Agua y refrescos >~Agua~https://tienda.mercadona.es/product/28491/agua-mineral-mediana-bronchales-mineralizacion-muy-debil-pack-6~28491~2023-03-11 22:13:32.737395
Agua mineral mediana Bronchales mineralización muy débil~Botella~1 L~| 0,50 €/L~0.5~/ud.~Agua y refrescos >~Agua~https://tienda.mercadona.es/product/28499/agua-mineral-mediana-bronchales-mineralizacion-muy-debil-botella~28499~2023-03-11 22:13:33.420148
Agua mineral pequeña Bronchales mineralización muy débil~6 botellas x 500 ml~| 0,50 €/L~Not available~1.5~/pack~Agua y refrescos >~Agua~https://tienda.mercadona.es/product/27061/agua-mineral-pequena-bronchales-mineralizacion-muy-debil-pack-6~27061~2023-03-11 22:13:34.034524
Agua mineral pequeña Bronchales mineralización muy débil~Botella~500 ml~| 0,50 €/L~0.25~/ud.~Agua y refrescos >~Agua~https://tienda.mercadona.es/product/27054/agua-mineral-pequena-bronchales-mineralizacion-muy-debil-botella~27054~2023-03-11 22:13:34.623478
Agua mineral pequeña Bronchales tapón infantil mineralización muy débil~6 botellas x 330 ml~| 1,091 €/L~Not available~2.16~/pack~Agua y refrescos >~Agua~https://tienda.mercadona.es/product/28566/agua-mineral-pequena-bronchales-tapon-infantil-mineralizacion-muy-debil-pack-6~28566~2023-03-11 22:13:35.250315
Agua mineral pequeña Bronchales tapón infantil mineralización muy débil~Botella~330 ml~| 1,091 €/L~0.36~/ud.~Agua y refrescos >~Agua~https://tienda.mercadona.es/product/28567/agua-mineral-pequena-bronchales-tapon-infantil-mineralizacion-muy-debil-botella~28567~2023-03-11 22:13:35.905061
Agua mineral grande Bezoya mineralización muy débil~6 botellas x 1,5 L~| 0,487 €/L~Not available~4.38~/pack~Agua y refrescos >~Agua~https://tienda.mercadona.es/product/27314/agua-mineral-grande-bezoya-mineralizacion-muy-debil-pack-6~27314~2023-03-11 22:13:36.494210
Agua mineral grande Bezoya mineralización muy débil~Botella~1,5 L~| 0,487 €/L~0.73~/ud.~Agua y refrescos >~Agua~https://tienda.mercadona.es/product/27230/agua-mineral-grande-bezoya-mineralizacion-muy-debil-botella~27230~2023-03-11 22:13:37.166121
Agua mineral grande Ribes mineralización débil~Garrafa~8 L~| 0,265 €/L~2.12~/ud.~Agua y refrescos >~Agua~https://tienda.mercadona.es/product/27292/agua-mineral-grande-ribes-mineralizacion-debil-garrafa~27292~2023-03-11 22:13:37.825424
Agua mineral grande Ribes mineralización débil~6 botellas x 1,5 L~| 0,367 €/L~Not available~3.3~/pack~Agua y refrescos >~Agua~https://tienda.mercadona.es/product/27155/agua-mineral-grande-ribes-mineralizacion-debil-pack-6~27155~2023-03-11 22:13:38.482772
Agua mineral grande Ribes mineralización débil~Botella~1,5 L~| 0,367 €/L~0.55~/ud.~Agua y refrescos >~Agua~https://tienda.mercadona.es/product/27038/agua-mineral-grande-ribes-mineralizacion-debil-botella~27038~2023-03-11 22:13:39.067938
Agua mineral grande Nestlé Aquarel mineralización muy débil~6 botellas x 1,5 L~| 0,394 €/L~Not available~3.54~/pack~Agua y refrescos >~Agua~https://tienda.mercadona.es/product/27099/agua-mineral-grande-nestle-aquarel-mineralizacion-muy-debil-pack-6~27099~2023-03-11 22:13:39.793675
Agua mineral grande Nestlé Aquarel mineralización muy débil~Botella~1,5 L~| 0,394 €/L~0.59~/ud.~Agua y refrescos >~Agua~https://tienda.mercadona.es/product/27232/agua-mineral-grande-nestle-aquarel-mineralizacion-muy-debil-botella~27232~2023-03-11 22:13:40.498631
Agua mineral grande Font Vella~6 botellas x 1,5 L~| 0,467 €/L~Not available~4.2~/pack~Agua y refrescos >~Agua~https://tienda.mercadona.es/product/27350/agua-mineral-grande-font-vella-pack-6~27350~2023-03-11 22:13:41.168496
Agua mineral grande Font Vella~Botella~1,5 L~| 0,487 €/L~0.73~/ud.~Agua y refrescos >~Agua~https://tienda.mercadona.es/product/27204/agua-mineral-grande-font-vella-botella~27204~2023-03-11 22:13:41.850584
Agua mineral grande Solán de Cabras mineralización muy débil~6 botellas x 1,5 L~| 0,58 €/L~Not available~5.22~/pack~Agua y refrescos >~Agua~https://tienda.mercadona.es/product/27327/agua-mineral-grande-solan-cabras-mineralizacion-muy-debil-pack-6~27327~2023-03-11 22:13:42.525831
Agua mineral grande Solán de Cabras mineralización muy débil~Botella~1,5 L~| 0,58 €/L~0.87~/ud.~Agua y refrescos >~Agua~https://tienda.mercadona.es/product/27356/agua-mineral-grande-solan-cabras-mineralizacion-muy-debil-botella~27356~2023-03-11 22:13:43.437600
Agua mineral grande Viladrau~6 botellas x 1,5 L~| 0,42 €/L~Not available~3.78~/pack~Agua y refrescos >~Agua~https://tienda.mercadona.es/product/27253/agua-mineral-grande-viladrau-pack-6~27253~2023-03-11 22:13:44.146014
Agua mineral grande Viladrau~Botella~1,5 L~| 0,42 €/L~0.63~/ud.~Agua y refrescos >~Agua~https://tienda.mercadona.es/product/27221/agua-mineral-grande-viladrau-botella~27221~2023-03-11 22:13:44.725872
Agua de coco Chaokoh 100% natural~Brick~1 L~| 2,60 €/L~2.6~/ud.~Agua y refrescos >~Agua~https://tienda.mercadona.es/product/28198/agua-coco-chaokoh-100-natural-brick~28198~2023-03-11 22:13:45.354341
Agua mineral con gas grande Vichy Catalan~Botella~1 L~| 1,49 €/L~1.49~/ud.~Agua y refrescos >~Agua~https://tienda.mercadona.es/product/27213/agua-mineral-con-gas-grande-vichy-catalan-botella~27213~2023-03-11 22:13:46.017920
Agua mineral con gas pequeña Vichy Catalan~6 botellas x 300 ml~| 3,273 €/L~Not available~5.89~/pack~Agua y refrescos >~Agua~https://tienda.mercadona.es/product/28185/agua-mineral-con-gas-pequena-vichy-catalan-pack-6~28185~2023-03-11 22:13:46.645104
Agua mineral con gas grande Cortes~6 botellas x 1,5 L~| 0,254 €/L~Not available~2.28~/pack~Agua y refrescos >~Agua~https://tienda.mercadona.es/product/27366/agua-mineral-con-gas-grande-cortes-pack-6~27366~2023-03-11 22:13:47.380616
Agua mineral con gas grande Cortes~Botella~1,5 L~| 0,254 €/L~0.38~/ud.~Agua y refrescos >~Agua~https://tienda.mercadona.es/product/27367/agua-mineral-con-gas-grande-cortes-botella~27367~2023-03-11 22:13:48.009640
Agua mineral con gas pequeña Cortes~6 botellas x 500 ml~| 0,50 €/L~Not available~1.5~/pack~Agua y refrescos >~Agua~https://tienda.mercadona.es/product/27368/agua-mineral-con-gas-pequena-cortes-pack-6~27368~2023-03-11 22:13:48.655445
Agua mineral con gas pequeña Cortes~Botella~500 ml~| 0,50 €/L~0.25~/ud.~Agua y refrescos >~Agua~https://tienda.mercadona.es/product/27369/agua-mineral-con-gas-pequena-cortes-botella~27369~2023-03-11 22:13:49.314870
Agua mineral con gas grande San Narciso~Botella~1 L~| 1,29 €/L~1.29~/ud.~Agua y refrescos >~Agua~https://tienda.mercadona.es/product/27084/agua-mineral-con-gas-grande-san-narciso-botella~27084~2023-03-11 22:13:49.971847
Agua mineral con gas grande San Pellegrino~6 botellas x 1 L~| 1,35 €/L~Not available~8.1~/pack~Agua y refrescos >~Agua~https://tienda.mercadona.es/product/27894/agua-mineral-con-gas-grande-san-pellegrino-pack-6~27894~2023-03-11 22:13:50.608785
Agua mineral con gas grande San Pellegrino~Botella~1 L~| 1,35 €/L~1.35~/ud.~Agua y refrescos >~Agua~https://tienda.mercadona.es/product/27893/agua-mineral-con-gas-grande-san-pellegrino-botella~27893~2023-03-11 22:13:51.278218
Agua de soda con sifón La Casa~Botella~1,5 L~| 1,067 €/L~1.6~/ud.~Agua y refrescos >~Agua~https://tienda.mercadona.es/product/27203/agua-soda-con-sifon-casa-botella~27203~2023-03-11 22:13:51.922191
Agua mineral con gas grande Fonter~6 botellas x 1 L~| 1,09 €/L~Not available~6.54~/pack~Agua y refrescos >~Agua~https://tienda.mercadona.es/product/27598/agua-mineral-con-gas-grande-fonter-pack-6~27598~2023-03-11 22:13:52.554247
Agua mineral con gas grande Fonter~Botella~1 L~| 1,09 €/L~1.09~/ud.~Agua y refrescos >~Agua~https://tienda.mercadona.es/product/27597/agua-mineral-con-gas-grande-fonter-botella~27597~2023-03-11 22:13:53.196796
Gaseosa Hacendado grande~Botella~1,5 L~| 0,334 €/L~0.5~/ud.~Agua y refrescos >~Agua~https://tienda.mercadona.es/product/27973/gaseosa-hacendado-grande-botella~27973~2023-03-11 22:13:53.837933
Gaseosa Hacendado pequeña~6 botellas x 500 ml~| 0,64 €/L~Not available~1.92~/pack~Agua y refrescos >~Agua~https://tienda.mercadona.es/product/27972/gaseosa-hacendado-pequena-pack-6~27972~2023-03-11 22:13:54.414200
Gaseosa Hacendado pequeña~Botella~500 ml~| 0,64 €/L~0.32~/ud.~Agua y refrescos >~Agua~https://tienda.mercadona.es/product/27971/gaseosa-hacendado-pequena-botella~27971~2023-03-11 22:13:55.002916
Gaseosa La Casera grande~2 botellas x 1,5 L~| 0,754 €/L~Not available~2.26~/pack~Agua y refrescos >~Agua~https://tienda.mercadona.es/product/27733/gaseosa-casera-grande-pack-2~27733~2023-03-11 22:13:55.564412
Gaseosa La Casera grande~Botella~1,5 L~| 0,767 €/L~1.15~/ud.~Agua y refrescos >~Agua~https://tienda.mercadona.es/product/27735/gaseosa-casera-grande-botella~27735~2023-03-11 22:13:56.146159
Bebida isotónica limón Aquarius~Botella~1,5 L~| 1,30 €/L~1.95~/ud.~Agua y refrescos >~Isotónico y energético~https://tienda.mercadona.es/product/29608/bebida-isotonica-limon-aquarius-botella~29608~2023-03-11 22:14:57.079526
Bebida isotónica limón Aquarius~8 latas x 330 ml~| 2,455 €/L~Not available~6.48~/pack~Agua y refrescos >~Isotónico y energético~https://tienda.mercadona.es/product/29605/bebida-isotonica-limon-aquarius-pack-8~29605~2023-03-11 22:14:57.645197
Bebida isotónica limón Aquarius~Lata~330 ml~| 2,576 €/L~0.85~/ud.~Agua y refrescos >~Isotónico y energético~https://tienda.mercadona.es/product/29625/bebida-isotonica-limon-aquarius-lata~29625~2023-03-11 22:14:58.171014
Bebida isotónica sabor cítrico Iso drink Hacendado~Botella~1,5 L~| 0,707 €/L~1.06~/ud.~Agua y refrescos >~Isotónico y energético~https://tienda.mercadona.es/product/28576/bebida-isotonica-sabor-citrico-iso-drink-hacendado-botella~28576~2023-03-11 22:14:58.703116
Bebida isotónica sabor cítrico Iso drink Hacendado~6 latas x 330 ml~| 1,213 €/L~Not available~2.4~/pack~Agua y refrescos >~Isotónico y energético~https://tienda.mercadona.es/product/28575/bebida-isotonica-sabor-citrico-iso-drink-hacendado-pack-6~28575~2023-03-11 22:14:59.236886
Bebida isotónica sabor cítrico Iso drink Hacendado~Lata~330 ml~| 1,213 €/L~0.4~/ud.~Agua y refrescos >~Isotónico y energético~https://tienda.mercadona.es/product/28574/bebida-isotonica-sabor-citrico-iso-drink-hacendado-lata~28574~2023-03-11 22:14:59.773933
Bebida isotónica naranja Aquarius~Botella~1,5 L~| 1,30 €/L~1.95~/ud.~Agua y refrescos >~Isotónico y energético~https://tienda.mercadona.es/product/29609/bebida-isotonica-naranja-aquarius-botella~29609~2023-03-11 22:15:00.313099
Bebida isotónica naranja Aquarius~8 latas x 330 ml~| 2,455 €/L~Not available~6.48~/pack~Agua y refrescos >~Isotónico y energético~https://tienda.mercadona.es/product/29604/bebida-isotonica-naranja-aquarius-pack-8~29604~2023-03-11 22:15:00.816990
Bebida isotónica naranja Aquarius~Lata~330 ml~| 2,576 €/L~0.85~/ud.~Agua y refrescos >~Isotónico y energético~https://tienda.mercadona.es/product/29624/bebida-isotonica-naranja-aquarius-lata~29624~2023-03-11 22:15:01.338255
Bebida isotónica limón Aquarius zero azúcar~Botella~1,5 L~| 1,30 €/L~1.95~/ud.~Agua y refrescos >~Isotónico y energético~https://tienda.mercadona.es/product/29612/bebida-isotonica-limon-aquarius-zero-azucar-botella~29612~2023-03-11 22:15:01.838580
Bebida isotónica de naranja Iso drink Hacendado~Botella~1,5 L~| 0,707 €/L~1.06~/ud.~Agua y refrescos >~Isotónico y energético~https://tienda.mercadona.es/product/28688/bebida-isotonica-naranja-iso-drink-hacendado-botella~28688~2023-03-11 22:15:02.362716
Bebida isotónica de naranja Iso drink Hacendado~6 latas x 330 ml~| 1,213 €/L~Not available~2.4~/pack~Agua y refrescos >~Isotónico y energético~https://tienda.mercadona.es/product/28690/bebida-isotonica-naranja-iso-drink-hacendado-pack-6~28690~2023-03-11 22:15:02.878003
Bebida isotónica de naranja Iso drink Hacendado~Lata~330 ml~| 1,213 €/L~0.4~/ud.~Agua y refrescos >~Isotónico y energético~https://tienda.mercadona.es/product/28689/bebida-isotonica-naranja-iso-drink-hacendado-lata~28689~2023-03-11 22:15:03.413969
Bebida isotónica Iso On blue Hacendado~Botella~1,5 L~| 1,034 €/L~1.55~/ud.~Agua y refrescos >~Isotónico y energético~https://tienda.mercadona.es/product/29410/bebida-isotonica-iso-on-blue-hacendado-botella~29410~2023-03-11 22:15:04.032216
Bebida isotónica Iso On blue Hacendado~Botella~500 ml~| 1,20 €/L~0.6~/ud.~Agua y refrescos >~Isotónico y energético~https://tienda.mercadona.es/product/29080/bebida-isotonica-iso-on-blue-hacendado-botella~29080~2023-03-11 22:15:04.573192
Bebida isotónica azul Powerade~Botella~500 ml~| 2,14 €/L~1.07~/ud.~Agua y refrescos >~Isotónico y energético~https://tienda.mercadona.es/product/27491/bebida-isotonica-azul-powerade-botella~27491~2023-03-11 22:15:05.102468
Bebida isotónica soluble sabor limón Enervit Sport~Bote~14 dosis (420 g)~| 21,31 €/kg~8.95~/ud.~Agua y refrescos >~Isotónico y energético~https://tienda.mercadona.es/product/28299/bebida-isotonica-soluble-sabor-limon-enervit-sport-bote~28299~2023-03-11 22:15:05.598668
Bebida energética light Hacendado~Lata~250 ml~| 1,80 €/L~0.45~/ud.~Agua y refrescos >~Isotónico y energético~https://tienda.mercadona.es/product/27944/bebida-energetica-light-hacendado-lata~27944~2023-03-11 22:15:06.141786
Bebida energética Energy Ultra zero Monster~4 latas x 500 ml~| 3,16 €/L~Not available~6.32~/pack~Agua y refrescos >~Isotónico y energético~https://tienda.mercadona.es/product/28670/bebida-energetica-energy-ultra-zero-monster-pack-4~28670~2023-03-11 22:15:06.614754
Bebida energética Energy Ultra zero Monster~Lata~500 ml~| 3,40 €/L~1.7~/ud.~Agua y refrescos >~Isotónico y energético~https://tienda.mercadona.es/product/28119/bebida-energetica-energy-ultra-zero-monster-lata~28119~2023-03-11 22:15:07.083020
Malta Maltín Polar~207 ml~| 4,445 €/L~Not available~0.92~/ud.~Agua y refrescos >~Isotónico y energético~https://tienda.mercadona.es/product/66168/malta-maltin-polar~66168~2023-03-11 22:15:07.576101
Bebida energética energy Monster~4 latas x 500 ml~| 3,36 €/L~Not available~6.72~/pack~Agua y refrescos >~Isotónico y energético~https://tienda.mercadona.es/product/28664/bebida-energetica-energy-monster-pack-4~28664~2023-03-11 22:15:08.103767
Bebida energética Energy Monster~Lata~500 ml~| 3,60 €/L~1.8~/ud.~Agua y refrescos >~Isotónico y energético~https://tienda.mercadona.es/product/28016/bebida-energetica-energy-monster-lata~28016~2023-03-11 22:15:08.639979
Bebida energética Energy Drink~Botella~1,5 L~| 1,134 €/L~1.7~/ud.~Agua y refrescos >~Isotónico y energético~https://tienda.mercadona.es/product/28266/bebida-energetica-energy-drink-botella~28266~2023-03-11 22:15:09.186852
Bebida energética Energy Drink~Bote~500 ml~| 1,60 €/L~0.8~/ud.~Agua y refrescos >~Isotónico y energético~https://tienda.mercadona.es/product/28265/bebida-energetica-energy-drink-bote~28265~2023-03-11 22:15:09.734278
Bebida energética Energy Drink~6 latas x 250 ml~| 1,80 €/L~Not available~2.7~/pack~Agua y refrescos >~Isotónico y energético~https://tienda.mercadona.es/product/28263/bebida-energetica-energy-drink-pack-6~28263~2023-03-11 22:15:10.276384
Bebida energética Energy Drink~Lata~250 ml~| 1,80 €/L~0.45~/ud.~Agua y refrescos >~Isotónico y energético~https://tienda.mercadona.es/product/28264/bebida-energetica-energy-drink-lata~28264~2023-03-11 22:15:10.826982
Bebida energética Red Bull~4 latas x 250 ml~| 4,52 €/L~Not available~4.52~/pack~Agua y refrescos >~Isotónico y energético~https://tienda.mercadona.es/product/29378/bebida-energetica-red-bull-pack-4~29378~2023-03-11 22:15:11.355177
Bebida energética Red Bull~Lata~250 ml~| 5,12 €/L~1.28~/ud.~Agua y refrescos >~Isotónico y energético~https://tienda.mercadona.es/product/27905/bebida-energetica-red-bull-lata~27905~2023-03-11 22:15:11.901937
Bebida energética original Burn~4 latas x 500 ml~| 2,10 €/L~Not available~4.2~/pack~Agua y refrescos >~Isotónico y energético~https://tienda.mercadona.es/product/29365/bebida-energetica-original-burn-pack-4~29365~2023-03-11 22:15:12.428159
Bebida energética original Burn~Lata~500 ml~| 2,20 €/L~1.1~/ud.~Agua y refrescos >~Isotónico y energético~https://tienda.mercadona.es/product/27913/bebida-energetica-original-burn-lata~27913~2023-03-11 22:15:12.927082
Gel energético con cafeína Enervit Sport sabor cítricos~3 ud. x 32 g~| 39,131 €/kg~Not available~3.6~/pack~Agua y refrescos >~Isotónico y energético~https://tienda.mercadona.es/product/28116/gel-energetico-con-cafeina-enervit-sport-sabor-citricos-pack-3~28116~2023-03-11 22:15:13.447156
Gel energético Enervit Sport sabor naranja~3 ud. x 32 g~| 39,131 €/kg~Not available~3.6~/pack~Agua y refrescos >~Isotónico y energético~https://tienda.mercadona.es/product/29266/gel-energetico-enervit-sport-sabor-naranja-pack-3~29266~2023-03-11 22:15:13.980347
Bebida energética Mango Loco Monster~4 latas x 500 ml~| 3,36 €/L~Not available~6.72~/pack~Agua y refrescos >~Isotónico y energético~https://tienda.mercadona.es/product/13815/bebida-energetica-mango-loco-monster-pack-4~13815~2023-03-11 22:15:14.523378
Bebida energética Mango Loco Monster~Lata~500 ml~| 3,60 €/L~1.8~/ud.~Agua y refrescos >~Isotónico y energético~https://tienda.mercadona.es/product/13814/bebida-energetica-mango-loco-monster-lata~13814~2023-03-11 22:15:15.076026
Refresco Coca-Cola~2 botellas x 2 L~| 1,185 €/L~Not available~4.74~/pack~Agua y refrescos >~Refresco de cola~https://tienda.mercadona.es/product/27348/refresco-coca-cola-pack-2~27348~2023-03-11 22:16:17.734385
Refresco Coca-Cola~Botella~2 L~| 1,235 €/L~2.47~/ud.~Agua y refrescos >~Refresco de cola~https://tienda.mercadona.es/product/27342/refresco-coca-cola-botella~27342~2023-03-11 22:16:18.573500
Refresco Coca-Cola~Botella~1,25 L~| 1,376 €/L~1.72~/ud.~Agua y refrescos >~Refresco de cola~https://tienda.mercadona.es/product/28181/refresco-coca-cola-botella~28181~2023-03-11 22:16:19.227643
Refresco Coca-Cola~4 botellas x 500 ml~| 2,52 €/L~Not available~5.04~/pack~Agua y refrescos >~Refresco de cola~https://tienda.mercadona.es/product/28113/refresco-coca-cola-pack-4~28113~2023-03-11 22:16:19.848887
Refresco Coca-Cola~Botella~500 ml~| 2,98 €/L~1.49~/ud.~Agua y refrescos >~Refresco de cola~https://tienda.mercadona.es/product/29360/refresco-coca-cola-botella~29360~2023-03-11 22:16:20.387586
Refresco Coca-Cola~12 latas x 330 ml~| 2,485 €/L~Not available~9.84~/pack~Agua y refrescos >~Refresco de cola~https://tienda.mercadona.es/product/27321/refresco-coca-cola-pack-12~27321~2023-03-11 22:16:20.911066
Refresco Coca-Cola~Lata~330 ml~| 2,758 €/L~0.91~/ud.~Agua y refrescos >~Refresco de cola~https://tienda.mercadona.es/product/27326/refresco-coca-cola-lata~27326~2023-03-11 22:16:21.560729
Refresco cola Hacendado~Botella~2 L~| 0,55 €/L~1.1~/ud.~Agua y refrescos >~Refresco de cola~https://tienda.mercadona.es/product/29072/refresco-cola-hacendado-botella~29072~2023-03-11 22:16:22.063259
Refresco cola Hacendado~6 latas x 330 ml~| 1,182 €/L~Not available~2.34~/pack~Agua y refrescos >~Refresco de cola~https://tienda.mercadona.es/product/29031/refresco-cola-hacendado-pack-6~29031~2023-03-11 22:16:22.604511
Refresco cola Hacendado~Lata~330 ml~| 1,182 €/L~0.39~/ud.~Agua y refrescos >~Refresco de cola~https://tienda.mercadona.es/product/29032/refresco-cola-hacendado-lata~29032~2023-03-11 22:16:23.164684
Refresco cola Pepsi~Botella~1,75 L~| 1,08 €/L~1.89~/ud.~Agua y refrescos >~Refresco de cola~https://tienda.mercadona.es/product/23894/refresco-cola-pepsi-botella~23894~2023-03-11 22:16:23.707682
Refresco Coca-Cola Zero azúcar~12 latas x 330 ml~| 2,304 €/L~Not available~9.12~/pack~Agua y refrescos >~Refresco de cola~https://tienda.mercadona.es/product/27426/refresco-coca-cola-zero-azucar-pack-12~27426~2023-03-11 22:16:24.192168
Refresco Coca-Cola Zero azúcar~Lata~330 ml~| 2,576 €/L~0.85~/ud.~Agua y refrescos >~Refresco de cola~https://tienda.mercadona.es/product/27414/refresco-coca-cola-zero-azucar-lata~27414~2023-03-11 22:16:24.718604
Refresco Coca-Cola Zero azúcar~2 botellas x 2 L~| 1,00 €/L~Not available~4.0~/pack~Agua y refrescos >~Refresco de cola~https://tienda.mercadona.es/product/27449/refresco-coca-cola-zero-azucar-pack-2~27449~2023-03-11 22:16:25.196674
Refresco Coca-Cola Zero azúcar~Botella~2 L~| 1,05 €/L~2.1~/ud.~Agua y refrescos >~Refresco de cola~https://tienda.mercadona.es/product/27445/refresco-coca-cola-zero-azucar-botella~27445~2023-03-11 22:16:25.753083
Refresco Coca-Cola Zero azúcar~Botella~1,25 L~| 1,192 €/L~1.49~/ud.~Agua y refrescos >~Refresco de cola~https://tienda.mercadona.es/product/13816/refresco-coca-cola-zero-azucar-botella~13816~2023-03-11 22:16:26.297133
Refresco Coca-Cola Zero azúcar~4 botellas x 500 ml~| 2,32 €/L~Not available~4.64~/pack~Agua y refrescos >~Refresco de cola~https://tienda.mercadona.es/product/28115/refresco-coca-cola-zero-azucar-pack-4~28115~2023-03-11 22:16:26.834509
Refresco Coca-Cola Zero azúcar~Botella~500 ml~| 2,78 €/L~1.39~/ud.~Agua y refrescos >~Refresco de cola~https://tienda.mercadona.es/product/29361/refresco-coca-cola-zero-azucar-botella~29361~2023-03-11 22:16:27.394005
Refresco Coca-Cola light~12 latas x 330 ml~| 2,667 €/L~Not available~10.56~/pack~Agua y refrescos >~Refresco de cola~https://tienda.mercadona.es/product/27656/refresco-coca-cola-light-pack-12~27656~2023-03-11 22:16:27.921805
Refresco Coca-Cola light~Lata~330 ml~| 2,728 €/L~0.9~/ud.~Agua y refrescos >~Refresco de cola~https://tienda.mercadona.es/product/27406/refresco-coca-cola-light-lata~27406~2023-03-11 22:16:28.464994
Refresco Coca-Cola Zero Zero~12 latas x 330 ml~| 2,304 €/L~Not available~9.12~/pack~Agua y refrescos >~Refresco de cola~https://tienda.mercadona.es/product/26997/refresco-coca-cola-zero-zero-pack-12~26997~2023-03-11 22:16:28.926862
Refresco Coca-Cola Zero Zero~Lata~330 ml~| 2,576 €/L~0.85~/ud.~Agua y refrescos >~Refresco de cola~https://tienda.mercadona.es/product/27559/refresco-coca-cola-zero-zero-lata~27559~2023-03-11 22:16:29.438919
Refresco Coca-Cola Zero Zero~2 botellas x 2 L~| 1,00 €/L~Not available~4.0~/pack~Agua y refrescos >~Refresco de cola~https://tienda.mercadona.es/product/28180/refresco-coca-cola-zero-zero-pack-2~28180~2023-03-11 22:16:29.931152
Refresco Coca-Cola Zero Zero~Botella~2 L~| 1,05 €/L~2.1~/ud.~Agua y refrescos >~Refresco de cola~https://tienda.mercadona.es/product/27462/refresco-coca-cola-zero-zero-botella~27462~2023-03-11 22:16:30.531437
Refresco cola Hacendado Zero azúcar~Botella~2 L~| 0,35 €/L~0.7~/ud.~Agua y refrescos >~Refresco de cola~https://tienda.mercadona.es/product/29073/refresco-cola-hacendado-zero-azucar-botella~29073~2023-03-11 22:16:31.069704
Refresco cola Hacendado Zero azúcar~6 latas x 330 ml~| 0,97 €/L~Not available~1.92~/pack~Agua y refrescos >~Refresco de cola~https://tienda.mercadona.es/product/29033/refresco-cola-hacendado-zero-azucar-pack-6~29033~2023-03-11 22:16:31.630590
Refresco cola Hacendado Zero azúcar~Lata~330 ml~| 0,97 €/L~0.32~/ud.~Agua y refrescos >~Refresco de cola~https://tienda.mercadona.es/product/29034/refresco-cola-hacendado-zero-azucar-lata~29034~2023-03-11 22:16:32.192587
Refresco cola Hacendado Zero azúcar Zero cafeína~Botella~2 L~| 0,35 €/L~0.7~/ud.~Agua y refrescos >~Refresco de cola~https://tienda.mercadona.es/product/29074/refresco-cola-hacendado-zero-azucar-zero-cafeina-botella~29074~2023-03-11 22:16:32.841024
Refresco cola Hacendado Zero azúcar Zero cafeína~6 latas x 330 ml~| 0,97 €/L~Not available~1.92~/pack~Agua y refrescos >~Refresco de cola~https://tienda.mercadona.es/product/29035/refresco-cola-hacendado-zero-azucar-zero-cafeina-pack-6~29035~2023-03-11 22:16:33.428318
Refresco cola Hacendado Zero azúcar Zero cafeína~Lata~330 ml~| 0,97 €/L~0.32~/ud.~Agua y refrescos >~Refresco de cola~https://tienda.mercadona.es/product/29036/refresco-cola-hacendado-zero-azucar-zero-cafeina-lata~29036~2023-03-11 22:16:34.007357
Refresco cola Pepsi Max zero~Botella~1,75 L~| 0,966 €/L~1.69~/ud.~Agua y refrescos >~Refresco de cola~https://tienda.mercadona.es/product/23898/refresco-cola-pepsi-max-zero-botella~23898~2023-03-11 22:16:34.597745
Refresco Coca-Cola Zero Zero~12 latas x 330 ml~| 2,304 €/L~Not available~9.12~/pack~Agua y refrescos >~Refresco de cola~https://tienda.mercadona.es/product/26997/refresco-coca-cola-zero-zero-pack-12~26997~2023-03-11 22:16:35.100186
Refresco Coca-Cola Zero Zero~Lata~330 ml~| 2,576 €/L~0.85~/ud.~Agua y refrescos >~Refresco de cola~https://tienda.mercadona.es/product/27559/refresco-coca-cola-zero-zero-lata~27559~2023-03-11 22:16:35.649243
Refresco Coca-Cola Zero Zero~2 botellas x 2 L~| 1,00 €/L~Not available~4.0~/pack~Agua y refrescos >~Refresco de cola~https://tienda.mercadona.es/product/28180/refresco-coca-cola-zero-zero-pack-2~28180~2023-03-11 22:16:36.157351
Refresco Coca-Cola Zero Zero~Botella~2 L~| 1,05 €/L~2.1~/ud.~Agua y refrescos >~Refresco de cola~https://tienda.mercadona.es/product/27462/refresco-coca-cola-zero-zero-botella~27462~2023-03-11 22:16:36.710060
Refresco Coca-Cola sin cafeína~Lata~330 ml~| 2,243 €/L~0.74~/ud.~Agua y refrescos >~Refresco de cola~https://tienda.mercadona.es/product/27424/refresco-coca-cola-sin-cafeina-lata~27424~2023-03-11 22:16:37.272579
Refresco Coca-Cola sin cafeína~Botella~2 L~| 1,235 €/L~2.47~/ud.~Agua y refrescos >~Refresco de cola~https://tienda.mercadona.es/product/27446/refresco-coca-cola-sin-cafeina-botella~27446~2023-03-11 22:16:37.844459
Refresco cola Hacendado Zero azúcar Zero cafeína~Botella~2 L~| 0,35 €/L~0.7~/ud.~Agua y refrescos >~Refresco de cola~https://tienda.mercadona.es/product/29074/refresco-cola-hacendado-zero-azucar-zero-cafeina-botella~29074~2023-03-11 22:16:38.407202
Refresco cola Hacendado Zero azúcar Zero cafeína~6 latas x 330 ml~| 0,97 €/L~Not available~1.92~/pack~Agua y refrescos >~Refresco de cola~https://tienda.mercadona.es/product/29035/refresco-cola-hacendado-zero-azucar-zero-cafeina-pack-6~29035~2023-03-11 22:16:38.949806
Refresco cola Hacendado Zero azúcar Zero cafeína~Lata~330 ml~| 0,97 €/L~0.32~/ud.~Agua y refrescos >~Refresco de cola~https://tienda.mercadona.es/product/29036/refresco-cola-hacendado-zero-azucar-zero-cafeina-lata~29036~2023-03-11 22:16:39.537617
Refresco Fanta limón~Botella~2 L~| 0,875 €/L~1.75~/ud.~Agua y refrescos >~Refresco de naranja y de limón~https://tienda.mercadona.es/product/27610/refresco-fanta-limon-botella~27610~2023-03-11 22:17:17.084584
Refresco Fanta limón~9 latas x 330 ml~| 2,031 €/L~Not available~6.03~/pack~Agua y refrescos >~Refresco de naranja y de limón~https://tienda.mercadona.es/product/13817/refresco-fanta-limon-pack-9~13817~2023-03-11 22:17:17.663886
Refresco Fanta limón~Lata~330 ml~| 2,122 €/L~0.7~/ud.~Agua y refrescos >~Refresco de naranja y de limón~https://tienda.mercadona.es/product/27602/refresco-fanta-limon-lata~27602~2023-03-11 22:17:18.195992
Refresco Fanta limón zero azúcares añadidos~Lata~330 ml~| 2,122 €/L~0.7~/ud.~Agua y refrescos >~Refresco de naranja y de limón~https://tienda.mercadona.es/product/27608/refresco-fanta-limon-zero-azucares-anadidos-lata~27608~2023-03-11 22:17:18.785709
Refresco de limón Hacendado fresh gas~Botella~2 L~| 0,475 €/L~0.95~/ud.~Agua y refrescos >~Refresco de naranja y de limón~https://tienda.mercadona.es/product/29077/refresco-limon-hacendado-fresh-gas-botella~29077~2023-03-11 22:17:19.318828
Refresco de limón Hacendado fresh gas~6 latas x 330 ml~| 0,97 €/L~Not available~1.92~/pack~Agua y refrescos >~Refresco de naranja y de limón~https://tienda.mercadona.es/product/29043/refresco-limon-hacendado-fresh-gas-pack-6~29043~2023-03-11 22:17:19.875977
Refresco de limón Hacendado fresh gas~Lata~330 ml~| 0,97 €/L~0.32~/ud.~Agua y refrescos >~Refresco de naranja y de limón~https://tienda.mercadona.es/product/29044/refresco-limon-hacendado-fresh-gas-lata~29044~2023-03-11 22:17:20.406270
Refresco de limón Hacendado zero azúcar fresh gas~Botella~2 L~| 0,435 €/L~0.87~/ud.~Agua y refrescos >~Refresco de naranja y de limón~https://tienda.mercadona.es/product/29078/refresco-limon-hacendado-zero-azucar-fresh-gas-botella~29078~2023-03-11 22:17:20.967585
Refresco de limón Hacendado zero azúcar fresh gas~6 latas x 330 ml~| 1,061 €/L~Not available~2.1~/pack~Agua y refrescos >~Refresco de naranja y de limón~https://tienda.mercadona.es/product/29045/refresco-limon-hacendado-zero-azucar-fresh-gas-pack-6~29045~2023-03-11 22:17:21.493901
Refresco de limón Hacendado zero azúcar fresh gas~Lata~330 ml~| 1,061 €/L~0.35~/ud.~Agua y refrescos >~Refresco de naranja y de limón~https://tienda.mercadona.es/product/29046/refresco-limon-hacendado-zero-azucar-fresh-gas-lata~29046~2023-03-11 22:17:22.034262
Refresco limón Schweppes original~8 latas x 330 ml~| 2,667 €/L~Not available~7.04~/pack~Agua y refrescos >~Refresco de naranja y de limón~https://tienda.mercadona.es/product/27761/refresco-limon-schweppes-original-pack-8~27761~2023-03-11 22:17:22.575238
Refresco limón Schweppes original~Lata~330 ml~| 2,697 €/L~0.89~/ud.~Agua y refrescos >~Refresco de naranja y de limón~https://tienda.mercadona.es/product/27762/refresco-limon-schweppes-original-lata~27762~2023-03-11 22:17:23.106782
Refresco lima limón Sprite~Botella~2 L~| 0,77 €/L~1.54~/ud.~Agua y refrescos >~Refresco de naranja y de limón~https://tienda.mercadona.es/product/26990/refresco-lima-limon-sprite-botella~26990~2023-03-11 22:17:23.655471
Refresco lima limón Sprite~8 latas x 330 ml~| 1,516 €/L~Not available~4.0~/pack~Agua y refrescos >~Refresco de naranja y de limón~https://tienda.mercadona.es/product/28176/refresco-lima-limon-sprite-pack-8~28176~2023-03-11 22:17:24.199945
Refresco lima limón Sprite~Lata~330 ml~| 1,607 €/L~0.53~/ud.~Agua y refrescos >~Refresco de naranja y de limón~https://tienda.mercadona.es/product/27845/refresco-lima-limon-sprite-lata~27845~2023-03-11 22:17:24.812846
Refresco lima limón 7 Up~Botella~2 L~| 0,775 €/L~1.55~/ud.~Agua y refrescos >~Refresco de naranja y de limón~https://tienda.mercadona.es/product/27763/refresco-lima-limon-7-up-botella~27763~2023-03-11 22:17:25.347692
Refresco lima limón 7 Up~9 latas x 330 ml~| 1,576 €/L~Not available~4.68~/pack~Agua y refrescos >~Refresco de naranja y de limón~https://tienda.mercadona.es/product/22112/refresco-lima-limon-7-up-pack-9~22112~2023-03-11 22:17:25.867528
Refresco lima limón 7 Up~Lata~330 ml~| 1,667 €/L~0.55~/ud.~Agua y refrescos >~Refresco de naranja y de limón~https://tienda.mercadona.es/product/27770/refresco-lima-limon-7-up-lata~27770~2023-03-11 22:17:26.404088
Refresco lima limón Hacendado fresh gas~Botella~2 L~| 0,475 €/L~0.95~/ud.~Agua y refrescos >~Refresco de naranja y de limón~https://tienda.mercadona.es/product/29079/refresco-lima-limon-hacendado-fresh-gas-botella~29079~2023-03-11 22:17:26.949617
Refresco lima limón Hacendado fresh gas~6 latas x 330 ml~| 1,061 €/L~Not available~2.1~/pack~Agua y refrescos >~Refresco de naranja y de limón~https://tienda.mercadona.es/product/29047/refresco-lima-limon-hacendado-fresh-gas-pack-6~29047~2023-03-11 22:17:27.470654
Refresco lima limón Hacendado fresh gas~Lata~330 ml~| 1,061 €/L~0.35~/ud.~Agua y refrescos >~Refresco de naranja y de limón~https://tienda.mercadona.es/product/29048/refresco-lima-limon-hacendado-fresh-gas-lata~29048~2023-03-11 22:17:28.029030
Refresco lima limón Hacendado zero azúcar fresh gas~Botella~2 L~| 0,435 €/L~0.87~/ud.~Agua y refrescos >~Refresco de naranja y de limón~https://tienda.mercadona.es/product/29064/refresco-lima-limon-hacendado-zero-azucar-fresh-gas-botella~29064~2023-03-11 22:17:28.581942
Refresco Fanta naranja~2 botellas x 2 L~| 0,73 €/L~Not available~2.92~/pack~Agua y refrescos >~Refresco de naranja y de limón~https://tienda.mercadona.es/product/27526/refresco-fanta-naranja-pack-2~27526~2023-03-11 22:17:29.136099
Refresco Fanta naranja~Botella~2 L~| 0,875 €/L~1.75~/ud.~Agua y refrescos >~Refresco de naranja y de limón~https://tienda.mercadona.es/product/27508/refresco-fanta-naranja-botella~27508~2023-03-11 22:17:29.684716
Refresco Fanta naranja~9 latas x 330 ml~| 2,031 €/L~Not available~6.03~/pack~Agua y refrescos >~Refresco de naranja y de limón~https://tienda.mercadona.es/product/27571/refresco-fanta-naranja-pack-9~27571~2023-03-11 22:17:30.217311
Refresco Fanta naranja~Lata~330 ml~| 2,122 €/L~0.7~/ud.~Agua y refrescos >~Refresco de naranja y de limón~https://tienda.mercadona.es/product/27502/refresco-fanta-naranja-lata~27502~2023-03-11 22:17:30.771518
Refresco Fanta naranja zero azúcares añadidos~Botella~2 L~| 0,75 €/L~1.5~/ud.~Agua y refrescos >~Refresco de naranja y de limón~https://tienda.mercadona.es/product/27545/refresco-fanta-naranja-zero-azucares-anadidos-botella~27545~2023-03-11 22:17:31.331520
Refresco Fanta naranja zero azúcares añadidos~Lata~330 ml~| 2,122 €/L~0.7~/ud.~Agua y refrescos >~Refresco de naranja y de limón~https://tienda.mercadona.es/product/27510/refresco-fanta-naranja-zero-azucares-anadidos-lata~27510~2023-03-11 22:17:31.903831
Refresco de naranja Hacendado fresh gas~Botella~2 L~| 0,475 €/L~0.95~/ud.~Agua y refrescos >~Refresco de naranja y de limón~https://tienda.mercadona.es/product/29075/refresco-naranja-hacendado-fresh-gas-botella~29075~2023-03-11 22:17:32.422605
Refresco de naranja Hacendado fresh gas~6 latas x 330 ml~| 0,97 €/L~Not available~1.92~/pack~Agua y refrescos >~Refresco de naranja y de limón~https://tienda.mercadona.es/product/29039/refresco-naranja-hacendado-fresh-gas-pack-6~29039~2023-03-11 22:17:32.963475
Refresco de naranja Hacendado fresh gas~Lata~330 ml~| 0,97 €/L~0.32~/ud.~Agua y refrescos >~Refresco de naranja y de limón~https://tienda.mercadona.es/product/29040/refresco-naranja-hacendado-fresh-gas-lata~29040~2023-03-11 22:17:33.527249
Refresco de naranja Hacendado zero fresh gas~Botella~2 L~| 0,435 €/L~0.87~/ud.~Agua y refrescos >~Refresco de naranja y de limón~https://tienda.mercadona.es/product/29076/refresco-naranja-hacendado-zero-fresh-gas-botella~29076~2023-03-11 22:17:34.097021
Refresco de naranja Hacendado zero fresh gas~6 latas x 330 ml~| 1,061 €/L~Not available~2.1~/pack~Agua y refrescos >~Refresco de naranja y de limón~https://tienda.mercadona.es/product/29041/refresco-naranja-hacendado-zero-fresh-gas-pack-6~29041~2023-03-11 22:17:34.627654
Refresco de naranja Hacendado zero fresh gas~Lata~330 ml~| 1,061 €/L~0.35~/ud.~Agua y refrescos >~Refresco de naranja y de limón~https://tienda.mercadona.es/product/29042/refresco-naranja-hacendado-zero-fresh-gas-lata~29042~2023-03-11 22:17:35.204797
Tónica original Schweppes~Not available~Not available~Not available~7.36~/pack~Not Available~Compartir~https://tienda.mercadona.es/product/27666/tonica-original-schweppes-pack-8~27666~2023-03-11 22:26:19.988238
Tónica original Schweppes~Not available~Not available~Not available~0.93~/ud.~Not Available~Compartir~https://tienda.mercadona.es/product/27667/tonica-original-schweppes-lata~27667~2023-03-11 22:26:20.420275
Tónica original Schweppes~Not available~Not available~Not available~1.97~/ud.~Not Available~Compartir~https://tienda.mercadona.es/product/29247/tonica-original-schweppes-botella~29247~2023-03-11 22:26:20.771899
Tónica original Schweppes~Not available~Not available~Not available~6.48~/pack~Not Available~Compartir~https://tienda.mercadona.es/product/86117/tonica-original-schweppes-pack-6~86117~2023-03-11 22:26:21.123912
Tónica original Schweppes~Not available~Not available~Not available~1.09~/ud.~Not Available~Compartir~https://tienda.mercadona.es/product/86118/tonica-original-schweppes-botellin~86118~2023-03-11 22:26:21.479246
Tónica Hacendado~Not available~Not available~Not available~0.92~/ud.~Not Available~Compartir~https://tienda.mercadona.es/product/27034/tonica-hacendado-botella~27034~2023-03-11 22:26:21.826039
Tónica Hacendado~Not available~Not available~Not available~2.28~/pack~Not Available~Compartir~https://tienda.mercadona.es/product/28034/tonica-hacendado-pack-6~28034~2023-03-11 22:26:22.169677
Tónica Hacendado~Not available~Not available~Not available~0.38~/ud.~Not Available~Compartir~https://tienda.mercadona.es/product/27980/tonica-hacendado-lata~27980~2023-03-11 22:26:22.521433
Tónica zero calorías Schweppes~Not available~Not available~Not available~7.04~/pack~Not Available~Compartir~https://tienda.mercadona.es/product/27487/tonica-zero-calorias-schweppes-pack-8~27487~2023-03-11 22:26:22.881437
Tónica zero calorías Schweppes~Not available~Not available~Not available~0.89~/ud.~Not Available~Compartir~https://tienda.mercadona.es/product/27488/tonica-zero-calorias-schweppes-lata~27488~2023-03-11 22:26:23.223902
Tónica Nordic Mist~Not available~Not available~Not available~4.72~/pack~Not Available~Compartir~https://tienda.mercadona.es/product/27234/tonica-nordic-mist-pack-8~27234~2023-03-11 22:26:23.584115
Tónica Nordic Mist~Not available~Not available~Not available~0.68~/ud.~Not Available~Compartir~https://tienda.mercadona.es/product/27017/tonica-nordic-mist-lata~27017~2023-03-11 22:26:23.933770
Ginger ale Schweppes~Not available~Not available~Not available~7.04~/pack~Not Available~Compartir~https://tienda.mercadona.es/product/27875/ginger-ale-schweppes-pack-8~27875~2023-03-11 22:26:24.274762
Ginger ale Schweppes~Lata~330 ml~| 2,697 €/L~0.89~/ud.~Agua y refrescos >~Tónica y bitter~https://tienda.mercadona.es/product/27876/ginger-ale-schweppes-lata~27876~2023-03-11 22:26:24.701207
Tónica pink Schweppes~Not available~Not available~Not available~7.04~/pack~Not Available~Compartir~https://tienda.mercadona.es/product/28922/tonica-pink-schweppes-pack-8~28922~2023-03-11 22:26:25.058734
Tónica pink Schweppes~Not available~Not available~Not available~0.89~/ud.~Not Available~Compartir~https://tienda.mercadona.es/product/28926/tonica-pink-schweppes-lata~28926~2023-03-11 22:26:25.423231
Bitter Kas sin alcohol~Not available~Not available~Not available~0.99~/ud.~Not Available~Compartir~https://tienda.mercadona.es/product/28435/bitter-kas-sin-alcohol-lata~28435~2023-03-11 22:26:25.771391
Bitter Kas sin alcohol~Not available~Not available~Not available~5.49~/pack~Not Available~Compartir~https://tienda.mercadona.es/product/28433/bitter-kas-sin-alcohol-pack-6~28433~2023-03-11 22:26:26.134653
Refresco al limón Nestea~8 latas x 330 ml~| 2,637 €/L~Not available~6.96~/pack~Agua y refrescos >~Refresco de té y sin gas~https://tienda.mercadona.es/product/28509/refresco-limon-nestea-pack-8~28509~2023-03-11 22:32:22.280534
Refresco al limón Nestea~Lata~330 ml~| 2,728 €/L~0.9~/ud.~Agua y refrescos >~Refresco de té y sin gas~https://tienda.mercadona.es/product/27801/refresco-limon-nestea-lata~27801~2023-03-11 22:32:22.827821
Refresco al limón Nestea~Botella~1,5 L~| 1,30 €/L~1.95~/ud.~Agua y refrescos >~Refresco de té y sin gas~https://tienda.mercadona.es/product/27903/refresco-limon-nestea-botella~27903~2023-03-11 22:32:23.343476
Refresco té verde Hacendado~Botella~1,5 L~| 0,70 €/L~1.05~/ud.~Agua y refrescos >~Refresco de té y sin gas~https://tienda.mercadona.es/product/27832/refresco-te-verde-hacendado-botella~27832~2023-03-11 22:32:23.847770
Refresco té sabor limón Hacendado cero~Botella~1,5 L~| 0,634 €/L~0.95~/ud.~Agua y refrescos >~Refresco de té y sin gas~https://tienda.mercadona.es/product/27805/refresco-te-sabor-limon-hacendado-cero-botella~27805~2023-03-11 22:32:24.359657
Refresco té sabor mango Hacendado cero~Botella~1,5 L~| 0,70 €/L~1.05~/ud.~Agua y refrescos >~Refresco de té y sin gas~https://tienda.mercadona.es/product/28154/refresco-te-sabor-mango-hacendado-cero-botella~28154~2023-03-11 22:32:24.882998
Refresco té sabor limón Hacendado~Botella~1,5 L~| 0,634 €/L~0.95~/ud.~Agua y refrescos >~Refresco de té y sin gas~https://tienda.mercadona.es/product/67938/refresco-te-sabor-limon-hacendado-botella~67938~2023-03-11 22:32:25.420032
Refresco ice tea sabor melocotón Hacendado zero~Botella~1,5 L~| 0,634 €/L~0.95~/ud.~Agua y refrescos >~Refresco de té y sin gas~https://tienda.mercadona.es/product/86137/refresco-ice-tea-sabor-melocoton-hacendado-zero-botella~86137~2023-03-11 22:32:25.926979
Refresco té con limón Hacendado para diluir sin azúcar~Caja~12 sobres (36 g)~| 3,612 €/100 g~1.3~/ud.~Agua y refrescos >~Refresco de té y sin gas~https://tienda.mercadona.es/product/11307/refresco-te-con-limon-hacendado-diluir-sin-azucar-caja~11307~2023-03-11 22:32:26.451257
Refresco té con melocotón Hacendado para diluir~Not available~Not available~Not available~1.3~/ud.~Not Available~Compartir~https://tienda.mercadona.es/product/11319/refresco-te-con-melocoton-hacendado-diluir-con-edulcorantes-caja~11319~2023-03-11 22:32:26.875202
Limonada Don Simón light sin gas~Botella~2 L~| 0,75 €/L~1.5~/ud.~Agua y refrescos >~Refresco de té y sin gas~https://tienda.mercadona.es/product/11319/refresco-te-con-melocoton-hacendado-diluir-con-edulcorantes-caja~11319~2023-03-11 22:32:27.424120
Refresco de naranja Simon Life sin gas~Botella~1,5 L~| 1,234 €/L~1.85~/ud.~Agua y refrescos >~Refresco de té y sin gas~https://tienda.mercadona.es/product/27951/refresco-naranja-simon-life-sin-gas-botella~27951~2023-03-11 22:32:27.916840
Refresco de naranja Gold Spring sin gas~Not available~Not available~Not available~1.3~/ud.~Not Available~Compartir~https://tienda.mercadona.es/product/28077/refresco-naranja-gold-spring-sin-gas-botella~28077~2023-03-11 22:32:28.346204
Refresco de naranja Gold Spring sin gas~4 botellas x 330 ml~| 1,137 €/L~Not available~1.5~/pack~Agua y refrescos >~Refresco de té y sin gas~https://tienda.mercadona.es/product/27842/refresco-naranja-gold-spring-sin-gas-pack-4~27842~2023-03-11 22:32:28.896630
Refresco fusión de frutas Gold Spring cero sin gas~Botella~2 L~| 0,65 €/L~1.3~/ud.~Agua y refrescos >~Refresco de té y sin gas~https://tienda.mercadona.es/product/28187/refresco-fusion-frutas-gold-spring-cero-sin-gas-botella~28187~2023-03-11 22:32:29.529121
Refresco de naranja Trina sin gas~Botella~1,5 L~| 1,10 €/L~1.65~/ud.~Agua y refrescos >~Refresco de té y sin gas~https://tienda.mercadona.es/product/27755/refresco-naranja-trina-sin-gas-botella~27755~2023-03-11 22:32:30.044897
Bebida Florida Sunny Delight~Botella~1,25 L~| 1,512 €/L~1.89~/ud.~Agua y refrescos >~Refresco de té y sin gas~https://tienda.mercadona.es/product/27759/bebida-florida-sunny-delight-botella~27759~2023-03-11 22:32:30.555600
Refresco de manzana sin gas~Botella~1,5 L~| 0,667 €/L~1.0~/ud.~Agua y refrescos >~Refresco de té y sin gas~https://tienda.mercadona.es/product/13606/refresco-manzana-sin-gas-botella~13606~2023-03-11 22:32:31.062847
Refresco piña-coco Gold Spring cero sin gas~Botella~2 L~| 0,65 €/L~1.3~/ud.~Agua y refrescos >~Refresco de té y sin gas~https://tienda.mercadona.es/product/28191/refresco-pina-coco-gold-spring-cero-sin-gas-botella~28191~2023-03-11 22:32:31.564663
Agua de coco Chaokoh 100% natural~Brick~1 L~| 2,60 €/L~2.6~/ud.~Agua y refrescos >~Agua~https://tienda.mercadona.es/product/28198/agua-coco-chaokoh-100-natural-brick~28198~2023-03-11 22:32:32.071633
Refresco sandía Gold Spring cero sin gas~Botella~2 L~| 0,65 €/L~1.3~/ud.~Agua y refrescos >~Refresco de té y sin gas~https://tienda.mercadona.es/product/28190/refresco-sandia-gold-spring-cero-sin-gas-botella~28190~2023-03-11 22:32:32.579728
Refresco Caribe Gold Spring cero sin gas~Botella~2 L~| 0,65 €/L~1.3~/ud.~Agua y refrescos >~Refresco de té y sin gas~https://tienda.mercadona.es/product/28193/refresco-caribe-gold-spring-cero-sin-gas-botella~28193~2023-03-11 22:32:33.104060
Limonada Hacendado light sin gas~4 botellas x 330 ml~| 1,137 €/L~Not available~1.5~/pack~Agua y refrescos >~Refresco de té y sin gas~https://tienda.mercadona.es/product/15988/limonada-hacendado-light-sin-gas-pack-4~15988~2023-03-11 22:32:33.618804
Aceitunas manzanilla rellenas de anchoa Hacendado~3 botes x 150 g~| 6,134 €/kg~Not available~2.76~/pack~Aperitivos >~Aceitunas y encurtidos~https://tienda.mercadona.es/product/22910/aceitunas-manzanilla-rellenas-anchoa-hacendado-pack-3~22910~2023-03-11 22:33:25.947123
Aceitunas manzanilla rellenas de anchoa Hacendado~3 botes x 50 g~| 10,00 €/kg~Not available~1.5~/pack~Aperitivos >~Aceitunas y encurtidos~https://tienda.mercadona.es/product/23217/aceitunas-manzanilla-rellenas-anchoa-hacendado-pack-3~23217~2023-03-11 22:33:26.526303
Aceitunas manzanilla rellenas de anchoa Hacendado~Bote~350 g (150 g escurrido)~| 2,045 €/kg~0.92~/ud.~Aperitivos >~Aceitunas y encurtidos~https://tienda.mercadona.es/product/22911/aceitunas-manzanilla-rellenas-anchoa-hacendado-bote~22911~2023-03-11 22:33:27.127065
Aceitunas manzanilla Hacendado sin hueso~Tarro~835 g (400 g escurrido)~| 5,25 €/kg~2.1~/ud.~Aperitivos >~Aceitunas y encurtidos~https://tienda.mercadona.es/product/33053/aceitunas-manzanilla-hacendado-sin-hueso-tarro~33053~2023-03-11 22:33:27.713796
Aceitunas manzanilla rellenas de anchoa Hacendado reducidas en sal~3 botes x 50 g~| 11,00 €/kg~Not available~1.65~/pack~Aperitivos >~Aceitunas y encurtidos~https://tienda.mercadona.es/product/33078/aceitunas-manzanilla-rellenas-anchoa-hacendado-reducidas-sal-pack-3~33078~2023-03-11 22:33:28.325223
Aceitunas chupadedos Huerta de Barros partidas aliñadas con hueso~Tarro~980 g (600 g escurrido)~| 5,334 €/kg~3.2~/ud.~Aperitivos >~Aceitunas y encurtidos~https://tienda.mercadona.es/product/33168/aceitunas-chupadedos-huerta-barros-partidas-alinadas-con-hueso-tarro~33168~2023-03-11 22:33:28.885612
Aceitunas gazpacha Hacendado con hueso~Tarro~835 g (500 g escurrido)~| 5,00 €/kg~2.5~/ud.~Aperitivos >~Aceitunas y encurtidos~https://tienda.mercadona.es/product/80177/aceitunas-gazpacha-hacendado-con-hueso-tarro~80177~2023-03-11 22:33:29.466008
Aceitunas rellenas de anchoa Hacendado selección~Bote~350 g (150 g escurrido)~| 9,667 €/kg~1.45~/ud.~Aperitivos >~Aceitunas y encurtidos~https://tienda.mercadona.es/product/23759/aceitunas-rellenas-anchoa-hacendado-seleccion-bote~23759~2023-03-11 22:33:30.070649
Aceitunas manzanilla Hacendado sin hueso~3 paquetes x 75 g~| 7,112 €/kg~Not available~1.6~/pack~Aperitivos >~Aceitunas y encurtidos~https://tienda.mercadona.es/product/33114/aceitunas-manzanilla-hacendado-sin-hueso-pack-3~33114~2023-03-11 22:33:30.678834
Aceitunas estilo caseras Hacendado aliñadas~Tarro~935 g (550 g escurrido)~| 5,182 €/kg~2.85~/ud.~Aperitivos >~Aceitunas y encurtidos~https://tienda.mercadona.es/product/13422/aceitunas-estilo-caseras-hacendado-alinadas-tarro~13422~2023-03-11 22:33:31.259254
Aceitunas manzanilla Hacendado con hueso~Tarro~835 g (500 g escurrido)~| 4,20 €/kg~2.1~/ud.~Aperitivos >~Aceitunas y encurtidos~https://tienda.mercadona.es/product/80016/aceitunas-manzanilla-hacendado-con-hueso-tarro~80016~2023-03-11 22:33:31.839610
Aceitunas rellenas de limón Hacendado~Bote~350 g (150 g escurrido)~| 10,00 €/kg~1.5~/ud.~Aperitivos >~Aceitunas y encurtidos~https://tienda.mercadona.es/product/33126/aceitunas-rellenas-limon-hacendado-bote~33126~2023-03-11 22:33:32.410918
Aceitunas manzanilla aliñadas Hacendado sin hueso~Tarro~420 g (200 g escurrido)~| 8,50 €/kg~1.7~/ud.~Aperitivos >~Aceitunas y encurtidos~https://tienda.mercadona.es/product/33121/aceitunas-manzanilla-alinadas-hacendado-sin-hueso-tarro~33121~2023-03-11 22:33:32.991743
Aceitunas chupadedos Huerta de Barros partidas aliñadas con hueso~Tarro~350 g (185 g escurrido)~| 9,19 €/kg~1.7~/ud.~Aperitivos >~Aceitunas y encurtidos~https://tienda.mercadona.es/product/60718/aceitunas-chupadedos-huerta-barros-partidas-alinadas-con-hueso-tarro~60718~2023-03-11 22:33:33.609290
Aceitunas rellenas de jalapeño Hacendado~Bote~350 g (150 g escurrido)~| 10,00 €/kg~1.5~/ud.~Aperitivos >~Aceitunas y encurtidos~https://tienda.mercadona.es/product/33178/aceitunas-rellenas-jalapeno-hacendado-bote~33178~2023-03-11 22:33:34.260428
Aceitunas aloreña Roldán partida con hueso~Bote~1,33 kg (830 g escurrido)~| 4,458 €/kg~3.7~/ud.~Aperitivos >~Aceitunas y encurtidos~https://tienda.mercadona.es/product/33059/aceitunas-alorena-roldan-partida-con-hueso-bote~33059~2023-03-11 22:33:34.879741
Aceitunas rellenas de pimiento asado Hacendado~Bote~350 g (150 g escurrido)~| 10,00 €/kg~1.5~/ud.~Aperitivos >~Aceitunas y encurtidos~https://tienda.mercadona.es/product/23708/aceitunas-rellenas-pimiento-asado-hacendado-bote~23708~2023-03-11 22:33:35.496053
Aceitunas manzanilla sabor anchoa Hacendado con hueso calibre grande~Tarro~935 g (530 g escurrido)~| 5,567 €/kg~2.95~/ud.~Aperitivos >~Aceitunas y encurtidos~https://tienda.mercadona.es/product/33120/aceitunas-manzanilla-sabor-anchoa-hacendado-con-hueso-calibre-grande-tarro~33120~2023-03-11 22:33:36.068817
Aceitunas manzanilla sabor anchoa Hacendado con hueso calibre pequeño~Tarro~430 g (250 g escurrido)~| 5,20 €/kg~1.3~/ud.~Aperitivos >~Aceitunas y encurtidos~https://tienda.mercadona.es/product/33205/aceitunas-manzanilla-sabor-anchoa-hacendado-con-hueso-calibre-pequeno-tarro~33205~2023-03-11 22:33:36.654945
Aceitunas aliñadas Hacendado sin hueso~Tarro~835 g (400 g escurrido)~| 7,75 €/kg~3.1~/ud.~Aperitivos >~Aceitunas y encurtidos~https://tienda.mercadona.es/product/33128/aceitunas-alinadas-hacendado-sin-hueso-tarro~33128~2023-03-11 22:33:37.235221
Aceitunas hojiblanca Dcoop partida con hueso~Bote~1,23 kg (700 g escurrido)~| 5,429 €/kg~3.8~/ud.~Aperitivos >~Aceitunas y encurtidos~https://tienda.mercadona.es/product/15575/aceitunas-hojiblanca-dcoop-partida-con-hueso-bote~15575~2023-03-11 22:33:37.832669
Aceitunas arbequina Hacendado con hueso~Tarro~370 g (210 g escurrido)~| 8,334 €/kg~1.75~/ud.~Aperitivos >~Aceitunas y encurtidos~https://tienda.mercadona.es/product/67915/aceitunas-arbequina-hacendado-con-hueso-tarro~67915~2023-03-11 22:33:38.419743
Aceitunas negras Hacendado sin hueso~Bote~350 g (150 g escurrido)~| 7,00 €/kg~1.05~/ud.~Aperitivos >~Aceitunas y encurtidos~https://tienda.mercadona.es/product/33249/aceitunas-negras-hacendado-sin-hueso-bote~33249~2023-03-11 22:33:38.974065
Aceitunas negras naturales de Aragón Hacendado~Tarro~250 g~| 8,40 €/kg~2.1~/ud.~Aperitivos >~Aceitunas y encurtidos~https://tienda.mercadona.es/product/22240/aceitunas-negras-naturales-aragon-hacendado-tarro~22240~2023-03-11 22:33:39.558404
Aceitunas negras Hacendado con hueso~Bote~350 g (185 g escurrido)~| 6,217 €/kg~1.15~/ud.~Aperitivos >~Aceitunas y encurtidos~https://tienda.mercadona.es/product/16851/aceitunas-negras-hacendado-con-hueso-bote~16851~2023-03-11 22:33:40.161947
Aceitunas arrugadas negras de Aragón Campo Nature~Tarro~210 g~| 12,381 €/kg~2.6~/ud.~Aperitivos >~Aceitunas y encurtidos~https://tienda.mercadona.es/product/33113/aceitunas-arrugadas-negras-aragon-campo-nature-tarro~33113~2023-03-11 22:33:40.765410
Aceitunas negras Hacendado a rodajas~3 botes x 50 g~| 13,334 €/kg~Not available~2.0~/pack~Aperitivos >~Aceitunas y encurtidos~https://tienda.mercadona.es/product/86593/aceitunas-negras-hacendado-rodajas-pack-3~86593~2023-03-11 22:33:41.346348
Banderillas picantes Hacendado~Tarro~345 g (160 g escurrido)~| 10,00 €/kg~1.6~/ud.~Aperitivos >~Aceitunas y encurtidos~https://tienda.mercadona.es/product/33235/banderillas-picantes-hacendado-tarro~33235~2023-03-11 22:33:41.969688
Banderillas dulces Hacendado en vinagre~Tarro~345 g (160 g escurrido)~| 10,00 €/kg~1.6~/ud.~Aperitivos >~Aceitunas y encurtidos~https://tienda.mercadona.es/product/22154/banderillas-dulces-hacendado-vinagre-tarro~22154~2023-03-11 22:33:42.590708
Mix de encurtidos Hacendado~Tarro~670 g (370 g escurrido)~| 6,082 €/kg~2.25~/ud.~Aperitivos >~Aceitunas y encurtidos~https://tienda.mercadona.es/product/73331/mix-encurtidos-hacendado-tarro~73331~2023-03-11 22:33:43.167856
Pepinillos pequeños Hacendado~Tarro~425 g (250 g escurrido)~| 6,00 €/kg~1.5~/ud.~Aperitivos >~Aceitunas y encurtidos~https://tienda.mercadona.es/product/33184/pepinillos-pequenos-hacendado-tarro~33184~2023-03-11 22:33:43.785133
Altramuces Hacendado~Tarro~690 g (440 g escurrido)~| 3,637 €/kg~1.6~/ud.~Aperitivos >~Aceitunas y encurtidos~https://tienda.mercadona.es/product/33136/altramuces-hacendado-tarro~33136~2023-03-11 22:33:44.379915
Alcaparras Hacendado en vinagre~Tarro~135 g (80 g escurrido)~| 16,25 €/kg~1.3~/ud.~Aperitivos >~Aceitunas y encurtidos~https://tienda.mercadona.es/product/33190/alcaparras-hacendado-vinagre-tarro~33190~2023-03-11 22:33:44.976662
Pepinillos en vinagre Hacendado~Tarro~670 g (370 g escurrido)~| 5,676 €/kg~2.1~/ud.~Aperitivos >~Aceitunas y encurtidos~https://tienda.mercadona.es/product/33182/pepinillos-vinagre-hacendado-tarro~33182~2023-03-11 22:33:45.571861
Pepinillos agridulces Hacendado~Tarro~670 g (370 g escurrido)~| 4,73 €/kg~1.75~/ud.~Aperitivos >~Aceitunas y encurtidos~https://tienda.mercadona.es/product/33187/pepinillos-agridulces-hacendado-tarro~33187~2023-03-11 22:33:46.177241
Pepinillos agridulces Hacendado~Tarro~425 g (250 g escurrido)~| 7,40 €/kg~1.85~/ud.~Aperitivos >~Aceitunas y encurtidos~https://tienda.mercadona.es/product/33152/pepinillos-agridulces-hacendado-tarro~33152~2023-03-11 22:33:46.776905
Picadillo de variantes Hacendado~Tarro~425 g (260 g escurrido)~| 5,385 €/kg~1.4~/ud.~Aperitivos >~Aceitunas y encurtidos~https://tienda.mercadona.es/product/33073/picadillo-variantes-hacendado-tarro~33073~2023-03-11 22:33:47.409106
Pepinillos laminados agridulces Hacendado~Tarro~530 g (290 g escurrido)~| 6,897 €/kg~2.0~/ud.~Aperitivos >~Aceitunas y encurtidos~https://tienda.mercadona.es/product/33100/pepinillos-laminados-agridulces-hacendado-tarro~33100~2023-03-11 22:33:48.004791
Cebollitas Hacendado~Tarro~350 g (190 g escurrido)~| 6,843 €/kg~1.3~/ud.~Aperitivos >~Aceitunas y encurtidos~https://tienda.mercadona.es/product/33141/cebollitas-hacendado-tarro~33141~2023-03-11 22:33:48.639005
Guindillas picantes Hacendado~Tarro~285 g (125 g escurrido)~| 10,40 €/kg~1.3~/ud.~Aperitivos >~Aceitunas y encurtidos~https://tienda.mercadona.es/product/15966/guindillas-picantes-hacendado-tarro~15966~2023-03-11 22:33:49.261493
Ajos aliñados Hacendado~Tarro~345 g (235 g escurrido)~| 10,213 €/kg~2.4~/ud.~Aperitivos >~Aceitunas y encurtidos~https://tienda.mercadona.es/product/33022/ajos-alinados-hacendado-tarro~33022~2023-03-11 22:33:49.956207
Alcaparrones Hacendado en vinagre~Tarro~360 g (180 g escurrido)~| 11,112 €/kg~2.0~/ud.~Aperitivos >~Aceitunas y encurtidos~https://tienda.mercadona.es/product/33159/alcaparrones-hacendado-vinagre-tarro~33159~2023-03-11 22:33:50.567945
Berenjenas de Almagro Antonio aliño suave~Bote~800 g (350 g escurrido)~| 7,572 €/kg~2.65~/ud.~Aperitivos >~Aceitunas y encurtidos~https://tienda.mercadona.es/product/33108/berenjenas-almagro-antonio-alino-suave-bote~33108~2023-03-11 22:33:51.185088
Jalapeños picantes Hacendado en vinagre~Tarro~135 g (60 g escurrido)~| 27,50 €/kg~1.65~/ud.~Aperitivos >~Aceitunas y encurtidos~https://tienda.mercadona.es/product/33189/jalapenos-picantes-hacendado-vinagre-tarro~33189~2023-03-11 22:33:51.788376
Piparra Hacendado~Tarro~285 g (125 g escurrido)~| 20,00 €/kg~2.5~/ud.~Aperitivos >~Aceitunas y encurtidos~https://tienda.mercadona.es/product/15967/piparra-hacendado-tarro~15967~2023-03-11 22:33:52.394579
Nuez natural Hacendado pelada~Paquete~200 g~| 11,25 €/kg~2.25~/ud.~Aperitivos >~Frutos secos y fruta desecada~https://tienda.mercadona.es/product/34024/nuez-natural-hacendado-pelada-paquete~34024~2023-03-11 22:46:07.432074
Almendra natural Hacendado~Paquete~200 g~| 11,50 €/kg~2.3~/ud.~Aperitivos >~Frutos secos y fruta desecada~https://tienda.mercadona.es/product/34865/almendra-natural-hacendado-paquete~34865~2023-03-11 22:46:08.041966
Pistacho tostado Hacendado con sal~Paquete~250 g~| 13,20 €/kg~3.3~/ud.~Aperitivos >~Frutos secos y fruta desecada~https://tienda.mercadona.es/product/86202/pistacho-tostado-hacendado-con-sal-paquete~86202~2023-03-11 22:46:08.609732
Pipas girasol tostadas Hacendado gigante con sal~Paquete~200 g~| 6,00 €/kg~1.2~/ud.~Aperitivos >~Frutos secos y fruta desecada~https://tienda.mercadona.es/product/34079/pipas-girasol-tostadas-hacendado-gigante-con-sal-paquete~34079~2023-03-11 22:46:09.192992
Pistacho tostado Hacendado 0% sal añadida~Paquete~250 g~| 13,20 €/kg~3.3~/ud.~Aperitivos >~Frutos secos y fruta desecada~https://tienda.mercadona.es/product/86190/pistacho-tostado-hacendado-0-sal-anadida-paquete~86190~2023-03-11 22:46:09.793171
Cacahuete frito con sal Belnut pelado~Paquete~250 g~| 4,20 €/kg~1.05~/ud.~Aperitivos >~Frutos secos y fruta desecada~https://tienda.mercadona.es/product/70702/cacahuete-frito-con-sal-belnut-pelado-paquete~70702~2023-03-11 22:46:10.405754
Pipas girasol tostadas Hacendado gigante aguasal~Paquete~200 g~| 6,00 €/kg~1.2~/ud.~Aperitivos >~Frutos secos y fruta desecada~https://tienda.mercadona.es/product/34078/pipas-girasol-tostadas-hacendado-gigante-aguasal-paquete~34078~2023-03-11 22:46:10.976200
Anacardo natural Hacendado~Paquete~200 g~| 12,50 €/kg~2.5~/ud.~Aperitivos >~Frutos secos y fruta desecada~https://tienda.mercadona.es/product/23365/anacardo-natural-hacendado-paquete~23365~2023-03-11 22:46:11.516877
Palomitas de maíz con sal Hacendado para microondas~Paquete~3 ud. (270 g)~| 4,075 €/kg~1.1~/ud.~Aperitivos >~Frutos secos y fruta desecada~https://tienda.mercadona.es/product/34822/palomitas-maiz-con-sal-hacendado-microondas-paquete~34822~2023-03-11 22:46:12.078308
Anacardo frito salado Hacendado~Paquete~200 g~| 11,50 €/kg~2.3~/ud.~Aperitivos >~Frutos secos y fruta desecada~https://tienda.mercadona.es/product/34027/anacardo-frito-salado-hacendado-paquete~34027~2023-03-11 22:46:12.652432
Avellana tostada Hacendado 0% sal añadida~Paquete~200 g~| 14,00 €/kg~2.8~/ud.~Aperitivos >~Frutos secos y fruta desecada~https://tienda.mercadona.es/product/34025/avellana-tostada-hacendado-0-sal-anadida-paquete~34025~2023-03-11 22:46:13.212925
Almendra tostada y salada Hacendado con piel~Paquete~200 g~| 14,00 €/kg~2.8~/ud.~Aperitivos >~Frutos secos y fruta desecada~https://tienda.mercadona.es/product/34013/almendra-tostada-salada-hacendado-con-piel-paquete~34013~2023-03-11 22:46:13.826556
Cacahuete frito y salado Hacendado con piel~Paquete~250 g~| 5,20 €/kg~1.3~/ud.~Aperitivos >~Frutos secos y fruta desecada~https://tienda.mercadona.es/product/34868/cacahuete-frito-salado-hacendado-con-piel-paquete~34868~2023-03-11 22:46:14.463177
Maíz frito crujiente y tierno Hacendado~Paquete~170 g~| 5,883 €/kg~1.0~/ud.~Aperitivos >~Frutos secos y fruta desecada~https://tienda.mercadona.es/product/34821/maiz-frito-crujiente-tierno-hacendado-paquete~34821~2023-03-11 22:46:15.081796
Almendra frita y salada Hacendado pelada~Paquete~200 g~| 14,00 €/kg~2.8~/ud.~Aperitivos >~Frutos secos y fruta desecada~https://tienda.mercadona.es/product/34009/almendra-frita-salada-hacendado-pelada-paquete~34009~2023-03-11 22:46:15.766709
Cacahuete tostado Hacendado 0% sal añadida~Paquete~400 g~| 4,25 €/kg~1.7~/ud.~Aperitivos >~Frutos secos y fruta desecada~https://tienda.mercadona.es/product/34031/cacahuete-tostado-hacendado-0-sal-anadida-paquete~34031~2023-03-11 22:46:16.388944
Almendra tostada Hacendado 0% sal añadida con piel~Paquete~200 g~| 14,00 €/kg~2.8~/ud.~Aperitivos >~Frutos secos y fruta desecada~https://tienda.mercadona.es/product/34014/almendra-tostada-hacendado-0-sal-anadida-con-piel-paquete~34014~2023-03-11 22:46:17.021728
Maíz palomitas Hacendado~Paquete~250 g~| 3,28 €/kg~0.82~/ud.~Aperitivos >~Frutos secos y fruta desecada~https://tienda.mercadona.es/product/34804/maiz-palomitas-hacendado-paquete~34804~2023-03-11 22:46:17.644689
Maíz frito gigante Hacendado~Paquete~150 g~| 7,667 €/kg~1.15~/ud.~Aperitivos >~Frutos secos y fruta desecada~https://tienda.mercadona.es/product/13597/maiz-frito-gigante-hacendado-paquete~13597~2023-03-11 22:46:18.260605
Nuez macadamia Hacendado tostada con sal~Paquete~100 g~| 29,50 €/kg~2.95~/ud.~Aperitivos >~Frutos secos y fruta desecada~https://tienda.mercadona.es/product/34838/nuez-macadamia-hacendado-tostada-con-sal-paquete~34838~2023-03-11 22:46:18.897086
Mezcla semillas Hacendado~Paquete~200 g~| 6,95 €/kg~1.39~/ud.~Aperitivos >~Frutos secos y fruta desecada~https://tienda.mercadona.es/product/86811/mezcla-semillas-hacendado-paquete~86811~2023-03-11 22:46:19.527504
Pipas calabaza natural Hacendado peladas~Paquete~150 g~| 10,867 €/kg~1.63~/ud.~Aperitivos >~Frutos secos y fruta desecada~https://tienda.mercadona.es/product/34188/pipas-calabaza-natural-hacendado-peladas-paquete~34188~2023-03-11 22:46:20.177999
Castañas cocidas y peladas Hacendado~Paquete~100 g~| 14,00 €/kg~1.4~/ud.~Aperitivos >~Frutos secos y fruta desecada~https://tienda.mercadona.es/product/34194/castanas-cocidas-peladas-hacendado-paquete~34194~2023-03-11 22:46:20.811502
Cacahuete frito con miel Hacendado~Paquete~200 g~| 8,50 €/kg~1.7~/ud.~Aperitivos >~Frutos secos y fruta desecada~https://tienda.mercadona.es/product/34143/cacahuete-frito-con-miel-hacendado-paquete~34143~2023-03-11 22:46:21.445075
Cacahuete tostado con sal Hacendado~Paquete~400 g~| 4,25 €/kg~1.7~/ud.~Aperitivos >~Frutos secos y fruta desecada~https://tienda.mercadona.es/product/34016/cacahuete-tostado-con-sal-hacendado-paquete~34016~2023-03-11 22:46:22.085894
Semillas chía Hacendado~Paquete~150 g~| 9,934 €/kg~1.49~/ud.~Aperitivos >~Frutos secos y fruta desecada~https://tienda.mercadona.es/product/34961/semillas-chia-hacendado-paquete~34961~2023-03-11 22:46:22.714645
Pipas de girasol fritas Hacendado peladas~Paquete~200 g~| 5,00 €/kg~1.0~/ud.~Aperitivos >~Frutos secos y fruta desecada~https://tienda.mercadona.es/product/34145/pipas-girasol-fritas-hacendado-peladas-paquete~34145~2023-03-11 22:46:23.341595
Pipas girasol tijuana Grefusa~Paquete~200 g~| 9,00 €/kg~1.8~/ud.~Aperitivos >~Frutos secos y fruta desecada~https://tienda.mercadona.es/product/34893/pipas-girasol-tijuana-grefusa-paquete~34893~2023-03-11 22:46:23.986036
Palomitas de maíz sabor mantequilla Hacendado para microondas~Paquete~3 ud. (270 g)~| 5,00 €/kg~1.35~/ud.~Aperitivos >~Frutos secos y fruta desecada~https://tienda.mercadona.es/product/34212/palomitas-maiz-sabor-mantequilla-hacendado-microondas-paquete~34212~2023-03-11 22:46:24.651275
Almendra natural Hacendado sin piel~Paquete~200 g~| 13,20 €/kg~2.64~/ud.~Aperitivos >~Frutos secos y fruta desecada~https://tienda.mercadona.es/product/23575/almendra-natural-hacendado-sin-piel-paquete~23575~2023-03-11 22:46:25.314370
Avellana natural Hacendado~Paquete~200 g~| 12,75 €/kg~2.55~/ud.~Aperitivos >~Frutos secos y fruta desecada~https://tienda.mercadona.es/product/34164/avellana-natural-hacendado-paquete~34164~2023-03-11 22:46:25.963400
Semillas sésamo tostado Hacendado~Paquete~150 g~| 9,334 €/kg~1.4~/ud.~Aperitivos >~Frutos secos y fruta desecada~https://tienda.mercadona.es/product/34964/semillas-sesamo-tostado-hacendado-paquete~34964~2023-03-11 22:46:26.601019
Pipas girasol barbacoa Hacendado~Paquete~200 g~| 6,75 €/kg~1.35~/ud.~Aperitivos >~Frutos secos y fruta desecada~https://tienda.mercadona.es/product/34043/pipas-girasol-barbacoa-hacendado-paquete~34043~2023-03-11 22:46:27.246074
Pipas girasol naturales Hacendado peladas~Paquete~200 g~| 5,55 €/kg~1.11~/ud.~Aperitivos >~Frutos secos y fruta desecada~https://tienda.mercadona.es/product/34193/pipas-girasol-naturales-hacendado-peladas-paquete~34193~2023-03-11 22:46:27.905746
Semillas lino dorado Hacendado~Paquete~150 g~| 8,334 €/kg~1.25~/ud.~Aperitivos >~Frutos secos y fruta desecada~https://tienda.mercadona.es/product/34962/semillas-lino-dorado-hacendado-paquete~34962~2023-03-11 22:46:28.551334
Nuez natural Hacendado~Paquete~600 g~| 5,417 €/kg~3.25~/ud.~Aperitivos >~Frutos secos y fruta desecada~https://tienda.mercadona.es/product/34606/nuez-natural-hacendado-paquete~34606~2023-03-11 22:46:29.210587
Pipas calabaza tostadas Hacendado aguasal~Paquete~125 g~| 12,80 €/kg~1.6~/ud.~Aperitivos >~Frutos secos y fruta desecada~https://tienda.mercadona.es/product/34095/pipas-calabaza-tostadas-hacendado-aguasal-paquete~34095~2023-03-11 22:46:29.862740
Pipas girasol tostadas Hacendado 0% sal añadida~Paquete~200 g~| 7,50 €/kg~1.5~/ud.~Aperitivos >~Frutos secos y fruta desecada~https://tienda.mercadona.es/product/23059/pipas-girasol-tostadas-hacendado-0-sal-anadida-paquete~23059~2023-03-11 22:46:30.622416
Nuez de Brasil natural Hacendado~Paquete~200 g~| 16,85 €/kg~3.37~/ud.~Aperitivos >~Frutos secos y fruta desecada~https://tienda.mercadona.es/product/34236/nuez-brasil-natural-hacendado-paquete~34236~2023-03-11 22:46:31.219940
Pistacho natural Hacendado pelado~Paquete~100 g~| 26,40 €/kg~2.64~/ud.~Aperitivos >~Frutos secos y fruta desecada~https://tienda.mercadona.es/product/34262/pistacho-natural-hacendado-pelado-paquete~34262~2023-03-11 22:46:31.879313
Nuez Pecana natural Hacendado pelada~Paquete~200 g~| 17,80 €/kg~3.56~/ud.~Aperitivos >~Frutos secos y fruta desecada~https://tienda.mercadona.es/product/34997/nuez-pecana-natural-hacendado-pelada-paquete~34997~2023-03-11 22:46:32.539564
Palomitas de maíz dulces Hacendado para microondas~Paquete~3 ud. (315 g)~| 5,397 €/kg~1.7~/ud.~Aperitivos >~Frutos secos y fruta desecada~https://tienda.mercadona.es/product/34817/palomitas-maiz-dulces-hacendado-microondas-paquete~34817~2023-03-11 22:46:33.203118
Cacahuete tostado Hacendado pelado 0% sal añadida~Paquete~200 g~| 6,00 €/kg~1.2~/ud.~Aperitivos >~Frutos secos y fruta desecada~https://tienda.mercadona.es/product/13451/cacahuete-tostado-hacendado-pelado-0-sal-anadida-paquete~13451~2023-03-11 22:46:33.871702
Cacahuete +Proteínas en polvo desgrasado Hacendado 14 g proteínas 70% reducido en grasa~Paquete~200 g~| 13,75 €/kg~2.75~/ud.~Aperitivos >~Frutos secos y fruta desecada~https://tienda.mercadona.es/product/13738/cacahuete-proteinas-polvo-desgrasado-hacendado-14-g-proteinas-70-reducido-grasa-paquete~13738~2023-03-11 22:46:34.521279
Cocktail mezcla Hacendado compuesto por maíz, cacahuetes, garbanzos, bolita de snack y pasas sultanas~Paquete~300 g~| 5,00 €/kg~1.5~/ud.~Aperitivos >~Frutos secos y fruta desecada~https://tienda.mercadona.es/product/34231/cocktail-mezcla-hacendado-compuesto-maiz-cacahuetes-garbanzos-bolita-snack-pasas-sultanas-paquete~34231~2023-03-11 22:46:35.152050
Combinado frutos secos, frutas desecadas y semillas de calabaza Hacendado ideal para ensaladas y pastas~Bote~150 g~| 14,667 €/kg~2.2~/ud.~Aperitivos >~Frutos secos y fruta desecada~https://tienda.mercadona.es/product/12012/combinado-frutos-secos-frutas-desecadas-semillas-calabaza-hacendado-ideal-ensaladas-pastas-bote~12012~2023-03-11 22:46:35.813728
Cocktail crunchy sabores Hacendado~Paquete~200 g~| 9,75 €/kg~1.95~/ud.~Aperitivos >~Frutos secos y fruta desecada~https://tienda.mercadona.es/product/34047/cocktail-crunchy-sabores-hacendado-paquete~34047~2023-03-11 22:46:36.472896
Cocktail rodeo Hacendado~Paquete~250 g~| 7,00 €/kg~1.75~/ud.~Aperitivos >~Frutos secos y fruta desecada~https://tienda.mercadona.es/product/34217/cocktail-rodeo-hacendado-paquete~34217~2023-03-11 22:46:37.138874
Cocktail natural Hacendado~Paquete~200 g~| 12,50 €/kg~2.5~/ud.~Aperitivos >~Frutos secos y fruta desecada~https://tienda.mercadona.es/product/86809/cocktail-natural-hacendado-paquete~86809~2023-03-11 22:46:37.806196
Cocktail tostado 0% sal añadida Hacendado~Paquete~200 g~| 12,25 €/kg~2.45~/ud.~Aperitivos >~Frutos secos y fruta desecada~https://tienda.mercadona.es/product/60015/cocktail-tostado-0-sal-anadida-hacendado-paquete~60015~2023-03-11 22:46:38.480011
Cocktail tostado y ahumado Hacendado compuesto por cacahuete, anacardo y almendra~Paquete~200 g~| 12,25 €/kg~2.45~/ud.~Aperitivos >~Frutos secos y fruta desecada~https://tienda.mercadona.es/product/60009/cocktail-tostado-ahumado-hacendado-compuesto-cacahuete-anacardo-almendra-paquete~60009~2023-03-11 22:46:39.137549
Cocktail fruta deshidratada Hacendado~Paquete~200 g~| 8,00 €/kg~1.6~/ud.~Aperitivos >~Frutos secos y fruta desecada~https://tienda.mercadona.es/product/34924/cocktail-fruta-deshidratada-hacendado-paquete~34924~2023-03-11 22:46:39.801910
Cocktail picante Hacendado~Paquete~200 g~| 7,75 €/kg~1.55~/ud.~Aperitivos >~Frutos secos y fruta desecada~https://tienda.mercadona.es/product/34234/cocktail-picante-hacendado-paquete~34234~2023-03-11 22:46:40.471859
Cocktail rumba Hacendado compuesto por cacahuetes, maíz frito, pipas de girasol, pipas de calabaza~Paquete~300 g~| 5,00 €/kg~1.5~/ud.~Aperitivos >~Frutos secos y fruta desecada~https://tienda.mercadona.es/product/80450/cocktail-rumba-hacendado-compuesto-cacahuetes-maiz-frito-pipas-girasol-pipas-calabaza-paquete~80450~2023-03-11 22:46:41.133281
Cocktail natural y tostado Hacendado compuesto por leguminosas, frutos de cáscara tostados y fruta desecada~Paquete~150 g~| 14,334 €/kg~2.15~/ud.~Aperitivos >~Frutos secos y fruta desecada~https://tienda.mercadona.es/product/50031/cocktail-natural-tostado-hacendado-compuesto-leguminosas-frutos-cascara-tostados-fruta-desecada-paquete~50031~2023-03-11 22:46:41.791339
Pasas sultanas sin semillas Hacendado~Paquete~250 g~| 5,20 €/kg~1.3~/ud.~Aperitivos >~Frutos secos y fruta desecada~https://tienda.mercadona.es/product/23010/pasas-sultanas-sin-semillas-hacendado-paquete~23010~2023-03-11 22:46:42.410813
Pasas moscatel sin semillas Hacendado~Paquete~250 g~| 6,16 €/kg~1.54~/ud.~Aperitivos >~Frutos secos y fruta desecada~https://tienda.mercadona.es/product/23003/pasas-moscatel-sin-semillas-hacendado-paquete~23003~2023-03-11 22:46:43.084577
Mango deshidratado Hacendado sin azúcar añadido~Paquete~60 g~| 22,50 €/kg~1.35~/ud.~Aperitivos >~Frutos secos y fruta desecada~https://tienda.mercadona.es/product/34209/mango-deshidratado-hacendado-sin-azucar-anadido-paquete~34209~2023-03-11 22:46:43.860917
Manzana deshidratada Hacendado 100% natural~Paquete~20 g~| 5,30 €/100 g~1.06~/ud.~Aperitivos >~Frutos secos y fruta desecada~https://tienda.mercadona.es/product/22835/manzana-deshidratada-hacendado-100-natural-paquete~22835~2023-03-11 22:46:44.555764
Dátiles desecados sin hueso Hacendado~Paquete~350 g~| 6,172 €/kg~2.16~/ud.~Aperitivos >~Frutos secos y fruta desecada~https://tienda.mercadona.es/product/16846/datiles-desecados-sin-hueso-hacendado-paquete~16846~2023-03-11 22:46:45.290459
Arándanos deshidratados Hacendado~Paquete~200 g~| 12,00 €/kg~2.4~/ud.~Aperitivos >~Frutos secos y fruta desecada~https://tienda.mercadona.es/product/34605/arandanos-deshidratados-hacendado-paquete~34605~2023-03-11 22:46:45.993981
Piña deshidratada Hacendado 100% natural~Paquete~50 g~| 27,00 €/kg~1.35~/ud.~Aperitivos >~Frutos secos y fruta desecada~https://tienda.mercadona.es/product/33440/pina-deshidratada-hacendado-100-natural-paquete~33440~2023-03-11 22:46:46.680808
Orejones albaricoque Hacendado~Paquete~200 g~| 12,75 €/kg~2.55~/ud.~Aperitivos >~Frutos secos y fruta desecada~https://tienda.mercadona.es/product/13877/orejones-albaricoque-hacendado-paquete~13877~2023-03-11 22:46:47.370871
Dátiles en rama Casa Pons~Bandeja~200 g~| 7,70 €/kg~1.54~/ud.~Aperitivos >~Frutos secos y fruta desecada~https://tienda.mercadona.es/product/34937/datiles-rama-casa-pons-bandeja~34937~2023-03-11 22:46:48.062599
Higos tiernos deshidratados Noberasco~Paquete~200 g~| 13,25 €/kg~2.65~/ud.~Aperitivos >~Frutos secos y fruta desecada~https://tienda.mercadona.es/product/34235/higos-tiernos-deshidratados-noberasco-paquete~34235~2023-03-11 22:46:48.744956
Dátiles Medjoul con hueso Hacendado~Bandeja~215 g~| 19,024 €/kg~4.09~/ud.~Aperitivos >~Frutos secos y fruta desecada~https://tienda.mercadona.es/product/22974/datiles-medjoul-con-hueso-hacendado-bandeja~22974~2023-03-11 22:46:49.429600
Dátiles desecados con hueso Hacendado~Paquete~500 g~| 5,68 €/kg~2.84~/ud.~Aperitivos >~Frutos secos y fruta desecada~https://tienda.mercadona.es/product/60721/datiles-desecados-con-hueso-hacendado-paquete~60721~2023-03-11 22:46:50.109777
Patatas fritas extra crujientes Hacendado~Paquete~180 g~| 8,334 €/kg~1.5~/ud.~Aperitivos >~Patatas fritas y snacks~https://tienda.mercadona.es/product/33307/patatas-fritas-extra-crujientes-hacendado-paquete~33307~2023-03-11 22:58:38.468460
Patatas fritas clásicas Hacendado~2 paquetes x 150 g~| 6,334 €/kg~Not available~1.9~/pack~Aperitivos >~Patatas fritas y snacks~https://tienda.mercadona.es/product/22245/patatas-fritas-clasicas-hacendado-pack-2~22245~2023-03-11 22:58:39.066211
Patatas fritas receta churrería Hacendado~Paquete~150 g~| 7,00 €/kg~1.05~/ud.~Aperitivos >~Patatas fritas y snacks~https://tienda.mercadona.es/product/33444/patatas-fritas-receta-churreria-hacendado-paquete~33444~2023-03-11 22:58:39.666302
Patatas fritas Lisas Hacendado~Paquete~150 g~| 6,00 €/kg~0.9~/ud.~Aperitivos >~Patatas fritas y snacks~https://tienda.mercadona.es/product/33365/patatas-fritas-lisas-hacendado-paquete~33365~2023-03-11 22:58:40.193088
Patatas fritas onduladas Hacendado sabor jamón serrano~Paquete~170 g~| 7,648 €/kg~1.3~/ud.~Aperitivos >~Patatas fritas y snacks~https://tienda.mercadona.es/product/33335/patatas-fritas-onduladas-hacendado-sabor-jamon-serrano-paquete~33335~2023-03-11 22:58:40.720699
Patatas fritas corte ondulado Hacendado~Paquete~180 g~| 6,112 €/kg~1.1~/ud.~Aperitivos >~Patatas fritas y snacks~https://tienda.mercadona.es/product/33363/patatas-fritas-corte-ondulado-hacendado-paquete~33363~2023-03-11 22:58:41.336883
Patatas light Hacendado~Paquete~150 g~| 8,667 €/kg~1.3~/ud.~Aperitivos >~Patatas fritas y snacks~https://tienda.mercadona.es/product/15810/patatas-light-hacendado-paquete~15810~2023-03-11 22:58:41.904020
Patatas fritas sabor limón y pimienta Hacendado~Paquete~130 g~| 9,231 €/kg~1.2~/ud.~Aperitivos >~Patatas fritas y snacks~https://tienda.mercadona.es/product/33347/patatas-fritas-sabor-limon-pimienta-hacendado-paquete~33347~2023-03-11 22:58:42.486050
Pringles original~Bote~165 g~| 14,485 €/kg~2.39~/ud.~Aperitivos >~Patatas fritas y snacks~https://tienda.mercadona.es/product/33555/pringles-original-bote~33555~2023-03-11 22:58:43.123538
Patatas fritas sabor campestre Hacendado~Paquete~130 g~| 9,231 €/kg~1.2~/ud.~Aperitivos >~Patatas fritas y snacks~https://tienda.mercadona.es/product/13845/patatas-fritas-sabor-campestre-hacendado-paquete~13845~2023-03-11 22:58:43.705540
Pringles sabor crema agria y cebolla~Bote~165 g~| 14,485 €/kg~2.39~/ud.~Aperitivos >~Patatas fritas y snacks~https://tienda.mercadona.es/product/33556/pringles-sabor-crema-agria-cebolla-bote~33556~2023-03-11 22:58:44.300240
Patatas fritas sabor sal y vinagre Hacendado~Paquete~130 g~| 8,847 €/kg~1.15~/ud.~Aperitivos >~Patatas fritas y snacks~https://tienda.mercadona.es/product/13548/patatas-fritas-sabor-sal-vinagre-hacendado-paquete~13548~2023-03-11 22:58:44.907888
Patatas fritas sabor chili y lima Hacendado~Paquete~130 g~| 8,847 €/kg~1.15~/ud.~Aperitivos >~Patatas fritas y snacks~https://tienda.mercadona.es/product/33367/patatas-fritas-sabor-chili-lima-hacendado-paquete~33367~2023-03-11 22:58:45.516655
Patatas fritas sabor huevo frito Hacendado~Paquete~130 g~| 8,847 €/kg~1.15~/ud.~Aperitivos >~Patatas fritas y snacks~https://tienda.mercadona.es/product/33613/patatas-fritas-sabor-huevo-frito-hacendado-paquete~33613~2023-03-11 22:58:46.203332
Patatinas extra crujientes Hacendado~Paquete~120 g~| 12,50 €/kg~1.5~/ud.~Aperitivos >~Patatas fritas y snacks~https://tienda.mercadona.es/product/33328/patatinas-extra-crujientes-hacendado-paquete~33328~2023-03-11 22:58:46.801252
Patatas fritas 0% sal añadida Hacendado~Paquete~130 g~| 8,462 €/kg~1.1~/ud.~Aperitivos >~Patatas fritas y snacks~https://tienda.mercadona.es/product/33325/patatas-fritas-0-sal-anadida-hacendado-paquete~33325~2023-03-11 22:58:47.390419
Patatas fritas sabor pollo y limón Hacendado~Paquete~130 g~| 9,231 €/kg~1.2~/ud.~Aperitivos >~Patatas fritas y snacks~https://tienda.mercadona.es/product/33368/patatas-fritas-sabor-pollo-limon-hacendado-paquete~33368~2023-03-11 22:58:47.981847
Patatas fritas al punto de sal Lay's~Paquete~195 g~| 9,488 €/kg~1.85~/ud.~Aperitivos >~Patatas fritas y snacks~https://tienda.mercadona.es/product/46580/patatas-fritas-punto-sal-lays-paquete~46580~2023-03-11 22:58:48.609295
Patatas fritas onduladas Munchos sabor queso~Paquete~130 g~| 8,847 €/kg~1.15~/ud.~Aperitivos >~Patatas fritas y snacks~https://tienda.mercadona.es/product/86205/patatas-fritas-onduladas-munchos-sabor-queso-paquete~86205~2023-03-11 22:58:49.206523
Patatas fritas onduladas Ruffles sabor jamón~Paquete~190 g~| 10,474 €/kg~1.99~/ud.~Aperitivos >~Patatas fritas y snacks~https://tienda.mercadona.es/product/46573/patatas-fritas-onduladas-ruffles-sabor-jamon-paquete~46573~2023-03-11 22:58:49.747083
Nachos Hacendado~Paquete~150 g~| 6,667 €/kg~1.0~/ud.~Aperitivos >~Patatas fritas y snacks~https://tienda.mercadona.es/product/33640/nachos-hacendado-paquete~33640~2023-03-11 22:58:50.293703
Pandilla sabor queso Cheetos~Paquete~75 g~| 23,867 €/kg~1.79~/ud.~Aperitivos >~Patatas fritas y snacks~https://tienda.mercadona.es/product/33529/pandilla-sabor-queso-cheetos-paquete~33529~2023-03-11 22:58:50.859839
Tiras de maíz frito sabor barbacoa Hacendado~Paquete~150 g~| 4,667 €/kg~0.7~/ud.~Aperitivos >~Patatas fritas y snacks~https://tienda.mercadona.es/product/33639/tiras-maiz-frito-sabor-barbacoa-hacendado-paquete~33639~2023-03-11 22:58:51.436796
Triángulos de maíz Tex-Mex Doritos~Paquete~167 g~| 11,917 €/kg~1.99~/ud.~Aperitivos >~Patatas fritas y snacks~https://tienda.mercadona.es/product/13503/triangulos-maiz-tex-mex-doritos-paquete~13503~2023-03-11 22:58:52.009215
Pelotazos sabor queso Cheetos Lay´s~Paquete~130 g~| 13,77 €/kg~1.79~/ud.~Aperitivos >~Patatas fritas y snacks~https://tienda.mercadona.es/product/33543/pelotazos-sabor-queso-cheetos-lay-s-paquete~33543~2023-03-11 22:58:52.595449
Nachos tex-mex Hacendado sabor queso~Paquete~150 g~| 6,667 €/kg~1.0~/ud.~Aperitivos >~Patatas fritas y snacks~https://tienda.mercadona.es/product/33641/nachos-tex-mex-hacendado-sabor-queso-paquete~33641~2023-03-11 22:58:53.146171
Garfitos de maíz sabor queso Hacendado~Paquete~80 g~| 8,75 €/kg~0.7~/ud.~Aperitivos >~Patatas fritas y snacks~https://tienda.mercadona.es/product/13889/garfitos-maiz-sabor-queso-hacendado-paquete~13889~2023-03-11 22:58:53.756301
Cuquitos sabor queso Hacendado~Paquete~100 g~| 7,50 €/kg~0.75~/ud.~Aperitivos >~Patatas fritas y snacks~https://tienda.mercadona.es/product/33642/cuquitos-sabor-queso-hacendado-paquete~33642~2023-03-11 22:58:54.348819
Conos sabor bacon y queso Hacendado~Paquete~100 g~| 7,50 €/kg~0.75~/ud.~Aperitivos >~Patatas fritas y snacks~https://tienda.mercadona.es/product/15778/conos-sabor-bacon-queso-hacendado-paquete~15778~2023-03-11 22:58:54.918577
Galletitas saladas Hacendado~Bote~350 g~| 3,715 €/kg~1.3~/ud.~Aperitivos >~Patatas fritas y snacks~https://tienda.mercadona.es/product/14216/galletitas-saladas-hacendado-bote~14216~2023-03-11 22:58:55.549293
Cuquis Hacendado~Paquete~80 g~| 9,375 €/kg~0.75~/ud.~Aperitivos >~Patatas fritas y snacks~https://tienda.mercadona.es/product/33581/cuquis-hacendado-paquete~33581~2023-03-11 22:58:56.155289
Combinado de aperitivos Hacendado~Paquete~200 g~| 7,00 €/kg~1.4~/ud.~Aperitivos >~Patatas fritas y snacks~https://tienda.mercadona.es/product/33488/combinado-aperitivos-hacendado-paquete~33488~2023-03-11 22:58:56.797338
Bombitas de maíz sabor mantequilla Hacendado~Paquete~80 g~| 9,375 €/kg~0.75~/ud.~Aperitivos >~Patatas fritas y snacks~https://tienda.mercadona.es/product/16860/bombitas-maiz-sabor-mantequilla-hacendado-paquete~16860~2023-03-11 22:58:57.426030
Snacks de lenteja sabor queso y especias Snatt's~Paquete~90 g~| 16,556 €/kg~1.49~/ud.~Aperitivos >~Patatas fritas y snacks~https://tienda.mercadona.es/product/33636/snacks-lenteja-sabor-queso-especias-snatts-paquete~33636~2023-03-11 22:58:58.052723
Snack de maíz sabor barbacoa Estrella~Paquete~140 g~| 10,358 €/kg~1.45~/ud.~Aperitivos >~Patatas fritas y snacks~https://tienda.mercadona.es/product/33637/snack-maiz-sabor-barbacoa-estrella-paquete~33637~2023-03-11 22:58:58.673940
Torreznos sabor barbacoa Hacendado~Paquete~100 g~| 12,50 €/kg~1.25~/ud.~Aperitivos >~Patatas fritas y snacks~https://tienda.mercadona.es/product/33436/torreznos-sabor-barbacoa-hacendado-paquete~33436~2023-03-11 22:58:59.304968
Trigo snack sabor ahumado Hacendado~Paquete~80 g~| 9,375 €/kg~0.75~/ud.~Aperitivos >~Patatas fritas y snacks~https://tienda.mercadona.es/product/33633/trigo-snack-sabor-ahumado-hacendado-paquete~33633~2023-03-11 22:58:59.938748
Patatas fritas paja Hacendado~Paquete~200 g~| 7,50 €/kg~1.5~/ud.~Aperitivos >~Patatas fritas y snacks~https://tienda.mercadona.es/product/33624/patatas-fritas-paja-hacendado-paquete~33624~2023-03-11 22:59:00.689091
Torreznos Hacendado~Paquete~120 g~| 11,667 €/kg~1.4~/ud.~Aperitivos >~Patatas fritas y snacks~https://tienda.mercadona.es/product/33416/torreznos-hacendado-paquete~33416~2023-03-11 22:59:01.333916
Surtido de snacks Picoteo de maiz y patata Tosfrit party mix~Paquete~90 g~| 11,112 €/kg~1.0~/ud.~Aperitivos >~Patatas fritas y snacks~https://tienda.mercadona.es/product/22991/surtido-snacks-picoteo-maiz-patata-tosfrit-party-mix-paquete~22991~2023-03-11 22:59:01.967605
Triángulos de patata Estrella sabor jamón~Paquete~78 g~| 18,59 €/kg~1.45~/ud.~Aperitivos >~Patatas fritas y snacks~https://tienda.mercadona.es/product/22434/triangulos-patata-estrella-sabor-jamon-paquete~22434~2023-03-11 22:59:02.595598
Piña deshidratada Hacendado 100% natural~Paquete~50 g~| 27,00 €/kg~1.35~/ud.~Aperitivos >~Frutos secos y fruta desecada~https://tienda.mercadona.es/product/33440/pina-deshidratada-hacendado-100-natural-paquete~33440~2023-03-11 22:59:03.209212
Varitas sabor ketchup Hacendado~Paquete~75 g~| 12,00 €/kg~0.9~/ud.~Aperitivos >~Patatas fritas y snacks~https://tienda.mercadona.es/product/33672/varitas-sabor-ketchup-hacendado-paquete~33672~2023-03-11 22:59:03.828485
Snack de maíz Bits Doritos sabor barbacoa~Paquete~80 g~| 10,625 €/kg~0.85~/ud.~Aperitivos >~Patatas fritas y snacks~https://tienda.mercadona.es/product/67774/snack-maiz-bits-doritos-sabor-barbacoa-paquete~67774~2023-03-11 22:59:04.452129
Cocktail galletitas de aperitivo Hacendado~Bote~300 g~| 4,667 €/kg~1.4~/ud.~Aperitivos >~Patatas fritas y snacks~https://tienda.mercadona.es/product/14926/cocktail-galletitas-aperitivo-hacendado-bote~14926~2023-03-11 22:59:05.085645
Sticks de patata Hacendado~Paquete~75 g~| 11,334 €/kg~0.85~/ud.~Aperitivos >~Patatas fritas y snacks~https://tienda.mercadona.es/product/22568/sticks-patata-hacendado-paquete~22568~2023-03-11 22:59:05.741552
Cortezas~Paquete~75 g~| 10,667 €/kg~0.8~/ud.~Aperitivos >~Patatas fritas y snacks~https://tienda.mercadona.es/product/33407/cortezas-paquete~33407~2023-03-11 22:59:06.363234
Snack multicereal Hacendado~Paquete~100 g~| 11,00 €/kg~1.1~/ud.~Aperitivos >~Patatas fritas y snacks~https://tienda.mercadona.es/product/22294/snack-multicereal-hacendado-paquete~22294~2023-03-11 22:59:06.988847
Súper cuquis La Llanura~10 paquetes x 6 g~| 20,00 €/kg~Not available~1.2~/pack~Aperitivos >~Patatas fritas y snacks~https://tienda.mercadona.es/product/33409/super-cuquis-llanura-pack-10~33409~2023-03-11 22:59:07.604623
Manzana deshidratada Hacendado 100% natural~Paquete~20 g~| 5,30 €/100 g~1.06~/ud.~Aperitivos >~Frutos secos y fruta desecada~https://tienda.mercadona.es/product/22835/manzana-deshidratada-hacendado-100-natural-paquete~22835~2023-03-11 22:59:08.235949
Aros de maíz Hacendado~Paquete~120 g~| 7,917 €/kg~0.95~/ud.~Aperitivos >~Patatas fritas y snacks~https://tienda.mercadona.es/product/15757/aros-maiz-hacendado-paquete~15757~2023-03-11 22:59:08.864315
Palomitas caramelo Hacendado~Paquete~120 g~| 10,834 €/kg~1.3~/ud.~Aperitivos >~Patatas fritas y snacks~https://tienda.mercadona.es/product/34811/palomitas-caramelo-hacendado-paquete~34811~2023-03-11 22:59:09.500268
Snack de maíz sabor mantequilla Snakis~Paquete~100 g~| 9,50 €/kg~0.95~/ud.~Aperitivos >~Patatas fritas y snacks~https://tienda.mercadona.es/product/50360/snack-maiz-sabor-mantequilla-snakis-paquete~50360~2023-03-11 22:59:10.118882
Snack de gamba Hacendado~Paquete~60 g~| 17,50 €/kg~1.05~/ud.~Aperitivos >~Patatas fritas y snacks~https://tienda.mercadona.es/product/33442/snack-gamba-hacendado-paquete~33442~2023-03-11 22:59:10.749937
Chicharrones Mont-Palau con un punto de sal y pimienta~Paquete~125 g~| 26,72 €/kg~3.34~/ud.~Aperitivos >~Patatas fritas y snacks~https://tienda.mercadona.es/product/53144/chicharrones-mont-palau-con-punto-sal-pimienta-paquete~53144~2023-03-11 22:59:11.384946
Crunchy picante Munchos~Paquete~100 g~| 10,00 €/kg~1.0~/ud.~Aperitivos >~Patatas fritas y snacks~https://tienda.mercadona.es/product/80476/crunchy-picante-munchos-paquete~80476~2023-03-11 22:59:12.028217
Arroz redondo Hacendado~Paquete~1 kg~| 1,30 €/kg~1.3~/ud.~Arroz, legumbres y pasta >~Arroz~https://tienda.mercadona.es/product/5044/arroz-redondo-hacendado-paquete~5044~2023-03-11 22:59:59.664973
Arroz largo Hacendado~Paquete~1 kg~| 1,30 €/kg~1.3~/ud.~Arroz, legumbres y pasta >~Arroz~https://tienda.mercadona.es/product/5063/arroz-largo-hacendado-paquete~5063~2023-03-11 23:00:00.220067
Arroz cocido basmati Sabroz Brillante~2 vasitos x 125 g~| 4,80 €/kg~Not available~1.2~/pack~Arroz, legumbres y pasta >~Arroz~https://tienda.mercadona.es/product/22280/arroz-cocido-basmati-sabroz-brillante-pack-2~22280~2023-03-11 23:00:00.645665
Arroz cocido integral Sabroz Brillante~2 vasitos x 125 g~| 4,60 €/kg~Not available~1.15~/pack~Arroz, legumbres y pasta >~Arroz~https://tienda.mercadona.es/product/22281/arroz-cocido-integral-sabroz-brillante-pack-2~22281~2023-03-11 23:00:01.100002
Arroz bomba Hacendado~Paquete~1 kg~| 4,50 €/kg~4.5~/ud.~Arroz, legumbres y pasta >~Arroz~https://tienda.mercadona.es/product/5025/arroz-bomba-hacendado-paquete~5025~2023-03-11 23:00:01.593878
Quinoa cocida blanca y roja Sabroz Brillante~2 vasitos x 125 g~| 6,00 €/kg~Not available~1.5~/pack~Arroz, legumbres y pasta >~Arroz~https://tienda.mercadona.es/product/22278/quinoa-cocida-blanca-roja-sabroz-brillante-pack-2~22278~2023-03-11 23:00:02.049086
Arroz cocido redondo Sabroz Brillante~2 vasitos x 125 g~| 4,60 €/kg~Not available~1.15~/pack~Arroz, legumbres y pasta >~Arroz~https://tienda.mercadona.es/product/22279/arroz-cocido-redondo-sabroz-brillante-pack-2~22279~2023-03-11 23:00:02.476337
Arroz redondo J Sendra Hacendado~Paquete~1 kg~| 1,54 €/kg~1.54~/ud.~Arroz, legumbres y pasta >~Arroz~https://tienda.mercadona.es/product/5042/arroz-redondo-j-sendra-hacendado-paquete~5042~2023-03-11 23:00:02.967064
Arroz basmati aromático Hacendado~Paquete~1 kg~| 2,64 €/kg~2.64~/ud.~Arroz, legumbres y pasta >~Arroz~https://tienda.mercadona.es/product/5002/arroz-basmati-aromatico-hacendado-paquete~5002~2023-03-11 23:00:03.431368
Arroz integral redondo Hacendado~Paquete~1 kg~| 1,70 €/kg~1.7~/ud.~Arroz, legumbres y pasta >~Arroz~https://tienda.mercadona.es/product/5014/arroz-integral-redondo-hacendado-paquete~5014~2023-03-11 23:00:03.879284
Cous cous mediano Bia~Caja~1 kg~| 1,95 €/kg~1.95~/ud.~Arroz, legumbres y pasta >~Arroz~https://tienda.mercadona.es/product/9395/cous-cous-mediano-bia-caja~9395~2023-03-11 23:00:04.391463
Arroz vaporizado Hacendado~Paquete~1 kg~| 1,54 €/kg~1.54~/ud.~Arroz, legumbres y pasta >~Arroz~https://tienda.mercadona.es/product/5020/arroz-vaporizado-hacendado-paquete~5020~2023-03-11 23:00:04.860414
Quinoa Hacendado~Paquete~500 g~| 4,80 €/kg~2.4~/ud.~Arroz, legumbres y pasta >~Arroz~https://tienda.mercadona.es/product/9430/quinoa-hacendado-paquete~9430~2023-03-11 23:00:05.313304
Noodles de arroz Acecook~Paquete~200 g~| 7,50 €/kg~1.5~/ud.~Arroz, legumbres y pasta >~Arroz~https://tienda.mercadona.es/product/8713/noodles-arroz-acecook-paquete~8713~2023-03-11 23:00:05.746991
Arroz redondo Sabroz Brillante~Paquete~1 kg~| 2,68 €/kg~2.68~/ud.~Arroz, legumbres y pasta >~Arroz~https://tienda.mercadona.es/product/5005/arroz-redondo-sabroz-brillante-paquete~5005~2023-03-11 23:00:06.247400
Arroz Nomen~Paquete~1 kg~| 1,82 €/kg~1.82~/ud.~Arroz, legumbres y pasta >~Arroz~https://tienda.mercadona.es/product/5050/arroz-nomen-paquete~5050~2023-03-11 23:00:06.706504
Garbanzo cocido Hacendado~Tarro~570 g (400 g escurrido)~| 1,975 €/kg~0.79~/ud.~Arroz, legumbres y pasta >~Legumbres~https://tienda.mercadona.es/product/26029/garbanzo-cocido-hacendado-tarro~26029~2023-03-11 23:00:58.490892
Garbanzo cocido Hacendado~Tarro~295 g (210 g escurrido)~| 3,334 €/kg~0.7~/ud.~Arroz, legumbres y pasta >~Legumbres~https://tienda.mercadona.es/product/26039/garbanzo-cocido-hacendado-tarro~26039~2023-03-11 23:00:59.058221
Garbanzo cocido pedrosillano Hacendado categoría extra~Tarro~570 g (400 g escurrido)~| 2,65 €/kg~1.06~/ud.~Arroz, legumbres y pasta >~Legumbres~https://tienda.mercadona.es/product/26033/garbanzo-cocido-pedrosillano-hacendado-categoria-extra-tarro~26033~2023-03-11 23:00:59.499530
Garbanzo Hacendado categoría extra~Paquete~1 kg~| 2,40 €/kg~2.4~/ud.~Arroz, legumbres y pasta >~Legumbres~https://tienda.mercadona.es/product/5214/garbanzo-hacendado-categoria-extra-paquete~5214~2023-03-11 23:00:59.995368
Garbanzo pedrosillano Hacendado categoría extra~Paquete~1 kg~| 1,99 €/kg~1.99~/ud.~Arroz, legumbres y pasta >~Legumbres~https://tienda.mercadona.es/product/5219/garbanzo-pedrosillano-hacendado-categoria-extra-paquete~5219~2023-03-11 23:01:00.507816
Garbanzo lechoso andaluz Hacendado~Paquete~1 kg~| 2,50 €/kg~2.5~/ud.~Arroz, legumbres y pasta >~Legumbres~https://tienda.mercadona.es/product/5220/garbanzo-lechoso-andaluz-hacendado-paquete~5220~2023-03-11 23:01:01.053543
Alubia cocida blanca Hacendado~Tarro~570 g (400 g escurrido)~| 1,725 €/kg~0.69~/ud.~Arroz, legumbres y pasta >~Legumbres~https://tienda.mercadona.es/product/26019/alubia-cocida-blanca-hacendado-tarro~26019~2023-03-11 23:01:01.535934
Alubia cocida blanca Hacendado~Tarro~295 g (210 g escurrido)~| 3,096 €/kg~0.65~/ud.~Arroz, legumbres y pasta >~Legumbres~https://tienda.mercadona.es/product/26028/alubia-cocida-blanca-hacendado-tarro~26028~2023-03-11 23:01:01.998329
Alubia cocida roja Hacendado~Tarro~570 g (400 g escurrido)~| 2,625 €/kg~1.05~/ud.~Arroz, legumbres y pasta >~Legumbres~https://tienda.mercadona.es/product/26000/alubia-cocida-roja-hacendado-tarro~26000~2023-03-11 23:01:02.480004
Alubia cocida pinta Hacendado~Tarro~570 g (400 g escurrido)~| 2,75 €/kg~1.1~/ud.~Arroz, legumbres y pasta >~Legumbres~https://tienda.mercadona.es/product/26001/alubia-cocida-pinta-hacendado-tarro~26001~2023-03-11 23:01:02.980998
Alubia blanca Hacendado categoría extra~Paquete~1 kg~| 1,89 €/kg~1.89~/ud.~Arroz, legumbres y pasta >~Legumbres~https://tienda.mercadona.es/product/5124/alubia-blanca-hacendado-categoria-extra-paquete~5124~2023-03-11 23:01:03.465544
Alubia cocida Ganxet Hacendado~Tarro~295 g (210 g escurrido)~| 10,477 €/kg~2.2~/ud.~Arroz, legumbres y pasta >~Legumbres~https://tienda.mercadona.es/product/26023/alubia-cocida-ganxet-hacendado-tarro~26023~2023-03-11 23:01:03.969701
Alubia negra Hacendado categoría extra~Paquete~1 kg~| 2,40 €/kg~2.4~/ud.~Arroz, legumbres y pasta >~Legumbres~https://tienda.mercadona.es/product/67608/alubia-negra-hacendado-categoria-extra-paquete~67608~2023-03-11 23:01:04.457786
Alubia roja Hacendado categoría extra~Paquete~1 kg~| 2,55 €/kg~2.55~/ud.~Arroz, legumbres y pasta >~Legumbres~https://tienda.mercadona.es/product/67609/alubia-roja-hacendado-categoria-extra-paquete~67609~2023-03-11 23:01:04.973769
Alubia cocida granja Hacendado~Tarro~570 g (350 g escurrido)~| 3,75 €/kg~1.5~/ud.~Arroz, legumbres y pasta >~Legumbres~https://tienda.mercadona.es/product/26002/alubia-cocida-granja-hacendado-tarro~26002~2023-03-11 23:01:05.496853
Alubia pinta Hacendado categoría extra~Paquete~1 kg~| 2,16 €/kg~2.16~/ud.~Arroz, legumbres y pasta >~Legumbres~https://tienda.mercadona.es/product/5128/alubia-pinta-hacendado-categoria-extra-paquete~5128~2023-03-11 23:01:06.045634
Lenteja pardina Hacendado categoría extra~Paquete~1 kg~| 2,20 €/kg~2.2~/ud.~Arroz, legumbres y pasta >~Legumbres~https://tienda.mercadona.es/product/5330/lenteja-pardina-hacendado-categoria-extra-paquete~5330~2023-03-11 23:01:06.526280
Lenteja cocida pardina Hacendado~Tarro~570 g (400 g escurrido)~| 2,175 €/kg~0.87~/ud.~Arroz, legumbres y pasta >~Legumbres~https://tienda.mercadona.es/product/26030/lenteja-cocida-pardina-hacendado-tarro~26030~2023-03-11 23:01:07.014944
Lenteja cocida pardina Hacendado~Tarro~295 g (210 g escurrido)~| 3,572 €/kg~0.75~/ud.~Arroz, legumbres y pasta >~Legumbres~https://tienda.mercadona.es/product/26011/lenteja-cocida-pardina-hacendado-tarro~26011~2023-03-11 23:01:07.518399
Soja texturizada grano fino Hacendado~Paquete~250 g~| 7,40 €/kg~1.85~/ud.~Arroz, legumbres y pasta >~Legumbres~https://tienda.mercadona.es/product/7329/soja-texturizada-grano-fino-hacendado-paquete~7329~2023-03-11 23:01:08.012530
Lenteja Hacendado categoría extra~Paquete~1 kg~| 1,88 €/kg~1.88~/ud.~Arroz, legumbres y pasta >~Legumbres~https://tienda.mercadona.es/product/5325/lenteja-hacendado-categoria-extra-paquete~5325~2023-03-11 23:01:08.538024
Fideo cabello de ángel Hacendado~Paquete~500 g~| 1,52 €/kg~0.76~/ud.~Arroz, legumbres y pasta >~Pasta y fideos~https://tienda.mercadona.es/product/13577/fideo-cabello-angel-hacendado-paquete~13577~2023-03-11 23:18:11.936236
Fideuá Hacendado~Paquete~500 g~| 1,52 €/kg~0.76~/ud.~Arroz, legumbres y pasta >~Pasta y fideos~https://tienda.mercadona.es/product/6253/fideua-hacendado-paquete~6253~2023-03-11 23:18:12.577679
Fideo grueso Hacendado~Paquete~500 g~| 1,52 €/kg~0.76~/ud.~Arroz, legumbres y pasta >~Pasta y fideos~https://tienda.mercadona.es/product/6261/fideo-grueso-hacendado-paquete~6261~2023-03-11 23:18:13.194721
Pasta estrellas Hacendado para sopa~Paquete~500 g~| 1,52 €/kg~0.76~/ud.~Arroz, legumbres y pasta >~Pasta y fideos~https://tienda.mercadona.es/product/6363/pasta-estrellas-hacendado-sopa-paquete~6363~2023-03-11 23:18:13.771525
Pasta maravilla Hacendado para sopa~Paquete~500 g~| 1,52 €/kg~0.76~/ud.~Arroz, legumbres y pasta >~Pasta y fideos~https://tienda.mercadona.es/product/6258/pasta-maravilla-hacendado-sopa-paquete~6258~2023-03-11 23:18:14.364186
Pasta piñones Hacendado para sopa~Paquete~500 g~| 1,52 €/kg~0.76~/ud.~Arroz, legumbres y pasta >~Pasta y fideos~https://tienda.mercadona.es/product/6282/pasta-pinones-hacendado-sopa-paquete~6282~2023-03-11 23:18:15.014724
Fideo mediano Hacendado~Paquete~500 g~| 1,52 €/kg~0.76~/ud.~Arroz, legumbres y pasta >~Pasta y fideos~https://tienda.mercadona.es/product/6256/fideo-mediano-hacendado-paquete~6256~2023-03-11 23:18:15.621058
Fideo al huevo Hacendado~Paquete~500 g~| 2,58 €/kg~1.29~/ud.~Arroz, legumbres y pasta >~Pasta y fideos~https://tienda.mercadona.es/product/6341/fideo-huevo-hacendado-paquete~6341~2023-03-11 23:18:16.288178
Pasta infantil con vegetales Hacendado para sopa~Paquete~500 g~| 1,90 €/kg~0.95~/ud.~Arroz, legumbres y pasta >~Pasta y fideos~https://tienda.mercadona.es/product/6333/pasta-infantil-con-vegetales-hacendado-sopa-paquete~6333~2023-03-11 23:18:16.978118
Fideo integral Hacendado~Paquete~500 g~| 2,10 €/kg~1.05~/ud.~Arroz, legumbres y pasta >~Pasta y fideos~https://tienda.mercadona.es/product/6511/fideo-integral-hacendado-paquete~6511~2023-03-11 23:18:17.627548
Tapioca Tipiak~Caja~225 g~| 8,445 €/kg~1.9~/ud.~Arroz, legumbres y pasta >~Pasta y fideos~https://tienda.mercadona.es/product/9490/tapioca-tipiak-caja~9490~2023-03-11 23:18:18.278196
Fideo sin gluten con quinoa Felicia~Paquete~500 g~| 3,62 €/kg~1.81~/ud.~Arroz, legumbres y pasta >~Pasta y fideos~https://tienda.mercadona.es/product/6104/fideo-sin-gluten-con-quinoa-felicia-paquete~6104~2023-03-11 23:18:18.939345
Pajaritas vegetales Hacendado~Paquete~500 g~| 1,90 €/kg~0.95~/ud.~Arroz, legumbres y pasta >~Pasta y fideos~https://tienda.mercadona.es/product/6305/pajaritas-vegetales-hacendado-paquete~6305~2023-03-11 23:18:19.605353
Penne integral Hacendado~Paquete~500 g~| 1,90 €/kg~0.95~/ud.~Arroz, legumbres y pasta >~Pasta y fideos~https://tienda.mercadona.es/product/6594/penne-integral-hacendado-paquete~6594~2023-03-11 23:18:20.212139
Tortiglioni Armando~Paquete~500 g~| 2,48 €/kg~1.24~/ud.~Arroz, legumbres y pasta >~Pasta y fideos~https://tienda.mercadona.es/product/6358/tortiglioni-armando-paquete~6358~2023-03-11 23:18:20.806303
Hélices con vegetales Hacendado~Paquete~1 kg~| 1,45 €/kg~1.45~/ud.~Arroz, legumbres y pasta >~Pasta y fideos~https://tienda.mercadona.es/product/6344/helices-con-vegetales-hacendado-paquete~6344~2023-03-11 23:18:21.375245
Macarrón fino Hacendado~Paquete~500 g~| 1,52 €/kg~0.76~/ud.~Arroz, legumbres y pasta >~Pasta y fideos~https://tienda.mercadona.es/product/6260/macarron-fino-hacendado-paquete~6260~2023-03-11 23:18:21.978384
Macarrón al huevo Hacendado~Paquete~500 g~| 2,58 €/kg~1.29~/ud.~Arroz, legumbres y pasta >~Pasta y fideos~https://tienda.mercadona.es/product/6300/macarron-huevo-hacendado-paquete~6300~2023-03-11 23:18:22.678889
Macarrón Hacendado~Paquete~1 kg~| 1,24 €/kg~1.24~/ud.~Arroz, legumbres y pasta >~Pasta y fideos~https://tienda.mercadona.es/product/6250/macarron-hacendado-paquete~6250~2023-03-11 23:18:23.327926
Macarrón rayado Hacendado~Paquete~500 g~| 1,52 €/kg~0.76~/ud.~Arroz, legumbres y pasta >~Pasta y fideos~https://tienda.mercadona.es/product/6278/macarron-rayado-hacendado-paquete~6278~2023-03-11 23:18:23.988594
Penne Armando~Paquete~500 g~| 2,48 €/kg~1.24~/ud.~Arroz, legumbres y pasta >~Pasta y fideos~https://tienda.mercadona.es/product/6361/penne-armando-paquete~6361~2023-03-11 23:18:24.655408
Fusilli 100% lentejas rojas Felicia~Paquete~250 g~| 6,60 €/kg~1.65~/ud.~Arroz, legumbres y pasta >~Pasta y fideos~https://tienda.mercadona.es/product/6106/fusilli-100-lentejas-rojas-felicia-paquete~6106~2023-03-11 23:18:25.305326
Trottole vegetales Hacendado~Paquete~500 g~| 1,90 €/kg~0.95~/ud.~Arroz, legumbres y pasta >~Pasta y fideos~https://tienda.mercadona.es/product/6371/trottole-vegetales-hacendado-paquete~6371~2023-03-11 23:18:26.004232
Pasta galets Hacendado~Paquete~500 g~| 2,48 €/kg~1.24~/ud.~Arroz, legumbres y pasta >~Pasta y fideos~https://tienda.mercadona.es/product/6343/pasta-galets-hacendado-paquete~6343~2023-03-11 23:18:26.693547
Fusilli Armando~Paquete~500 g~| 2,48 €/kg~1.24~/ud.~Arroz, legumbres y pasta >~Pasta y fideos~https://tienda.mercadona.es/product/6357/fusilli-armando-paquete~6357~2023-03-11 23:18:27.412489
Pasta tiburón Hacendado~Paquete~500 g~| 1,52 €/kg~0.76~/ud.~Arroz, legumbres y pasta >~Pasta y fideos~https://tienda.mercadona.es/product/6244/pasta-tiburon-hacendado-paquete~6244~2023-03-11 23:18:28.085405
Penne sin gluten Felicia~Paquete~500 g~| 3,62 €/kg~1.81~/ud.~Arroz, legumbres y pasta >~Pasta y fideos~https://tienda.mercadona.es/product/6102/penne-sin-gluten-felicia-paquete~6102~2023-03-11 23:18:28.795592
Hélices Hacendado~Paquete~500 g~| 1,52 €/kg~0.76~/ud.~Arroz, legumbres y pasta >~Pasta y fideos~https://tienda.mercadona.es/product/6238/helices-hacendado-paquete~6238~2023-03-11 23:18:29.481356
Macarrón Hacendado~Paquete~500 g~| 1,52 €/kg~0.76~/ud.~Arroz, legumbres y pasta >~Pasta y fideos~https://tienda.mercadona.es/product/6326/macarron-hacendado-paquete~6326~2023-03-11 23:18:30.173279
Fusilli sin gluten vegetales Felicia~Paquete~500 g~| 3,62 €/kg~1.81~/ud.~Arroz, legumbres y pasta >~Pasta y fideos~https://tienda.mercadona.es/product/6103/fusilli-sin-gluten-vegetales-felicia-paquete~6103~2023-03-11 23:18:30.876541
Pasta mariscos Hacendado~Paquete~500 g~| 1,52 €/kg~0.76~/ud.~Arroz, legumbres y pasta >~Pasta y fideos~https://tienda.mercadona.es/product/6276/pasta-mariscos-hacendado-paquete~6276~2023-03-11 23:18:31.579144
Tallarín Hacendado~Paquete~500 g~| 1,52 €/kg~0.76~/ud.~Arroz, legumbres y pasta >~Pasta y fideos~https://tienda.mercadona.es/product/6246/tallarin-hacendado-paquete~6246~2023-03-11 23:18:32.225687
Spaghetti integral Hacendado~Paquete~500 g~| 1,90 €/kg~0.95~/ud.~Arroz, legumbres y pasta >~Pasta y fideos~https://tienda.mercadona.es/product/6595/spaghetti-integral-hacendado-paquete~6595~2023-03-11 23:18:32.911813
Spaghetti fino Hacendado~Paquete~500 g~| 1,52 €/kg~0.76~/ud.~Arroz, legumbres y pasta >~Pasta y fideos~https://tienda.mercadona.es/product/6277/spaghetti-fino-hacendado-paquete~6277~2023-03-11 23:18:33.525694
Nidos al huevo tagliatelle Hacendado~Paquete~500 g~| 2,58 €/kg~1.29~/ud.~Arroz, legumbres y pasta >~Pasta y fideos~https://tienda.mercadona.es/product/6321/nidos-huevo-tagliatelle-hacendado-paquete~6321~2023-03-11 23:18:34.231391
Spaghetti al huevo Hacendado~Paquete~500 g~| 2,58 €/kg~1.29~/ud.~Arroz, legumbres y pasta >~Pasta y fideos~https://tienda.mercadona.es/product/6302/spaghetti-huevo-hacendado-paquete~6302~2023-03-11 23:18:34.962846
Nidos vegetales Hacendado~Paquete~500 g~| 2,58 €/kg~1.29~/ud.~Arroz, legumbres y pasta >~Pasta y fideos~https://tienda.mercadona.es/product/6322/nidos-vegetales-hacendado-paquete~6322~2023-03-11 23:18:35.781311
Spaghetti Hacendado~Paquete~1 kg~| 1,24 €/kg~1.24~/ud.~Arroz, legumbres y pasta >~Pasta y fideos~https://tienda.mercadona.es/product/6245/spaghetti-hacendado-paquete~6245~2023-03-11 23:18:36.426835
Spaghetti Hacendado~Paquete~500 g~| 1,52 €/kg~0.76~/ud.~Arroz, legumbres y pasta >~Pasta y fideos~https://tienda.mercadona.es/product/6331/spaghetti-hacendado-paquete~6331~2023-03-11 23:18:37.134675
Spaghetti sin gluten con quinoa Felicia~Paquete~500 g~| 3,62 €/kg~1.81~/ud.~Arroz, legumbres y pasta >~Pasta y fideos~https://tienda.mercadona.es/product/6105/spaghetti-sin-gluten-con-quinoa-felicia-paquete~6105~2023-03-11 23:18:37.813751
Spaghetti Armando~Caja~500 g~| 2,48 €/kg~1.24~/ud.~Arroz, legumbres y pasta >~Pasta y fideos~https://tienda.mercadona.es/product/6366/spaghetti-armando-caja~6366~2023-03-11 23:18:38.469891
Tagliatelle frescos al huevo Hacendado~Paquete~250 g~| 4,76 €/kg~1.19~/ud.~Arroz, legumbres y pasta >~Pasta y fideos~https://tienda.mercadona.es/product/6153/tagliatelle-frescos-huevo-hacendado-paquete~6153~2023-03-11 23:18:39.182782
Tortellini con carne Pagani~Paquete~250 g~| 4,96 €/kg~1.24~/ud.~Arroz, legumbres y pasta >~Pasta y fideos~https://tienda.mercadona.es/product/6565/tortellini-con-carne-pagani-paquete~6565~2023-03-11 23:18:39.902455
Tortellini fresco carne Hacendado~Bandeja~250 g~| 6,88 €/kg~1.72~/ud.~Arroz, legumbres y pasta >~Pasta y fideos~https://tienda.mercadona.es/product/6142/tortellini-fresco-carne-hacendado-bandeja~6142~2023-03-11 23:18:40.539997
Ravioli fresco ricotta y espinacas Hacendado~Bandeja~250 g~| 6,88 €/kg~1.72~/ud.~Arroz, legumbres y pasta >~Pasta y fideos~https://tienda.mercadona.es/product/6143/ravioli-fresco-ricotta-espinacas-hacendado-bandeja~6143~2023-03-11 23:18:41.230260
Tortellini con tres quesos Pagani~Paquete~250 g~| 4,96 €/kg~1.24~/ud.~Arroz, legumbres y pasta >~Pasta y fideos~https://tienda.mercadona.es/product/6566/tortellini-con-tres-quesos-pagani-paquete~6566~2023-03-11 23:18:41.915638
Gnocchi frescos Hacendado de patata~Paquete~500 g~| 2,24 €/kg~1.12~/ud.~Arroz, legumbres y pasta >~Pasta y fideos~https://tienda.mercadona.es/product/6175/gnocchi-frescos-hacendado-patata-paquete~6175~2023-03-11 23:18:42.628500
Medialunas frescas setas con boletus Hacendado~Bandeja~250 g~| 8,96 €/kg~2.24~/ud.~Arroz, legumbres y pasta >~Pasta y fideos~https://tienda.mercadona.es/product/6141/medialunas-frescas-setas-con-boletus-hacendado-bandeja~6141~2023-03-11 23:18:43.352714
Girasoles frescos con quesos Hacendado~Bandeja~250 g~| 6,88 €/kg~1.72~/ud.~Arroz, legumbres y pasta >~Pasta y fideos~https://tienda.mercadona.es/product/6145/girasoles-frescos-con-quesos-hacendado-bandeja~6145~2023-03-11 23:18:44.096439
Tortellini con ricotta y espinacas Pagani~Paquete~250 g~| 4,96 €/kg~1.24~/ud.~Arroz, legumbres y pasta >~Pasta y fideos~https://tienda.mercadona.es/product/6567/tortellini-con-ricotta-espinacas-pagani-paquete~6567~2023-03-11 23:18:44.823274
Medialunas frescas parmigiano reggiano y trufa Bel Canto~Bandeja~250 g~| 9,92 €/kg~2.48~/ud.~Arroz, legumbres y pasta >~Pasta y fideos~https://tienda.mercadona.es/product/6149/medialunas-frescas-parmigiano-reggiano-trufa-bel-canto-bandeja~6149~2023-03-11 23:18:45.500480
Redondos frescos berenjena, tomate y mozzarella Bel Canto~Bandeja~250 g~| 8,96 €/kg~2.24~/ud.~Arroz, legumbres y pasta >~Pasta y fideos~https://tienda.mercadona.es/product/6139/redondos-frescos-berenjena-tomate-mozzarella-bel-canto-bandeja~6139~2023-03-11 23:18:46.182020
Medialunas frescas calabaza y crema de quesos Hacendado~Bandeja~250 g~| 8,96 €/kg~2.24~/ud.~Arroz, legumbres y pasta >~Pasta y fideos~https://tienda.mercadona.es/product/6152/medialunas-frescas-calabaza-crema-quesos-hacendado-bandeja~6152~2023-03-11 23:18:46.910662
Tortellini fresco jamón y queso Hacendado~Paquete~250 g~| 6,88 €/kg~1.72~/ud.~Arroz, legumbres y pasta >~Pasta y fideos~https://tienda.mercadona.es/product/86841/tortellini-fresco-jamon-queso-hacendado-paquete~86841~2023-03-11 23:18:47.605609
Tortellini fresco sin gluten carne Hacendado~Paquete~250 g~| 9,92 €/kg~2.48~/ud.~Arroz, legumbres y pasta >~Pasta y fideos~https://tienda.mercadona.es/product/13495/tortellini-fresco-sin-gluten-carne-hacendado-paquete~13495~2023-03-11 23:18:48.306608
Gnocchi frescos de quesos Hacendado y patata~Paquete~400 g~| 4,775 €/kg~1.91~/ud.~Arroz, legumbres y pasta >~Pasta y fideos~https://tienda.mercadona.es/product/86840/gnocchi-frescos-quesos-hacendado-patata-paquete~86840~2023-03-11 23:18:49.007445
Placas para lasaña precocidas El Pavo~Caja~18 placas (200 g)~| 7,15 €/kg~1.43~/ud.~Arroz, legumbres y pasta >~Pasta y fideos~https://tienda.mercadona.es/product/6856/placas-lasana-precocidas-pavo-caja~6856~2023-03-11 23:18:49.693830
Placas para canelones tradicionales Hacendado~Caja~20 placas (160 g)~| 4,188 €/kg~0.67~/ud.~Arroz, legumbres y pasta >~Pasta y fideos~https://tienda.mercadona.es/product/6495/placas-canelones-tradicionales-hacendado-caja~6495~2023-03-11 23:18:50.408158
Fideos orientales Yakisoba classic Gallina Blanca~Vaso~93 g~| 20,968 €/kg~1.95~/ud.~Arroz, legumbres y pasta >~Pasta y fideos~https://tienda.mercadona.es/product/8648/fideos-orientales-yakisoba-classic-gallina-blanca-vaso~8648~2023-03-11 23:18:51.117486
Fideos orientales Yatekomo sabor pollo Gallina Blanca~3 vasos x 60 g~| 21,945 €/kg~Not available~3.95~/pack~Arroz, legumbres y pasta >~Pasta y fideos~https://tienda.mercadona.es/product/8645/fideos-orientales-yatekomo-sabor-pollo-gallina-blanca-pack-3~8645~2023-03-11 23:18:51.791108
Fideos orientales Yatekomo sabor pollo Gallina Blanca~Vaso~60 g~| 25,834 €/kg~1.55~/ud.~Arroz, legumbres y pasta >~Pasta y fideos~https://tienda.mercadona.es/product/8618/fideos-orientales-yatekomo-sabor-pollo-gallina-blanca-vaso~8618~2023-03-11 23:18:52.483100
Fideos orientales Yakisoba sabor pollo Gallina Blanca~Vaso~93 g~| 20,968 €/kg~1.95~/ud.~Arroz, legumbres y pasta >~Pasta y fideos~https://tienda.mercadona.es/product/8647/fideos-orientales-yakisoba-sabor-pollo-gallina-blanca-vaso~8647~2023-03-11 23:18:53.180499
Fideos orientales Yakisoba sabor curry Hacendado~Vaso~80 g~| 16,25 €/kg~1.3~/ud.~Arroz, legumbres y pasta >~Pasta y fideos~https://tienda.mercadona.es/product/8729/fideos-orientales-yakisoba-sabor-curry-hacendado-vaso~8729~2023-03-11 23:18:53.898449
Pasta oriental sabor pollo Maggi~Paquete~71 g~| 12,677 €/kg~0.9~/ud.~Arroz, legumbres y pasta >~Pasta y fideos~https://tienda.mercadona.es/product/86514/pasta-oriental-sabor-pollo-maggi-paquete~86514~2023-03-11 23:18:54.600852
Fideos orientales Yakisoba sabor soja Hacendado~Vaso~80 g~| 16,25 €/kg~1.3~/ud.~Arroz, legumbres y pasta >~Pasta y fideos~https://tienda.mercadona.es/product/8727/fideos-orientales-yakisoba-sabor-soja-hacendado-vaso~8727~2023-03-11 23:18:55.285146
Fideos orientales Yakisoba sabor soja Hacendado~Paquete~90 g~| 10,00 €/kg~0.9~/ud.~Arroz, legumbres y pasta >~Pasta y fideos~https://tienda.mercadona.es/product/8730/fideos-orientales-yakisoba-sabor-soja-hacendado-paquete~8730~2023-03-11 23:18:56.020315
Fideos orientales sabor pollo Hacendado~Vaso~65 g~| 15,385 €/kg~1.0~/ud.~Arroz, legumbres y pasta >~Pasta y fideos~https://tienda.mercadona.es/product/22453/fideos-orientales-sabor-pollo-hacendado-vaso~22453~2023-03-11 23:18:56.714607
Fideos orientales sabor picante Hacendado~Vaso~65 g~| 15,385 €/kg~1.0~/ud.~Arroz, legumbres y pasta >~Pasta y fideos~https://tienda.mercadona.es/product/22455/fideos-orientales-sabor-picante-hacendado-vaso~22455~2023-03-11 23:18:57.416970
Fideos orientales Yakisoba classic Nissin Foods~Paquete~109 g~| 8,257 €/kg~0.9~/ud.~Arroz, legumbres y pasta >~Pasta y fideos~https://tienda.mercadona.es/product/16832/fideos-orientales-yakisoba-classic-nissin-foods-paquete~16832~2023-03-11 23:18:58.157803
Azúcar blanco~Paquete~1 kg~| 1,35 €/kg~1.35~/ud.~Azúcar, caramelos y chocolate >~Azúcar y edulcorante~https://tienda.mercadona.es/product/19897/azucar-blanco-paquete~19897~2023-03-11 23:19:47.383027
Azúcar blanco en sobres Acor~Caja~50 sticks (350 g)~| 4,00 €/kg~1.4~/ud.~Azúcar, caramelos y chocolate >~Azúcar y edulcorante~https://tienda.mercadona.es/product/19837/azucar-blanco-sobres-acor-caja~19837~2023-03-11 23:19:47.926645
Azúcar moreno de caña Acor~Caja~1 kg~| 1,90 €/kg~1.9~/ud.~Azúcar, caramelos y chocolate >~Azúcar y edulcorante~https://tienda.mercadona.es/product/19857/azucar-moreno-cana-acor-caja~19857~2023-03-11 23:19:48.390225
Azúcar moreno de caña integral en sobres Acor~Caja~50 sobres (350 g)~| 4,429 €/kg~1.55~/ud.~Azúcar, caramelos y chocolate >~Azúcar y edulcorante~https://tienda.mercadona.es/product/19832/azucar-moreno-cana-integral-sobres-acor-caja~19832~2023-03-11 23:19:48.866883
Panela azúcar moreno de caña integral Hacendado sin refinar~Paquete~500 g~| 4,00 €/kg~2.0~/ud.~Azúcar, caramelos y chocolate >~Azúcar y edulcorante~https://tienda.mercadona.es/product/19859/panela-azucar-moreno-cana-integral-hacendado-sin-refinar-paquete~19859~2023-03-11 23:19:49.355240
Azúcar glas Sidul~Bote~250 g~| 5,60 €/kg~1.4~/ud.~Azúcar, caramelos y chocolate >~Azúcar y edulcorante~https://tienda.mercadona.es/product/86466/azucar-glas-sidul-bote~86466~2023-03-11 23:19:49.830731
Edulcorante líquido sacarina Hacendado~Bote~150 ml~| 5,667 €/L~0.85~/ud.~Azúcar, caramelos y chocolate >~Azúcar y edulcorante~https://tienda.mercadona.es/product/70741/edulcorante-liquido-sacarina-hacendado-bote~70741~2023-03-11 23:19:50.307396
Edulcorante en pastillas sacarina Hacendado~Bote~850 pastillas (52 g)~| 22,116 €/kg~1.15~/ud.~Azúcar, caramelos y chocolate >~Azúcar y edulcorante~https://tienda.mercadona.es/product/19802/edulcorante-pastillas-sacarina-hacendado-bote~19802~2023-03-11 23:19:50.797255
Edulcorante en sobres sacarina Hacendado~Caja~60 sobres (60 g)~| 20,00 €/kg~1.2~/ud.~Azúcar, caramelos y chocolate >~Azúcar y edulcorante~https://tienda.mercadona.es/product/19808/edulcorante-sobres-sacarina-hacendado-caja~19808~2023-03-11 23:19:51.237127
Sirope de agave~Bote~350 g~| 7,143 €/kg~2.5~/ud.~Azúcar, caramelos y chocolate >~Azúcar y edulcorante~https://tienda.mercadona.es/product/19860/sirope-agave-bote~19860~2023-03-11 23:19:51.698830
Edulcorante líquido stevia Hacendado~Bote~150 ml~| 14,667 €/L~2.2~/ud.~Azúcar, caramelos y chocolate >~Azúcar y edulcorante~https://tienda.mercadona.es/product/19820/edulcorante-liquido-stevia-hacendado-bote~19820~2023-03-11 23:19:52.209093
Edulcorante granulado stevia Hacendado~Bote~200 g~| 15,75 €/kg~3.15~/ud.~Azúcar, caramelos y chocolate >~Azúcar y edulcorante~https://tienda.mercadona.es/product/19817/edulcorante-granulado-stevia-hacendado-bote~19817~2023-03-11 23:19:52.687928
Edulcorante en pastillas stevia Hacendado~Bote~175 pastillas (9 g)~| 20,556 €/100 g~1.85~/ud.~Azúcar, caramelos y chocolate >~Azúcar y edulcorante~https://tienda.mercadona.es/product/19812/edulcorante-pastillas-stevia-hacendado-bote~19812~2023-03-11 23:19:53.160884
Edulcorante en sobres stevia Hacendado~Caja~54 sobres (54 g)~| 37,038 €/kg~2.0~/ud.~Azúcar, caramelos y chocolate >~Azúcar y edulcorante~https://tienda.mercadona.es/product/19825/edulcorante-sobres-stevia-hacendado-caja~19825~2023-03-11 23:19:53.654726
Edulcorante Eritritol y Sucralosa Hacendado~Bote~200 g~| 16,25 €/kg~3.25~/ud.~Azúcar, caramelos y chocolate >~Azúcar y edulcorante~https://tienda.mercadona.es/product/67637/edulcorante-eritritol-sucralosa-hacendado-bote~67637~2023-03-11 23:19:54.194524
Chicle menta fuerte gragea Hacendado~Paquete~32 chicles (45 g)~| 2,112 €/100 g~0.95~/ud.~Azúcar, caramelos y chocolate >~Chicles y caramelos~https://tienda.mercadona.es/product/65235/chicle-menta-fuerte-gragea-hacendado-paquete~65235~2023-03-11 23:20:40.967830
Chicle menta fuerte gragea Hacendado~Bote~70 chicles (100 g)~| 19,50 €/kg~1.95~/ud.~Azúcar, caramelos y chocolate >~Chicles y caramelos~https://tienda.mercadona.es/product/65067/chicle-menta-fuerte-gragea-hacendado-bote~65067~2023-03-11 23:20:41.552906
Chicle hierbabuena gragea Hacendado~Paquete~32 chicles (45 g)~| 2,112 €/100 g~0.95~/ud.~Azúcar, caramelos y chocolate >~Chicles y caramelos~https://tienda.mercadona.es/product/65161/chicle-hierbabuena-gragea-hacendado-paquete~65161~2023-03-11 23:20:42.060647
Chicle hierbabuena gragea Hacendado~Bote~70 chicles (100 g)~| 19,50 €/kg~1.95~/ud.~Azúcar, caramelos y chocolate >~Chicles y caramelos~https://tienda.mercadona.es/product/65172/chicle-hierbabuena-gragea-hacendado-bote~65172~2023-03-11 23:20:42.562818
Chicle hierbabuena lámina Hacendado~Paquete~12 chicles (31 g)~| 3,065 €/100 g~0.95~/ud.~Azúcar, caramelos y chocolate >~Chicles y caramelos~https://tienda.mercadona.es/product/65139/chicle-hierbabuena-lamina-hacendado-paquete~65139~2023-03-11 23:20:43.055169
Chicle menta fresca gragea Hacendado con 100% xilitol~Bote~70 chicles (100 g)~| 26,00 €/kg~2.6~/ud.~Azúcar, caramelos y chocolate >~Chicles y caramelos~https://tienda.mercadona.es/product/65136/chicle-menta-fresca-gragea-hacendado-con-100-xilitol-bote~65136~2023-03-11 23:20:43.532390
Chicle menta suave gragea Hacendado~Paquete~32 chicles (45 g)~| 2,112 €/100 g~0.95~/ud.~Azúcar, caramelos y chocolate >~Chicles y caramelos~https://tienda.mercadona.es/product/65147/chicle-menta-suave-gragea-hacendado-paquete~65147~2023-03-11 23:20:44.057813
Chicle fresa gragea Hacendado~Paquete~32 chicles (45 g)~| 2,112 €/100 g~0.95~/ud.~Azúcar, caramelos y chocolate >~Chicles y caramelos~https://tienda.mercadona.es/product/65164/chicle-fresa-gragea-hacendado-paquete~65164~2023-03-11 23:20:44.599061
Chicle fresa gragea Hacendado~Bote~70 chicles (100 g)~| 19,50 €/kg~1.95~/ud.~Azúcar, caramelos y chocolate >~Chicles y caramelos~https://tienda.mercadona.es/product/65165/chicle-fresa-gragea-hacendado-bote~65165~2023-03-11 23:20:45.121202
Chicle original sabor frutas gragea Hacendado~Paquete~32 chicles (45 g)~| 2,112 €/100 g~0.95~/ud.~Azúcar, caramelos y chocolate >~Chicles y caramelos~https://tienda.mercadona.es/product/65135/chicle-original-sabor-frutas-gragea-hacendado-paquete~65135~2023-03-11 23:20:45.626386
Chicle regaliz y menta gragea Hacendado~Paquete~32 chicles (45 g)~| 2,778 €/100 g~1.25~/ud.~Azúcar, caramelos y chocolate >~Chicles y caramelos~https://tienda.mercadona.es/product/65056/chicle-regaliz-menta-gragea-hacendado-paquete~65056~2023-03-11 23:20:46.130150
Chicle sandía lámina Hacendado~Paquete~12 chicles (31 g)~| 3,065 €/100 g~0.95~/ud.~Azúcar, caramelos y chocolate >~Chicles y caramelos~https://tienda.mercadona.es/product/65140/chicle-sandia-lamina-hacendado-paquete~65140~2023-03-11 23:20:46.664549
Chicle XXL gragea Hacendado sabor a melón, fresa, melocotón y frambuesa~Paquete~25 chicles (100 g)~| 17,50 €/kg~1.75~/ud.~Azúcar, caramelos y chocolate >~Chicles y caramelos~https://tienda.mercadona.es/product/65213/chicle-xxl-gragea-hacendado-sabor-melon-fresa-melocoton-frambuesa-paquete~65213~2023-03-11 23:20:47.206646
Chicle jengibre gragea Hacendado~Paquete~32 chicles (45 g)~| 2,778 €/100 g~1.25~/ud.~Azúcar, caramelos y chocolate >~Chicles y caramelos~https://tienda.mercadona.es/product/65177/chicle-jengibre-gragea-hacendado-paquete~65177~2023-03-11 23:20:47.745591
Chicle mentol mix XXL gragea Hacendado sabor a eucalipto, limón mentolado, menta y naranja mentolada~Paquete~25 chicles (100 g)~| 17,50 €/kg~1.75~/ud.~Azúcar, caramelos y chocolate >~Chicles y caramelos~https://tienda.mercadona.es/product/65178/chicle-mentol-mix-xxl-gragea-hacendado-sabor-eucalipto-limon-mentolado-menta-naranja-mentolada-paquete~65178~2023-03-11 23:20:48.318459
Chicle frutos rojos lámina Hacendado~Paquete~12 chicles (31 g)~| 3,065 €/100 g~0.95~/ud.~Azúcar, caramelos y chocolate >~Chicles y caramelos~https://tienda.mercadona.es/product/65241/chicle-frutos-rojos-lamina-hacendado-paquete~65241~2023-03-11 23:20:48.854695
Caramelos nata Hacendado 0% azúcares~Paquete~90 g~| 12,778 €/kg~1.15~/ud.~Azúcar, caramelos y chocolate >~Chicles y caramelos~https://tienda.mercadona.es/product/65302/caramelos-nata-hacendado-0-azucares-paquete~65302~2023-03-11 23:20:49.393062
Caramelos café Hacendado 0% azúcares~Paquete~90 g~| 12,778 €/kg~1.15~/ud.~Azúcar, caramelos y chocolate >~Chicles y caramelos~https://tienda.mercadona.es/product/65123/caramelos-cafe-hacendado-0-azucares-paquete~65123~2023-03-11 23:20:49.892452
Caramelos sabor eucalipto y mentol Hacendado 0% azúcares~Paquete~90 g~| 10,00 €/kg~0.9~/ud.~Azúcar, caramelos y chocolate >~Chicles y caramelos~https://tienda.mercadona.es/product/65138/caramelos-sabor-eucalipto-mentol-hacendado-0-azucares-paquete~65138~2023-03-11 23:20:50.405397
Caramelos surtidos 6 sabores Hacendado melón, limón, piña, mora, naranja y fresa~Paquete~150 g~| 7,334 €/kg~1.1~/ud.~Azúcar, caramelos y chocolate >~Chicles y caramelos~https://tienda.mercadona.es/product/86290/caramelos-surtidos-6-sabores-hacendado-melon-limon-pina-mora-naranja-fresa-paquete~86290~2023-03-11 23:20:50.926927
Caramelos eucaliptus mentol Respiral Halls~Paquete~150 g~| 11,667 €/kg~1.75~/ud.~Azúcar, caramelos y chocolate >~Chicles y caramelos~https://tienda.mercadona.es/product/65326/caramelos-eucaliptus-mentol-respiral-halls-paquete~65326~2023-03-11 23:20:51.451052
Caramelos cítricos mix Halls~4 paquetes x 32 g~| 18,36 €/kg~Not available~2.35~/pack~Azúcar, caramelos y chocolate >~Chicles y caramelos~https://tienda.mercadona.es/product/65298/caramelos-citricos-mix-halls-pack-4~65298~2023-03-11 23:20:51.967600
Caramelos limón mentol Respiral Halls~Paquete~150 g~| 11,667 €/kg~1.75~/ud.~Azúcar, caramelos y chocolate >~Chicles y caramelos~https://tienda.mercadona.es/product/65328/caramelos-limon-mentol-respiral-halls-paquete~65328~2023-03-11 23:20:52.499777
Caramelos original Halls~4 paquetes x 32 g~| 18,36 €/kg~Not available~2.35~/pack~Azúcar, caramelos y chocolate >~Chicles y caramelos~https://tienda.mercadona.es/product/65299/caramelos-original-halls-pack-4~65299~2023-03-11 23:20:53.009242
Caramelos blandos Fruits Hacendado sabor limón, naranja, cereza, fresa y piña~Paquete~300 g~| 5,00 €/kg~1.5~/ud.~Azúcar, caramelos y chocolate >~Chicles y caramelos~https://tienda.mercadona.es/product/65311/caramelos-blandos-fruits-hacendado-sabor-limon-naranja-cereza-fresa-pina-paquete~65311~2023-03-11 23:20:53.540615
Caramelos miel sabor limón Pifarré~Paquete~125 g~| 8,00 €/kg~1.0~/ud.~Azúcar, caramelos y chocolate >~Chicles y caramelos~https://tienda.mercadona.es/product/65324/caramelos-miel-sabor-limon-pifarre-paquete~65324~2023-03-11 23:20:54.084762
Caramelos blandos rellenos Dolis sabor limón, naranja, cereza y fresa~Paquete~300 g~| 6,667 €/kg~2.0~/ud.~Azúcar, caramelos y chocolate >~Chicles y caramelos~https://tienda.mercadona.es/product/65122/caramelos-blandos-rellenos-dolis-sabor-limon-naranja-cereza-fresa-paquete~65122~2023-03-11 23:20:54.609681
Caramelos con palo 4 sabores Chupa Chups limón, fresa, cola y fresa/nata~Paquete~12 ud. (144 g)~| 13,195 €/kg~1.9~/ud.~Azúcar, caramelos y chocolate >~Chicles y caramelos~https://tienda.mercadona.es/product/13388/caramelos-con-palo-4-sabores-chupa-chups-limon-fresa-cola-fresanata-paquete~13388~2023-03-11 23:20:55.131930
Caramelos menta minigrageas Smint~2 ud. x 8 g~| 13,75 €/100 g~Not available~2.2~/pack~Azúcar, caramelos y chocolate >~Chicles y caramelos~https://tienda.mercadona.es/product/65322/caramelos-menta-minigrageas-smint-pack-2~65322~2023-03-11 23:20:55.657141
Caramelos mantequilla y nata Werther's original~Paquete~150 g~| 12,00 €/kg~1.8~/ud.~Azúcar, caramelos y chocolate >~Chicles y caramelos~https://tienda.mercadona.es/product/65420/caramelos-mantequilla-nata-werthers-original-paquete~65420~2023-03-11 23:20:56.153437
Caramelos regaliz mentol Respiral Halls~Paquete~150 g~| 11,667 €/kg~1.75~/ud.~Azúcar, caramelos y chocolate >~Chicles y caramelos~https://tienda.mercadona.es/product/65327/caramelos-regaliz-mentol-respiral-halls-paquete~65327~2023-03-11 23:20:56.690416
Caramelos jengibre y própolis Hacendado 0% azúcares~Paquete~90 g~| 15,00 €/kg~1.35~/ud.~Azúcar, caramelos y chocolate >~Chicles y caramelos~https://tienda.mercadona.es/product/65143/caramelos-jengibre-propolis-hacendado-0-azucares-paquete~65143~2023-03-11 23:20:57.225906
Caramelos Mix Fruits Hacendado 0% azúcares~Paquete~100 g~| 11,50 €/kg~1.15~/ud.~Azúcar, caramelos y chocolate >~Chicles y caramelos~https://tienda.mercadona.es/product/13390/caramelos-mix-fruits-hacendado-0-azucares-paquete~13390~2023-03-11 23:20:57.751957
Caramelos con palo Cherry Stick Hacendado con chicle sabor cereza~Paquete~7 ud. (105 g)~| 12,381 €/kg~1.3~/ud.~Azúcar, caramelos y chocolate >~Chicles y caramelos~https://tienda.mercadona.es/product/22823/caramelos-con-palo-cherry-stick-hacendado-con-chicle-sabor-cereza-paquete~22823~2023-03-11 23:20:58.319979
Caramelos Toffee Hacendado~Paquete~100 g~| 14,50 €/kg~1.45~/ud.~Azúcar, caramelos y chocolate >~Chicles y caramelos~https://tienda.mercadona.es/product/86112/caramelos-toffee-hacendado-paquete~86112~2023-03-11 23:20:58.949234
Caramelos sabor eucalipto y mentol Hacendado~Paquete~150 g~| 7,667 €/kg~1.15~/ud.~Azúcar, caramelos y chocolate >~Chicles y caramelos~https://tienda.mercadona.es/product/86026/caramelos-sabor-eucalipto-mentol-hacendado-paquete~86026~2023-03-11 23:20:59.495375
Chocolate negro 85% cacao Hacendado~Tableta~100 g~| 10,50 €/kg~1.05~/ud.~Azúcar, caramelos y chocolate >~Chocolate~https://tienda.mercadona.es/product/60722/chocolate-negro-85-cacao-hacendado-tableta~60722~2023-03-11 23:38:33.258894
Chocolate negro fundir Hacendado~Tableta~200 g~| 5,75 €/kg~1.15~/ud.~Azúcar, caramelos y chocolate >~Chocolate~https://tienda.mercadona.es/product/12531/chocolate-negro-fundir-hacendado-tableta~12531~2023-03-11 23:38:33.956405
Porciones de Chocolate negro 72% cacao extrafino Hacendado~Paquete~200 g~| 10,50 €/kg~2.1~/ud.~Azúcar, caramelos y chocolate >~Chocolate~https://tienda.mercadona.es/product/12495/porciones-chocolate-negro-72-cacao-extrafino-hacendado-paquete~12495~2023-03-11 23:38:34.626265
Chocolate negro extrafino Hacendado~Tableta~150 g~| 5,334 €/kg~0.8~/ud.~Azúcar, caramelos y chocolate >~Chocolate~https://tienda.mercadona.es/product/12582/chocolate-negro-extrafino-hacendado-tableta~12582~2023-03-11 23:38:35.307230
Chocolate 70% negro Valor 0% azúcares añadidos~Tableta~125 g~| 16,00 €/kg~2.0~/ud.~Azúcar, caramelos y chocolate >~Chocolate~https://tienda.mercadona.es/product/12141/chocolate-70-negro-valor-0-azucares-anadidos-tableta~12141~2023-03-11 23:38:35.970630
Chocolate negro 72% de cacao Hacendado con pepitas de cacao caramelizadas~Tableta~100 g~| 12,50 €/kg~1.25~/ud.~Azúcar, caramelos y chocolate >~Chocolate~https://tienda.mercadona.es/product/22704/chocolate-negro-72-cacao-hacendado-con-pepitas-cacao-caramelizadas-tableta~22704~2023-03-11 23:38:36.632155
Chocolate negro 72% de cacao Hacendado~Tableta~100 g~| 9,00 €/kg~0.9~/ud.~Azúcar, caramelos y chocolate >~Chocolate~https://tienda.mercadona.es/product/23773/chocolate-negro-72-cacao-hacendado-tableta~23773~2023-03-11 23:38:37.277338
Chocolate negro extrafino Hacendado con almendras enteras~Tableta~200 g~| 7,00 €/kg~1.4~/ud.~Azúcar, caramelos y chocolate >~Chocolate~https://tienda.mercadona.es/product/12481/chocolate-negro-extrafino-hacendado-con-almendras-enteras-tableta~12481~2023-03-11 23:38:37.930496
Chocolate puro Valor~Tableta~300 g~| 9,334 €/kg~2.8~/ud.~Azúcar, caramelos y chocolate >~Chocolate~https://tienda.mercadona.es/product/12126/chocolate-puro-valor-tableta~12126~2023-03-11 23:38:38.654922
Chocolate puro Valor con almendras enteras~Tableta~250 g~| 11,00 €/kg~2.75~/ud.~Azúcar, caramelos y chocolate >~Chocolate~https://tienda.mercadona.es/product/12130/chocolate-puro-valor-con-almendras-enteras-tableta~12130~2023-03-11 23:38:39.329902
Chocolate negro extrafino y edulcorante Hacendado 0% azúcares añadidos~Tableta~125 g~| 10,00 €/kg~1.25~/ud.~Azúcar, caramelos y chocolate >~Chocolate~https://tienda.mercadona.es/product/12523/chocolate-negro-extrafino-edulcorante-hacendado-0-azucares-anadidos-tableta~12523~2023-03-11 23:38:40.040004
Mini barritas chocolate negro 70% cacao Hacendado con semillas y galleta~Paquete~12 ud. (130 g)~| 11,924 €/kg~1.55~/ud.~Azúcar, caramelos y chocolate >~Chocolate~https://tienda.mercadona.es/product/12460/mini-barritas-chocolate-negro-70-cacao-hacendado-con-semillas-galleta-paquete~12460~2023-03-11 23:38:40.774793
Chocolate negro relleno de mousse Hacendado~Tableta~140 g~| 11,786 €/kg~1.65~/ud.~Azúcar, caramelos y chocolate >~Chocolate~https://tienda.mercadona.es/product/12553/chocolate-negro-relleno-mousse-hacendado-tableta~12553~2023-03-11 23:38:41.505629
Chocolate puro Valor con almendras enteras 0% azúcares añadidos~Tableta~150 g~| 19,00 €/kg~2.85~/ud.~Azúcar, caramelos y chocolate >~Chocolate~https://tienda.mercadona.es/product/12139/chocolate-puro-valor-con-almendras-enteras-0-azucares-anadidos-tableta~12139~2023-03-11 23:38:42.232501
Chocolate negro 55% cacao Hacendado con avellanas enteras~Tableta~180 g~| 8,889 €/kg~1.6~/ud.~Azúcar, caramelos y chocolate >~Chocolate~https://tienda.mercadona.es/product/22848/chocolate-negro-55-cacao-hacendado-con-avellanas-enteras-tableta~22848~2023-03-11 23:38:43.053820
Chocolatinas de chocolate negro Royal Mints 49% rellenas de crema sabor a menta~Caja~200 g~| 7,50 €/kg~1.5~/ud.~Azúcar, caramelos y chocolate >~Chocolate~https://tienda.mercadona.es/product/12431/chocolatinas-chocolate-negro-royal-mints-49-rellenas-crema-sabor-menta-caja~12431~2023-03-11 23:38:43.793592
Gotas de chocolate negro para fundir Hacendado~Paquete~250 g~| 7,00 €/kg~1.75~/ud.~Azúcar, caramelos y chocolate >~Chocolate~https://tienda.mercadona.es/product/12544/gotas-chocolate-negro-fundir-hacendado-paquete~12544~2023-03-11 23:38:44.475833
Chocolate negro 72% cacao extrafino Hacendado con almendras enteras~Tableta~200 g~| 9,50 €/kg~1.9~/ud.~Azúcar, caramelos y chocolate >~Chocolate~https://tienda.mercadona.es/product/12480/chocolate-negro-72-cacao-extrafino-hacendado-con-almendras-enteras-tableta~12480~2023-03-11 23:38:45.191206
Porciones de Chocolate negro 85% cacao extrafino Hacendado~Paquete~200 g~| 12,00 €/kg~2.4~/ud.~Azúcar, caramelos y chocolate >~Chocolate~https://tienda.mercadona.es/product/12493/porciones-chocolate-negro-85-cacao-extrafino-hacendado-paquete~12493~2023-03-11 23:38:45.801037
Chocolate negro 72% cacao Hacendado con trozos de naranja~Tableta~100 g~| 12,50 €/kg~1.25~/ud.~Azúcar, caramelos y chocolate >~Chocolate~https://tienda.mercadona.es/product/22703/chocolate-negro-72-cacao-hacendado-con-trozos-naranja-tableta~22703~2023-03-11 23:38:46.478995
Chocolate negro 85% cacao extrafino y edulcorante Hacendado 0% azúcares añadidos~Tableta~100 g~| 15,00 €/kg~1.5~/ud.~Azúcar, caramelos y chocolate >~Chocolate~https://tienda.mercadona.es/product/12524/chocolate-negro-85-cacao-extrafino-edulcorante-hacendado-0-azucares-anadidos-tableta~12524~2023-03-11 23:38:47.199467
Chocolate negro 70% cacao fundir Hacendado 0% azúcares añadidos~Tableta~200 g~| 9,00 €/kg~1.8~/ud.~Azúcar, caramelos y chocolate >~Chocolate~https://tienda.mercadona.es/product/12530/chocolate-negro-70-cacao-fundir-hacendado-0-azucares-anadidos-tableta~12530~2023-03-11 23:38:47.861046
99% cacao negro Hacendado~Tableta~100 g~| 16,00 €/kg~1.6~/ud.~Azúcar, caramelos y chocolate >~Chocolate~https://tienda.mercadona.es/product/12586/99-cacao-negro-hacendado-tableta~12586~2023-03-11 23:38:48.509744
Chocolate negro Fussion 72% de cacao Hacendado relleno de crema de limón~Tableta~100 g~| 11,00 €/kg~1.1~/ud.~Azúcar, caramelos y chocolate >~Chocolate~https://tienda.mercadona.es/product/86799/chocolate-negro-fussion-72-cacao-hacendado-relleno-crema-limon-tableta~86799~2023-03-11 23:38:49.213153
Chocolate negro 92% cacao Hacendado 0% azúcares añadidos con fibra de achicoria~Tableta~100 g~| 16,00 €/kg~1.6~/ud.~Azúcar, caramelos y chocolate >~Chocolate~https://tienda.mercadona.es/product/60293/chocolate-negro-92-cacao-hacendado-0-azucares-anadidos-con-fibra-achicoria-tableta~60293~2023-03-11 23:38:49.857807
Chocolate con leche classic Hacendado~Tableta~150 g~| 6,334 €/kg~0.95~/ud.~Azúcar, caramelos y chocolate >~Chocolate~https://tienda.mercadona.es/product/13653/chocolate-con-leche-classic-hacendado-tableta~13653~2023-03-11 23:38:50.518441
Chocolate con leche extrafino Nestlé~Tableta~125 g~| 10,00 €/kg~1.25~/ud.~Azúcar, caramelos y chocolate >~Chocolate~https://tienda.mercadona.es/product/12562/chocolate-con-leche-extrafino-nestle-tableta~12562~2023-03-11 23:38:51.145263
Chocolate con leche Oreo Milka~Tableta~100 g~| 13,00 €/kg~1.3~/ud.~Azúcar, caramelos y chocolate >~Chocolate~https://tienda.mercadona.es/product/12099/chocolate-con-leche-oreo-milka-tableta~12099~2023-03-11 23:38:51.807428
Chocolate con leche Milka~Tableta~150 g~| 9,00 €/kg~1.35~/ud.~Azúcar, caramelos y chocolate >~Chocolate~https://tienda.mercadona.es/product/12151/chocolate-con-leche-milka-tableta~12151~2023-03-11 23:38:52.517107
Chocolate extrafino con leche Hacendado almendras enteras~Tableta~200 g~| 7,25 €/kg~1.45~/ud.~Azúcar, caramelos y chocolate >~Chocolate~https://tienda.mercadona.es/product/12037/chocolate-extrafino-con-leche-hacendado-almendras-enteras-tableta~12037~2023-03-11 23:38:53.195061
Chocolate con leche Valor almendras enteras~Tableta~250 g~| 11,00 €/kg~2.75~/ud.~Azúcar, caramelos y chocolate >~Chocolate~https://tienda.mercadona.es/product/12107/chocolate-con-leche-valor-almendras-enteras-tableta~12107~2023-03-11 23:38:53.882318
Chocolate con leche Hacendado avellanas troceadas~Tableta~150 g~| 6,667 €/kg~1.0~/ud.~Azúcar, caramelos y chocolate >~Chocolate~https://tienda.mercadona.es/product/15633/chocolate-con-leche-hacendado-avellanas-troceadas-tableta~15633~2023-03-11 23:38:54.562397
Chocolate extrafino con leche Hacendado 0% azúcares añadidos~Tableta~125 g~| 10,00 €/kg~1.25~/ud.~Azúcar, caramelos y chocolate >~Chocolate~https://tienda.mercadona.es/product/12527/chocolate-extrafino-con-leche-hacendado-0-azucares-anadidos-tableta~12527~2023-03-11 23:38:55.344451
Chocolate con leche caramelo Milka~Tableta~100 g~| 13,00 €/kg~1.3~/ud.~Azúcar, caramelos y chocolate >~Chocolate~https://tienda.mercadona.es/product/12098/chocolate-con-leche-caramelo-milka-tableta~12098~2023-03-11 23:38:56.102271
Porciones de chocolate con leche cremoso extrafino Hacendado~Paquete~200 g~| 11,75 €/kg~2.35~/ud.~Azúcar, caramelos y chocolate >~Chocolate~https://tienda.mercadona.es/product/60878/porciones-chocolate-con-leche-cremoso-extrafino-hacendado-paquete~60878~2023-03-11 23:38:56.867749
Chocolate con leche Valor almendras enteras 0% azúcares añadidos~Tableta~150 g~| 19,00 €/kg~2.85~/ud.~Azúcar, caramelos y chocolate >~Chocolate~https://tienda.mercadona.es/product/12140/chocolate-con-leche-valor-almendras-enteras-0-azucares-anadidos-tableta~12140~2023-03-11 23:38:57.608345
Chocolate con leche Milka galleta~Tableta~300 g~| 9,834 €/kg~2.95~/ud.~Azúcar, caramelos y chocolate >~Chocolate~https://tienda.mercadona.es/product/12016/chocolate-con-leche-milka-galleta-tableta~12016~2023-03-11 23:38:58.326287
Chocolate con leche Hacendado almendras troceadas~Tableta~150 g~| 6,667 €/kg~1.0~/ud.~Azúcar, caramelos y chocolate >~Chocolate~https://tienda.mercadona.es/product/23837/chocolate-con-leche-hacendado-almendras-troceadas-tableta~23837~2023-03-11 23:38:59.059441
Fideos de chocolate Hacendado especial repostería y postres~Paquete~100 g~| 14,50 €/kg~1.45~/ud.~Azúcar, caramelos y chocolate >~Chocolate~https://tienda.mercadona.es/product/32227/fideos-chocolate-hacendado-especial-reposteria-postres-paquete~32227~2023-03-11 23:38:59.771571
Chocolate con leche fundir Hacendado~Tableta~200 g~| 7,50 €/kg~1.5~/ud.~Azúcar, caramelos y chocolate >~Chocolate~https://tienda.mercadona.es/product/12533/chocolate-con-leche-fundir-hacendado-tableta~12533~2023-03-11 23:39:00.515098
Chocolate con leche extrafino cremoso Hacendado~Tableta~150 g~| 7,667 €/kg~1.15~/ud.~Azúcar, caramelos y chocolate >~Chocolate~https://tienda.mercadona.es/product/12518/chocolate-con-leche-extrafino-cremoso-hacendado-tableta~12518~2023-03-11 23:39:01.245957
Chocolate con leche Fussion Hacendado relleno cremoso, avellanas y barquillo crujiente~Tableta~100 g~| 11,00 €/kg~1.1~/ud.~Azúcar, caramelos y chocolate >~Chocolate~https://tienda.mercadona.es/product/15527/chocolate-con-leche-fussion-hacendado-relleno-cremoso-avellanas-barquillo-crujiente-tableta~15527~2023-03-11 23:39:02.002436
Chocolate con leche Fussion Hacendado relleno de galleta Belga~Tableta~110 g~| 10,00 €/kg~1.1~/ud.~Azúcar, caramelos y chocolate >~Chocolate~https://tienda.mercadona.es/product/70756/chocolate-con-leche-fussion-hacendado-relleno-galleta-belga-tableta~70756~2023-03-11 23:39:02.790534
Chocolate con leche Hacendado con avellanas enteras~Tableta~180 g~| 8,889 €/kg~1.6~/ud.~Azúcar, caramelos y chocolate >~Chocolate~https://tienda.mercadona.es/product/80465/chocolate-con-leche-hacendado-con-avellanas-enteras-tableta~80465~2023-03-11 23:39:03.531505
Chocolate blanco Hacendado~Tableta~100 g~| 7,50 €/kg~0.75~/ud.~Azúcar, caramelos y chocolate >~Chocolate~https://tienda.mercadona.es/product/12476/chocolate-blanco-hacendado-tableta~12476~2023-03-11 23:39:04.259956
Chocolate blanco fundir Hacendado~Tableta~200 g~| 7,50 €/kg~1.5~/ud.~Azúcar, caramelos y chocolate >~Chocolate~https://tienda.mercadona.es/product/12543/chocolate-blanco-fundir-hacendado-tableta~12543~2023-03-11 23:39:04.999970
Chocolate blanco Fussion Hacendado galletas al cacao~Tableta~100 g~| 11,00 €/kg~1.1~/ud.~Azúcar, caramelos y chocolate >~Chocolate~https://tienda.mercadona.es/product/12490/chocolate-blanco-fussion-hacendado-galletas-cacao-tableta~12490~2023-03-11 23:39:05.749101
Chocolate blanco Fussion Hacendado relleno con cremoso de coco y almendras troceadas~Tableta~100 g~| 11,00 €/kg~1.1~/ud.~Azúcar, caramelos y chocolate >~Chocolate~https://tienda.mercadona.es/product/22408/chocolate-blanco-fussion-hacendado-relleno-con-cremoso-coco-almendras-troceadas-tableta~22408~2023-03-11 23:39:06.475424
Barritas de barquillo Huesitos bañadas de chocolate con leche Valor~Paquete~10 ud. (200 g)~| 10,00 €/kg~2.0~/ud.~Azúcar, caramelos y chocolate >~Chocolate~https://tienda.mercadona.es/product/12526/barritas-barquillo-huesitos-banadas-chocolate-con-leche-valor-paquete~12526~2023-03-11 23:39:07.231325
Barritas de chocolate con leche Hacendado rellenas de leche~Paquete~16 ud. (200 g)~| 9,50 €/kg~1.9~/ud.~Azúcar, caramelos y chocolate >~Chocolate~https://tienda.mercadona.es/product/12171/barritas-chocolate-con-leche-hacendado-rellenas-leche-paquete~12171~2023-03-11 23:39:07.973129
Barritas de barquillo Kit-Kat bañadas de chocolate con leche Nestlé~Paquete~5 ud. (207,5 g)~| 12,964 €/kg~2.69~/ud.~Azúcar, caramelos y chocolate >~Chocolate~https://tienda.mercadona.es/product/12510/barritas-barquillo-kit-kat-banadas-chocolate-con-leche-nestle-paquete~12510~2023-03-11 23:39:08.731034
Barritas de barquillo Tokke original bañadas de chocolate con leche Valor~Paquete~3 ud. (141 g)~| 8,157 €/kg~1.15~/ud.~Azúcar, caramelos y chocolate >~Chocolate~https://tienda.mercadona.es/product/12509/barritas-barquillo-tokke-original-banadas-chocolate-con-leche-valor-paquete~12509~2023-03-11 23:39:09.475380
Disquitos Pintarolas de chocolate con leche coloreados~Paquete~200 g~| 7,50 €/kg~1.5~/ud.~Azúcar, caramelos y chocolate >~Chocolate~https://tienda.mercadona.es/product/12094/disquitos-pintarolas-chocolate-con-leche-coloreados-paquete~12094~2023-03-11 23:39:10.260098
Cacahuetes Hacendado chocolate negro~Paquete~250 g~| 8,20 €/kg~2.05~/ud.~Azúcar, caramelos y chocolate >~Chocolate~https://tienda.mercadona.es/product/12348/cacahuetes-hacendado-chocolate-negro-paquete~12348~2023-03-11 23:39:11.043895
Cacahuetes Hacendado chocolate con leche~Paquete~250 g~| 8,20 €/kg~2.05~/ud.~Azúcar, caramelos y chocolate >~Chocolate~https://tienda.mercadona.es/product/12347/cacahuetes-hacendado-chocolate-con-leche-paquete~12347~2023-03-11 23:39:11.809617
Barritas de galleta y caramelo Hacendado bañadas de chocolate con leche~Paquete~5 ud. (200 g)~| 7,50 €/kg~1.5~/ud.~Azúcar, caramelos y chocolate >~Chocolate~https://tienda.mercadona.es/product/12540/barritas-galleta-caramelo-hacendado-banadas-chocolate-con-leche-paquete~12540~2023-03-11 23:39:12.568798
Cacahuetes Chocoiris Hacendado bañados de chocolate con leche coloreados~Paquete~180 g~| 9,723 €/kg~1.75~/ud.~Azúcar, caramelos y chocolate >~Chocolate~https://tienda.mercadona.es/product/12020/cacahuetes-chocoiris-hacendado-banados-chocolate-con-leche-coloreados-paquete~12020~2023-03-11 23:39:13.345031
Almendras Hacendado chocolate negro~Paquete~150 g~| 13,667 €/kg~2.05~/ud.~Azúcar, caramelos y chocolate >~Chocolate~https://tienda.mercadona.es/product/12027/almendras-hacendado-chocolate-negro-paquete~12027~2023-03-11 23:39:14.142815
Monedas de chocolate con leche~Malla~70 g~| 16,429 €/kg~1.15~/ud.~Azúcar, caramelos y chocolate >~Chocolate~https://tienda.mercadona.es/product/12457/monedas-chocolate-con-leche-malla~12457~2023-03-11 23:39:14.911282
Huevos de chocolate Hacendado dibujo con sorpresa~3 ud. x 20 g~| 26,667 €/kg~Not available~1.6~/pack~Azúcar, caramelos y chocolate >~Chocolate~https://tienda.mercadona.es/product/12364/huevos-chocolate-hacendado-dibujo-con-sorpresa-pack-3~12364~2023-03-11 23:39:15.661928
Huevos de chocolate Hacendado dibujo con sorpresa~3 ud. x 20 g~| 26,667 €/kg~Not available~1.6~/pack~Azúcar, caramelos y chocolate >~Chocolate~https://tienda.mercadona.es/product/12362/huevos-chocolate-hacendado-dibujo-con-sorpresa-pack-3~12362~2023-03-11 23:39:16.417985
Huevo de chocolate Hacendado con sorpresa~50 g~| 27,00 €/kg~Not available~1.35~/ud.~Azúcar, caramelos y chocolate >~Chocolate~https://tienda.mercadona.es/product/12421/huevo-chocolate-hacendado-con-sorpresa~12421~2023-03-11 23:39:17.175562
Huevo crema al cacao con disquitos y sorpresa~25 g~| 5,40 €/100 g~Not available~1.35~/ud.~Azúcar, caramelos y chocolate >~Chocolate~https://tienda.mercadona.es/product/12420/huevo-crema-cacao-con-disquitos-sorpresa~12420~2023-03-11 23:39:17.917707
Bolas de cereal Hacendado bañadas de chocolate negro, con leche y blanco~Paquete~200 g~| 10,25 €/kg~2.05~/ud.~Azúcar, caramelos y chocolate >~Chocolate~https://tienda.mercadona.es/product/34046/bolas-cereal-hacendado-banadas-chocolate-negro-con-leche-blanco-paquete~34046~2023-03-11 23:39:18.677579
Barritas de barquillo Hacendado rellenas de avellanas y chocolate con leche~Paquete~6 ud. (135 g)~| 10,371 €/kg~1.4~/ud.~Azúcar, caramelos y chocolate >~Chocolate~https://tienda.mercadona.es/product/13571/barritas-barquillo-hacendado-rellenas-avellanas-chocolate-con-leche-paquete~13571~2023-03-11 23:39:19.457240
Barritas de barquillo Kinder Bueno white bañadas de chocolate blanco y rellenas con crema de leche y avellanas~3 paquetes x 39 g~| 21,283 €/kg~Not available~2.49~/pack~Azúcar, caramelos y chocolate >~Chocolate~https://tienda.mercadona.es/product/12349/barritas-barquillo-kinder-bueno-white-banadas-chocolate-blanco-rellenas-con-crema-leche-avellanas-pack-3~12349~2023-03-11 23:39:20.221210
Nueces Hacendado chocolate con leche~Paquete~150 g~| 14,667 €/kg~2.2~/ud.~Azúcar, caramelos y chocolate >~Chocolate~https://tienda.mercadona.es/product/12022/nueces-hacendado-chocolate-con-leche-paquete~12022~2023-03-11 23:39:20.991740
Trufas clásicas al cacao Hacendado~Caja~250 g~| 6,80 €/kg~1.7~/ud.~Azúcar, caramelos y chocolate >~Chocolate~https://tienda.mercadona.es/product/36307/trufas-clasicas-cacao-hacendado-caja~36307~2023-03-11 23:39:21.759450
Bolitas de galleta Conguitos recubiertas de chocolate con leche y chocolate blanco~Paquete~180 g~| 10,834 €/kg~1.95~/ud.~Azúcar, caramelos y chocolate >~Chocolate~https://tienda.mercadona.es/product/22754/bolitas-galleta-conguitos-recubiertas-chocolate-con-leche-chocolate-blanco-paquete~22754~2023-03-11 23:39:22.686760
Piruleta de chocolate con leche Pascua Hacendado~50 g~| 38,00 €/kg~Not available~1.9~/ud.~Azúcar, caramelos y chocolate >~Chocolate~https://tienda.mercadona.es/product/12415/piruleta-chocolate-con-leche-pascua-hacendado~12415~2023-03-11 23:39:23.391041
Surtido de chocolate con leche Pascua Hacendado~Paquete~250 g~| 11,60 €/kg~2.9~/ud.~Azúcar, caramelos y chocolate >~Chocolate~https://tienda.mercadona.es/product/65732/surtido-chocolate-con-leche-pascua-hacendado-paquete~65732~2023-03-11 23:39:24.102120
Huevos de chocolate con disquitos de colores Pascua Hacendado de chocolate blanco y chocolate con leche~Paquete~150 g~| 18,00 €/kg~2.7~/ud.~Azúcar, caramelos y chocolate >~Chocolate~https://tienda.mercadona.es/product/12413/huevos-chocolate-con-disquitos-colores-pascua-hacendado-chocolate-blanco-chocolate-con-leche-paquete~12413~2023-03-11 23:39:24.802506
Huevos de chocolate con leche rellenos de crema de avellana Pascua Hacendado~Paquete~120 g~| 18,334 €/kg~2.2~/ud.~Azúcar, caramelos y chocolate >~Chocolate~https://tienda.mercadona.es/product/80466/huevos-chocolate-con-leche-rellenos-crema-avellana-pascua-hacendado-paquete~80466~2023-03-11 23:39:25.564992
Huevos de chocolate con leche Spoon con relleno Pascua Cadbury~Paquete~4 ud. (136 g)~| 18,383 €/kg~2.5~/ud.~Azúcar, caramelos y chocolate >~Chocolate~https://tienda.mercadona.es/product/36051/huevos-chocolate-con-leche-spoon-con-relleno-pascua-cadbury-paquete~36051~2023-03-11 23:39:26.350026
Figuras de chocolate Pascua Hacendado~Caja~120 g~| 29,167 €/kg~3.5~/ud.~Azúcar, caramelos y chocolate >~Chocolate~https://tienda.mercadona.es/product/12426/figuras-chocolate-pascua-hacendado-caja~12426~2023-03-11 23:39:27.115834
Huevo de chocolate con leche Pokemon Pascua Hacendado con sorpresa~120 g~| 32,50 €/kg~Not available~3.9~/ud.~Azúcar, caramelos y chocolate >~Chocolate~https://tienda.mercadona.es/product/12417/huevo-chocolate-con-leche-dragon-ball-pascua-hacendado-con-sorpresa~12417~2023-03-11 23:39:27.821927
Huevo de chocolate con leche My Little Pony Pascua Hacendado con sorpresa~120 g~| 32,50 €/kg~Not available~3.9~/ud.~Azúcar, caramelos y chocolate >~Chocolate~https://tienda.mercadona.es/product/12418/huevo-chocolate-con-leche-barbie-pascua-hacendado-con-sorpresa~12418~2023-03-11 23:39:28.533583
Surtido bombones Senzza de chocolate con avellana, fondant, praliné y almendra~Paquete~470 g~| 8,937 €/kg~4.2~/ud.~Azúcar, caramelos y chocolate >~Chocolate~https://tienda.mercadona.es/product/12238/surtido-bombones-senzza-chocolate-con-avellana-fondant-praline-almendra-paquete~12238~2023-03-11 23:39:29.433654
Bombones Ferrero Rocher~Caja~16 ud. (200 g)~| 26,45 €/kg~5.29~/ud.~Azúcar, caramelos y chocolate >~Chocolate~https://tienda.mercadona.es/product/12157/bombones-ferrero-rocher-caja~12157~2023-03-11 23:39:30.216647
Bombones cereza al licor Hacendado con chocolate negro~Paquete~145 g~| 11,725 €/kg~1.7~/ud.~Azúcar, caramelos y chocolate >~Chocolate~https://tienda.mercadona.es/product/86086/bombones-cereza-licor-hacendado-con-chocolate-negro-extrafino-paquete~86086~2023-03-11 23:39:31.041337
Surtido bombones Caja Roja Nestlé~Caja~22 ud. (200 g)~| 29,95 €/kg~5.99~/ud.~Azúcar, caramelos y chocolate >~Chocolate~https://tienda.mercadona.es/product/12288/surtido-bombones-caja-roja-nestle-caja~12288~2023-03-11 23:39:31.822731
Bombones de chocolate con leche Lindor Lindt~Caja~200 g~| 29,95 €/kg~5.99~/ud.~Azúcar, caramelos y chocolate >~Chocolate~https://tienda.mercadona.es/product/86496/bombones-chocolate-con-leche-lindor-lindt-caja~86496~2023-03-11 23:39:32.617675
Surtido bombones Senzza de chocolate negro 70%~Paquete~16 ud. (180 g)~| 12,223 €/kg~2.2~/ud.~Azúcar, caramelos y chocolate >~Chocolate~https://tienda.mercadona.es/product/14221/surtido-bombones-senzza-chocolate-negro-70-paquete~14221~2023-03-11 23:39:33.413035
Surtido bombones de chocolate Belga Mondose~Caja~25 ud. (300 g)~| 19,834 €/kg~5.95~/ud.~Azúcar, caramelos y chocolate >~Chocolate~https://tienda.mercadona.es/product/67921/surtido-bombones-chocolate-belga-mondose-caja~67921~2023-03-11 23:39:34.166177
Bombones delicias de avellana Delizze Hacendado~Caja~16 ud. (216 g)~| 15,047 €/kg~3.25~/ud.~Azúcar, caramelos y chocolate >~Chocolate~https://tienda.mercadona.es/product/12471/bombones-delicias-avellana-delizze-hacendado-caja~12471~2023-03-11 23:39:34.986121
Surtido bombones La Boutique del Praliné~Caja~20 ud. (205 g)~| 14,391 €/kg~2.95~/ud.~Azúcar, caramelos y chocolate >~Chocolate~https://tienda.mercadona.es/product/86027/surtido-bombones-boutique-praline-caja~86027~2023-03-11 23:39:35.783260
Crema al cacao con avellanas Hacendado~Bote~500 g~| 3,90 €/kg~1.95~/ud.~Azúcar, caramelos y chocolate >~Chocolate~https://tienda.mercadona.es/product/67416/crema-cacao-con-avellanas-hacendado-bote~67416~2023-03-11 23:39:36.547356
Crema de avellanas y cacao Hacendado~Bote~400 g~| 6,125 €/kg~2.45~/ud.~Azúcar, caramelos y chocolate >~Chocolate~https://tienda.mercadona.es/product/22511/crema-avellanas-cacao-hacendado-bote~22511~2023-03-11 23:39:37.333216
Crema al cacao con avellanas Nutella~Tarro~350 g~| 9,115 €/kg~3.19~/ud.~Azúcar, caramelos y chocolate >~Chocolate~https://tienda.mercadona.es/product/67409/crema-cacao-con-avellanas-nutella-tarro~67409~2023-03-11 23:39:38.051842
Crema al cacao con avellanas Nocilla original~Tarro~360 g~| 9,695 €/kg~3.49~/ud.~Azúcar, caramelos y chocolate >~Chocolate~https://tienda.mercadona.es/product/67163/crema-cacao-con-avellanas-nocilla-original-tarro~67163~2023-03-11 23:39:38.832194
Dulce de leche Chimbote~Tarro~430 g~| 6,396 €/kg~2.75~/ud.~Azúcar, caramelos y chocolate >~Chocolate~https://tienda.mercadona.es/product/10286/dulce-leche-chimbote-tarro~10286~2023-03-11 23:39:39.530258
Crema al cacao con avellanas Hacendado de 2 sabores~Bote~500 g~| 3,90 €/kg~1.95~/ud.~Azúcar, caramelos y chocolate >~Chocolate~https://tienda.mercadona.es/product/67417/crema-cacao-con-avellanas-hacendado-2-sabores-bote~67417~2023-03-11 23:39:40.220507
Crema al cacao y leche con avellanas Nocilla~Tarro~360 g~| 9,695 €/kg~3.49~/ud.~Azúcar, caramelos y chocolate >~Chocolate~https://tienda.mercadona.es/product/67164/crema-cacao-leche-con-avellanas-nocilla-tarro~67164~2023-03-11 23:39:40.929343
Crema de cacahuete 100% Crunchy Hacendado~Tarro~500 g~| 6,40 €/kg~3.2~/ud.~Azúcar, caramelos y chocolate >~Chocolate~https://tienda.mercadona.es/product/22836/crema-cacahuete-100-crunchy-hacendado-tarro~22836~2023-03-11 23:39:41.680519
Crema de cacahuete 100% Hacendado~Tarro~500 g~| 6,40 €/kg~3.2~/ud.~Azúcar, caramelos y chocolate >~Chocolate~https://tienda.mercadona.es/product/16883/crema-cacahuete-100-hacendado-tarro~16883~2023-03-11 23:39:42.406467
Crema de leche y avellanas Hacendado~Tarro~400 g~| 7,25 €/kg~2.9~/ud.~Azúcar, caramelos y chocolate >~Chocolate~https://tienda.mercadona.es/product/23044/crema-leche-avellanas-hacendado-tarro~23044~2023-03-11 23:39:43.088111
Crema de avellanas y cacao con dátiles Hacendado~Tarro~200 g~| 15,25 €/kg~3.05~/ud.~Azúcar, caramelos y chocolate >~Chocolate~https://tienda.mercadona.es/product/22510/crema-avellanas-cacao-con-datiles-hacendado-tarro~22510~2023-03-11 23:39:43.796200
Surtido de golosinas Xuxes Top Ten Hacendado~Paquete~20 ud. (135 g)~| 9,26 €/kg~1.25~/ud.~Azúcar, caramelos y chocolate >~Golosinas~https://tienda.mercadona.es/product/65008/surtido-golosinas-xuxes-top-ten-hacendado-paquete~65008~2023-03-11 23:40:29.483096
Golosinas Rega Red Hacendado~Paquete~200 g~| 5,00 €/kg~1.0~/ud.~Azúcar, caramelos y chocolate >~Golosinas~https://tienda.mercadona.es/product/65044/golosinas-rega-red-hacendado-paquete~65044~2023-03-11 23:40:30.033447
Golosinas Pica Mix Hacendado~Paquete~200 g~| 5,75 €/kg~1.15~/ud.~Azúcar, caramelos y chocolate >~Golosinas~https://tienda.mercadona.es/product/65079/golosinas-pica-mix-hacendado-paquete~65079~2023-03-11 23:40:30.596093
Golosinas Moras Hacendado~Paquete~200 g~| 5,50 €/kg~1.1~/ud.~Azúcar, caramelos y chocolate >~Golosinas~https://tienda.mercadona.es/product/65077/golosinas-moras-hacendado-paquete~65077~2023-03-11 23:40:31.124520
Golosinas Fruit Mix Hacendado~Paquete~250 g~| 4,60 €/kg~1.15~/ud.~Azúcar, caramelos y chocolate >~Golosinas~https://tienda.mercadona.es/product/67814/golosinas-fruit-mix-hacendado-paquete~67814~2023-03-11 23:40:31.650385
Golosinas Nubi Mallow Hacendado~Paquete~150 g~| 6,334 €/kg~0.95~/ud.~Azúcar, caramelos y chocolate >~Golosinas~https://tienda.mercadona.es/product/65088/golosinas-nubi-mallow-hacendado-paquete~65088~2023-03-11 23:40:32.160396
Caramelo Pikotas masticable Dulciora~Paquete~100 g~| 14,50 €/kg~1.45~/ud.~Azúcar, caramelos y chocolate >~Golosinas~https://tienda.mercadona.es/product/65017/caramelo-pikotas-masticable-dulciora-paquete~65017~2023-03-11 23:40:32.665384
Golosinas tubos de fresa Hacendado rellenos~Caja~320 g~| 5,469 €/kg~1.75~/ud.~Azúcar, caramelos y chocolate >~Golosinas~https://tienda.mercadona.es/product/65064/golosinas-tubos-fresa-hacendado-rellenos-caja~65064~2023-03-11 23:40:33.173047
Golosinas Colas Hacendado~Paquete~250 g~| 4,60 €/kg~1.15~/ud.~Azúcar, caramelos y chocolate >~Golosinas~https://tienda.mercadona.es/product/65084/golosinas-colas-hacendado-paquete~65084~2023-03-11 23:40:33.678151
Golosinas Boca Fruit Hacendado envueltas individualmente~Paquete~200 g~| 6,25 €/kg~1.25~/ud.~Azúcar, caramelos y chocolate >~Golosinas~https://tienda.mercadona.es/product/65070/golosinas-boca-fruit-hacendado-envueltas-individualmente-paquete~65070~2023-03-11 23:40:34.183239
Grageas de regaliz Hacendado~Paquete~150 g~| 10,00 €/kg~1.5~/ud.~Azúcar, caramelos y chocolate >~Golosinas~https://tienda.mercadona.es/product/65158/grageas-regaliz-hacendado-paquete~65158~2023-03-11 23:40:34.694415
Kubito sorpresa fantasía Hacendado compuesto por gominolas, juegos y pasatiempos~Caja~1 ud.~| 1,25 €/ud~1.25~/ud.~Azúcar, caramelos y chocolate >~Golosinas~https://tienda.mercadona.es/product/65043/kubito-sorpresa-fantasia-hacendado-compuesto-gominolas-juegos-pasatiempos-caja~65043~2023-03-11 23:40:35.214654
Golosinas Pulpis Mix Hacendado~Paquete~250 g~| 4,60 €/kg~1.15~/ud.~Azúcar, caramelos y chocolate >~Golosinas~https://tienda.mercadona.es/product/86029/golosinas-pulpis-mix-hacendado-paquete~86029~2023-03-11 23:40:35.743445
Surtido de caramelos Diver Xuxes Hacendado envueltos individualmente~Paquete~300 g~| 7,167 €/kg~2.15~/ud.~Azúcar, caramelos y chocolate >~Golosinas~https://tienda.mercadona.es/product/65059/surtido-caramelos-diver-xuxes-hacendado-envueltos-individualmente-paquete~65059~2023-03-11 23:40:36.247633
Golosinas Rega Relli Hacendado rellena con zumo de fruta~Paquete~150 g~| 7,00 €/kg~1.05~/ud.~Azúcar, caramelos y chocolate >~Golosinas~https://tienda.mercadona.es/product/65055/golosinas-rega-relli-hacendado-rellena-con-zumo-fruta-paquete~65055~2023-03-11 23:40:36.765458
Osi Choc Hacendado espumas dulces bañadas de chocolate con leche~Paquete~100 g~| 11,50 €/kg~1.15~/ud.~Azúcar, caramelos y chocolate >~Golosinas~https://tienda.mercadona.es/product/12472/osi-choc-hacendado-espumas-dulces-banadas-chocolate-con-leche-paquete~12472~2023-03-11 23:40:37.271579
Golosinas Spaguetti fresa Hacendado~Paquete~250 g~| 4,60 €/kg~1.15~/ud.~Azúcar, caramelos y chocolate >~Golosinas~https://tienda.mercadona.es/product/65555/golosinas-spaguetti-fresa-hacendado-paquete~65555~2023-03-11 23:40:37.763192
Tarta de golosinas Xuxes Party Hacendado~Bandeja~61 ud. (430 g)~| 11,628 €/kg~5.0~/ud.~Azúcar, caramelos y chocolate >~Golosinas~https://tienda.mercadona.es/product/67808/tarta-golosinas-xuxes-party-hacendado-bandeja~67808~2023-03-11 23:40:38.237580
Golosinas Cintas Hacendado con pica pica~Paquete~100 g~| 8,00 €/kg~0.8~/ud.~Azúcar, caramelos y chocolate >~Golosinas~https://tienda.mercadona.es/product/65145/golosinas-cintas-hacendado-con-pica-pica-paquete~65145~2023-03-11 23:40:38.798462
Golosinas Bananas Hacendado~Paquete~200 g~| 5,75 €/kg~1.15~/ud.~Azúcar, caramelos y chocolate >~Golosinas~https://tienda.mercadona.es/product/65097/golosinas-bananas-hacendado-paquete~65097~2023-03-11 23:40:39.277004
Golosinas Dentaduras Hacendado~Paquete~100 g~| 12,00 €/kg~1.2~/ud.~Azúcar, caramelos y chocolate >~Golosinas~https://tienda.mercadona.es/product/23528/golosinas-dentaduras-hacendado-paquete~23528~2023-03-11 23:40:39.771245
Golosinas Mix Hacendado~Paquete~300 g~| 5,50 €/kg~1.65~/ud.~Azúcar, caramelos y chocolate >~Golosinas~https://tienda.mercadona.es/product/86288/golosinas-mix-hacendado-paquete~86288~2023-03-11 23:40:40.228375
Golosinas Rega Black Mix Hacendado~Paquete~300 g~| 5,50 €/kg~1.65~/ud.~Azúcar, caramelos y chocolate >~Golosinas~https://tienda.mercadona.es/product/86847/golosinas-rega-black-mix-hacendado-paquete~86847~2023-03-11 23:40:40.725242
Golosinas Fresi Pink Mix Hacendado~Paquete~300 g~| 5,50 €/kg~1.65~/ud.~Azúcar, caramelos y chocolate >~Golosinas~https://tienda.mercadona.es/product/67736/golosinas-fresi-pink-mix-hacendado-paquete~67736~2023-03-11 23:40:41.241656
Mermelada de fresa Hacendado~Tarro~440 g~| 3,41 €/kg~1.5~/ud.~Azúcar, caramelos y chocolate >~Mermelada y miel~https://tienda.mercadona.es/product/15091/mermelada-fresa-hacendado-tarro~15091~2023-03-11 23:41:29.505405
Mermelada de fresa monodosis Hacendado~10 ud. x 25 g~| 5,60 €/kg~Not available~1.4~/pack~Azúcar, caramelos y chocolate >~Mermelada y miel~https://tienda.mercadona.es/product/13441/mermelada-fresa-monodosis-hacendado-pack-10~13441~2023-03-11 23:41:30.116138
Mermelada de tomate Hacendado~Tarro~440 g~| 3,864 €/kg~1.7~/ud.~Azúcar, caramelos y chocolate >~Mermelada y miel~https://tienda.mercadona.es/product/15077/mermelada-tomate-hacendado-tarro~15077~2023-03-11 23:41:30.598302
Mermelada de arándanos Hacendado~Tarro~355 g~| 5,916 €/kg~2.1~/ud.~Azúcar, caramelos y chocolate >~Mermelada y miel~https://tienda.mercadona.es/product/15132/mermelada-arandanos-hacendado-tarro~15132~2023-03-11 23:41:31.132527
Mermelada de melocotón Hacendado~Tarro~440 g~| 3,41 €/kg~1.5~/ud.~Azúcar, caramelos y chocolate >~Mermelada y miel~https://tienda.mercadona.es/product/15092/mermelada-melocoton-hacendado-tarro~15092~2023-03-11 23:41:31.657883
Mermelada de melocotón monodosis Hacendado~10 ud. x 25 g~| 5,60 €/kg~Not available~1.4~/pack~Azúcar, caramelos y chocolate >~Mermelada y miel~https://tienda.mercadona.es/product/13444/mermelada-melocoton-monodosis-hacendado-pack-10~13444~2023-03-11 23:41:32.187371
Mermelada de fresa Hero~Tarro~350 g~| 8,572 €/kg~3.0~/ud.~Azúcar, caramelos y chocolate >~Mermelada y miel~https://tienda.mercadona.es/product/15047/mermelada-fresa-hero-tarro~15047~2023-03-11 23:41:32.689312
Mermelada de melocotón Hero~Tarro~350 g~| 8,572 €/kg~3.0~/ud.~Azúcar, caramelos y chocolate >~Mermelada y miel~https://tienda.mercadona.es/product/15048/mermelada-melocoton-hero-tarro~15048~2023-03-11 23:41:33.271380
Mermelada de naranja amarga Hacendado~Tarro~440 g~| 3,069 €/kg~1.35~/ud.~Azúcar, caramelos y chocolate >~Mermelada y miel~https://tienda.mercadona.es/product/15076/mermelada-naranja-amarga-hacendado-tarro~15076~2023-03-11 23:41:33.812367
Mermelada frambuesas Hero light con stevia~Tarro~335 g~| 10,448 €/kg~3.5~/ud.~Azúcar, caramelos y chocolate >~Mermelada y miel~https://tienda.mercadona.es/product/15057/mermelada-frambuesas-hero-light-con-stevia-tarro~15057~2023-03-11 23:41:34.311150
Mermelada de albaricoque Hacendado~Tarro~440 g~| 3,864 €/kg~1.7~/ud.~Azúcar, caramelos y chocolate >~Mermelada y miel~https://tienda.mercadona.es/product/15068/mermelada-albaricoque-hacendado-tarro~15068~2023-03-11 23:41:34.813638
Mermelada de higo Hacendado~Tarro~340 g~| 5,736 €/kg~1.95~/ud.~Azúcar, caramelos y chocolate >~Mermelada y miel~https://tienda.mercadona.es/product/67753/mermelada-higo-hacendado-tarro~67753~2023-03-11 23:41:35.332167
Mermelada de ciruela y kiwi Hacendado~Tarro~340 g~| 5,00 €/kg~1.7~/ud.~Azúcar, caramelos y chocolate >~Mermelada y miel~https://tienda.mercadona.es/product/22476/mermelada-ciruela-kiwi-hacendado-tarro~22476~2023-03-11 23:41:35.840109
Miel de flores Hacendado~Tarro~1 kg~| 4,95 €/kg~4.95~/ud.~Azúcar, caramelos y chocolate >~Mermelada y miel~https://tienda.mercadona.es/product/15436/miel-flores-hacendado-tarro~15436~2023-03-11 23:41:36.374486
Miel de flores Hacendado~Bote~500 g~| 7,00 €/kg~3.5~/ud.~Azúcar, caramelos y chocolate >~Mermelada y miel~https://tienda.mercadona.es/product/15430/miel-flores-hacendado-bote~15430~2023-03-11 23:41:36.897724
Miel de flores monodosis Hacendado~12 ud. x 20 g~| 12,084 €/kg~Not available~2.9~/pack~Azúcar, caramelos y chocolate >~Mermelada y miel~https://tienda.mercadona.es/product/15444/miel-flores-monodosis-hacendado-pack-12~15444~2023-03-11 23:41:37.390106
Miel de romero Hacendado~Bote~500 g~| 9,10 €/kg~4.55~/ud.~Azúcar, caramelos y chocolate >~Mermelada y miel~https://tienda.mercadona.es/product/15449/miel-romero-hacendado-bote~15449~2023-03-11 23:41:37.901865
Miel de naranjo Hacendado~Bote~500 g~| 7,70 €/kg~3.85~/ud.~Azúcar, caramelos y chocolate >~Mermelada y miel~https://tienda.mercadona.es/product/15448/miel-naranjo-hacendado-bote~15448~2023-03-11 23:41:38.401865
Miel de caña de azúcar Nuestra Señora del Carmen concentrado del jugo de la caña de azúcar~Tarro~300 g~| 8,00 €/kg~2.4~/ud.~Azúcar, caramelos y chocolate >~Mermelada y miel~https://tienda.mercadona.es/product/15428/miel-cana-azucar-senora-carmen-concentrado-jugo-cana-azucar-tarro~15428~2023-03-11 23:41:38.936842
Miel de eucalipto Hacendado~Bote~500 g~| 8,70 €/kg~4.35~/ud.~Azúcar, caramelos y chocolate >~Mermelada y miel~https://tienda.mercadona.es/product/15451/miel-eucalipto-hacendado-bote~15451~2023-03-11 23:41:39.431029
Cebolla caramelizada Hacendado con aceite de oliva~Tarro~300 g~| 5,50 €/kg~1.65~/ud.~Azúcar, caramelos y chocolate >~Mermelada y miel~https://tienda.mercadona.es/product/16761/cebolla-caramelizada-hacendado-con-aceite-oliva-tarro~16761~2023-03-11 23:41:39.954098
Confitura de fresa Hacendado 0% azúcares añadidos~Tarro~380 g~| 4,211 €/kg~1.6~/ud.~Azúcar, caramelos y chocolate >~Mermelada y miel~https://tienda.mercadona.es/product/15093/confitura-fresa-hacendado-0-azucares-anadidos-tarro~15093~2023-03-11 23:41:40.472536
Confitura de melocotón Hacendado 0% azúcares añadidos~Tarro~380 g~| 4,211 €/kg~1.6~/ud.~Azúcar, caramelos y chocolate >~Mermelada y miel~https://tienda.mercadona.es/product/15094/confitura-melocoton-hacendado-0-azucares-anadidos-tarro~15094~2023-03-11 23:41:40.997281
Confitura de ciruela Hacendado 0% azúcares añadidos~Tarro~380 g~| 4,474 €/kg~1.7~/ud.~Azúcar, caramelos y chocolate >~Mermelada y miel~https://tienda.mercadona.es/product/15071/confitura-ciruela-hacendado-0-azucares-anadidos-tarro~15071~2023-03-11 23:41:41.519899
Papilla crema de bechamel con lenguado Hero baby +8 meses~Tarrito~235 g~| 8,511 €/kg~2.0~/ud.~Bebé >~Alimentación infantil~https://tienda.mercadona.es/product/9265/papilla-crema-bechamel-con-lenguado-hero-baby-8-meses-tarrito~9265~2023-03-11 23:47:51.422689
Papilla verduritas con merluza Hero baby +6 meses~Tarrito~235 g~| 8,511 €/kg~2.0~/ud.~Bebé >~Alimentación infantil~https://tienda.mercadona.es/product/9280/papilla-verduritas-con-merluza-hero-baby-8-meses-tarrito~9280~2023-03-11 23:47:52.168876
Papilla verduritas con pollo y ternera Hero baby +6 meses~Tarrito~235 g~| 8,511 €/kg~2.0~/ud.~Bebé >~Alimentación infantil~https://tienda.mercadona.es/product/9058/papilla-verduritas-con-pollo-ternera-hero-baby-6-meses-tarrito~9058~2023-03-11 23:47:52.776554
Papilla arroz con pollo Hero baby +6 meses~Tarrito~235 g~| 8,511 €/kg~2.0~/ud.~Bebé >~Alimentación infantil~https://tienda.mercadona.es/product/9247/papilla-arroz-con-pollo-hero-baby-6-meses-tarrito~9247~2023-03-11 23:47:53.415081
Papilla verduritas con pollo Hero baby buenas noches +6 meses~2 tarritos x 190 g~| 9,211 €/kg~Not available~3.5~/pack~Bebé >~Alimentación infantil~https://tienda.mercadona.es/product/9288/papilla-verduritas-con-pollo-hero-baby-buenas-noches-6-meses-pack-2~9288~2023-03-11 23:47:54.136048
Papilla verduritas con delicias de pavo Hero baby natur +6 meses~Tarrito~235 g~| 8,511 €/kg~2.0~/ud.~Bebé >~Alimentación infantil~https://tienda.mercadona.es/product/9246/papilla-verduritas-con-delicias-pavo-hero-baby-natur-6-meses-tarrito~9246~2023-03-11 23:47:54.752281
Papilla zanahorias baby con ternera Hero baby +6 meses~Tarrito~235 g~| 8,511 €/kg~2.0~/ud.~Bebé >~Alimentación infantil~https://tienda.mercadona.es/product/9242/papilla-zanahorias-baby-con-ternera-hero-baby-6-meses-tarrito~9242~2023-03-11 23:47:55.416616
Papilla zanahorias con arroz en caldito de pollo Hero baby +6 meses~Tarrito~235 g~| 8,511 €/kg~2.0~/ud.~Bebé >~Alimentación infantil~https://tienda.mercadona.es/product/9259/papilla-zanahorias-con-arroz-caldito-pollo-hero-baby-6-meses-tarrito~9259~2023-03-11 23:47:56.060646
Papilla lentejas con verduritas Hero baby recetas caseras +8 meses sabor suave~2 tarritos x 190 g~| 9,211 €/kg~Not available~3.5~/pack~Bebé >~Alimentación infantil~https://tienda.mercadona.es/product/9298/papilla-lentejas-con-verduritas-hero-baby-recetas-caseras-8-meses-sabor-suave-pack-2~9298~2023-03-11 23:47:56.717355
Papilla menestra de cordero a la crema Hero baby recetas caseras +6 meses sabor suave~2 tarritos x 190 g~| 9,211 €/kg~Not available~3.5~/pack~Bebé >~Alimentación infantil~https://tienda.mercadona.es/product/9387/papilla-menestra-cordero-crema-hero-baby-recetas-caseras-6-meses-sabor-suave-pack-2~9387~2023-03-11 23:47:57.378190
Papilla guisantes tiernos con jamón Hero baby +6 meses~Tarrito~235 g~| 8,511 €/kg~2.0~/ud.~Bebé >~Alimentación infantil~https://tienda.mercadona.es/product/35488/papilla-guisantes-tiernos-con-jamon-hero-baby-6-meses-tarrito~35488~2023-03-11 23:47:58.036015
Papilla hervido de verduritas de la huerta Hero baby +4 meses~Tarrito~235 g~| 8,511 €/kg~2.0~/ud.~Bebé >~Alimentación infantil~https://tienda.mercadona.es/product/35487/papilla-hervido-verduritas-huerta-hero-baby-4-meses-tarrito~35487~2023-03-11 23:47:58.687214
Papilla fresa y plátano +8 meses Hacendado~1 ud. (120 g)~| 7,50 €/kg~Not available~0.9~/ud.~Bebé >~Alimentación infantil~https://tienda.mercadona.es/product/22180/papilla-fresa-platano-8-meses-hacendado~22180~2023-03-11 23:47:59.292224
Papilla fruta variada +6 meses Hacendado~1 ud. (120 g)~| 7,50 €/kg~Not available~0.9~/ud.~Bebé >~Alimentación infantil~https://tienda.mercadona.es/product/22178/papilla-fruta-variada-6-meses-hacendado~22178~2023-03-11 23:47:59.965872
Papilla plátano y manzana +6 meses Hacendado~1 ud. (120 g)~| 7,50 €/kg~Not available~0.9~/ud.~Bebé >~Alimentación infantil~https://tienda.mercadona.es/product/22179/papilla-platano-manzana-6-meses-hacendado~22179~2023-03-11 23:48:00.532318
Papilla fruta variada +4 meses Hacendado~4 tarritos x 130 g~| 5,097 €/kg~Not available~2.65~/pack~Bebé >~Alimentación infantil~https://tienda.mercadona.es/product/9018/papilla-fruta-variada-4-meses-hacendado-pack-4~9018~2023-03-11 23:48:01.165865
Papilla plátano, naranja y galleta +6 meses Hacendado~4 tarritos x 130 g~| 5,385 €/kg~Not available~2.8~/pack~Bebé >~Alimentación infantil~https://tienda.mercadona.es/product/22190/papilla-platano-naranja-galleta-6-meses-hacendado-pack-4~22190~2023-03-11 23:48:01.832597
Papilla cuatro frutas con avena +8 meses Hacendado~4 tarritos x 130 g~| 5,385 €/kg~Not available~2.8~/pack~Bebé >~Alimentación infantil~https://tienda.mercadona.es/product/22191/papilla-cuatro-frutas-con-avena-8-meses-hacendado-pack-4~22191~2023-03-11 23:48:02.492747
Papilla plátano, mandarina y pera +4 meses Hacendado~4 tarritos x 130 g~| 5,097 €/kg~Not available~2.65~/pack~Bebé >~Alimentación infantil~https://tienda.mercadona.es/product/22186/papilla-platano-mandarina-pera-4-meses-hacendado-pack-4~22186~2023-03-11 23:48:03.118013
Papilla cuatro frutas con yogur +8 meses Hacendado compuesta por puré de frutas con yogur pasteurizado i cereales~4 tarritos x 130 g~| 5,385 €/kg~Not available~2.8~/pack~Bebé >~Alimentación infantil~https://tienda.mercadona.es/product/22192/papilla-cuatro-frutas-con-yogur-8-meses-hacendado-compuesta-pure-frutas-con-yogur-pasteurizado-i-cereales-pack-2~22192~2023-03-11 23:48:03.746737
Papilla pera y manzana +4 meses Hacendado~4 tarritos x 130 g~| 5,097 €/kg~Not available~2.65~/pack~Bebé >~Alimentación infantil~https://tienda.mercadona.es/product/22194/papilla-pera-manzana-4-meses-hacendado-pack-4~22194~2023-03-11 23:48:04.384800
Papilla manzana y mango +6 meses Hacendado~1 ud. (120 g)~| 7,50 €/kg~Not available~0.9~/ud.~Bebé >~Alimentación infantil~https://tienda.mercadona.es/product/22181/papilla-manzana-mango-6-meses-hacendado~22181~2023-03-11 23:48:05.045659
Papilla plátano, fresa, arándanos y avena +8 meses Hacendado~1 ud. (120 g)~| 7,50 €/kg~Not available~0.9~/ud.~Bebé >~Alimentación infantil~https://tienda.mercadona.es/product/22182/papilla-platano-fresa-arandanos-avena-8-meses-hacendado~22182~2023-03-11 23:48:05.686223
Papilla frutas con queso fresco + 8 meses Hacendado~2 tarritos x 130 g~| 12,308 €/kg~Not available~3.2~/pack~Bebé >~Alimentación infantil~https://tienda.mercadona.es/product/23123/papilla-frutas-con-queso-fresco-8-meses-hacendado-pack-2~23123~2023-03-11 23:48:06.357167
Yogur líquido infantil de fresa y plátano Go-Lácteo +8 meses Hacendado~Caja~4 ud. (360 g)~| 7,639 €/kg~2.75~/ud.~Bebé >~Alimentación infantil~https://tienda.mercadona.es/product/9426/yogur-liquido-infantil-fresa-platano-go-lacteo-8-meses-hacendado-caja~9426~2023-03-11 23:48:07.037139
Yogur líquido infantil natural Go-Lácteo +6 meses Hacendado~Caja~4 ud. (360 g)~| 7,639 €/kg~2.75~/ud.~Bebé >~Alimentación infantil~https://tienda.mercadona.es/product/9425/yogur-liquido-infantil-natural-go-lacteo-6-meses-hacendado-caja~9425~2023-03-11 23:48:07.725877
Yogur líquido infantil de pera Go-Lácteo +6 meses Hacendado~Caja~4 ud. (360 g)~| 7,639 €/kg~2.75~/ud.~Bebé >~Alimentación infantil~https://tienda.mercadona.es/product/9427/yogur-liquido-infantil-pera-go-lacteo-6-meses-hacendado-caja~9427~2023-03-11 23:48:08.358991
Postre lácteo infantil de fresa Yogolino +8 meses Nestlé~4 ud. x 100 g~| 7,375 €/kg~Not available~2.95~/pack~Bebé >~Alimentación infantil~https://tienda.mercadona.es/product/9192/postre-lacteo-infantil-fresa-yogolino-8-meses-nestle-pack-4~9192~2023-03-11 23:48:08.986961
Yogur líquido infantil con cereales y miel Go-Lácteo +8 meses Hacendado~Caja~4 ud. (360 g)~| 7,639 €/kg~2.75~/ud.~Bebé >~Alimentación infantil~https://tienda.mercadona.es/product/9456/yogur-liquido-infantil-con-cereales-miel-go-lacteo-8-meses-hacendado-caja~9456~2023-03-11 23:48:09.623236
Postre lácteo infantil de plátano Yogolino +6 meses Nestlé~4 ud. x 100 g~| 7,375 €/kg~Not available~2.95~/pack~Bebé >~Alimentación infantil~https://tienda.mercadona.es/product/9193/postre-lacteo-infantil-platano-yogolino-6-meses-nestle-pack-4~9193~2023-03-11 23:48:10.255856
Postre lácteo infantil de natillas Yogolino +6 meses~4 ud. x 100 g~| 8,625 €/kg~Not available~3.45~/pack~Bebé >~Alimentación infantil~https://tienda.mercadona.es/product/35403/postre-lacteo-infantil-natillas-yogolino-6-meses-pack-4~35403~2023-03-11 23:48:10.869393
Preparado lácteo crecimiento Peques 3 Puleva de 12 a 36 meses~6 bricks x 1 L~| 1,85 €/L~Not available~11.1~/pack~Bebé >~Alimentación infantil~https://tienda.mercadona.es/product/9049/preparado-lacteo-crecimiento-peques-3-puleva-12-36-meses-pack-6~9049~2023-03-11 23:48:11.506172
Preparado lácteo crecimiento Peques 3 Puleva de 12 a 36 meses~Brick~1 L~| 1,85 €/L~1.85~/ud.~Bebé >~Alimentación infantil~https://tienda.mercadona.es/product/9040/preparado-lacteo-crecimiento-peques-3-puleva-12-36-meses-brick~9040~2023-03-11 23:48:12.171013
Preparado lácteo con cereales crecimiento Peques 3 Puleva de 12 a 36 meses~6 bricks x 1 L~| 1,85 €/L~Not available~11.1~/pack~Bebé >~Alimentación infantil~https://tienda.mercadona.es/product/9057/preparado-lacteo-con-cereales-crecimiento-peques-3-puleva-12-36-meses-pack-6~9057~2023-03-11 23:48:12.799034
Preparado lácteo con cereales crecimiento Peques 3 Puleva de 12 a 36 meses~Brick~1 L~| 1,85 €/L~1.85~/ud.~Bebé >~Alimentación infantil~https://tienda.mercadona.es/product/9034/preparado-lacteo-con-cereales-crecimiento-peques-3-puleva-12-36-meses-brick~9034~2023-03-11 23:48:13.490578
Preparado lácteo crecimiento +1 año Hacendado~6 bricks x 1 L~| 1,20 €/L~Not available~7.2~/pack~Bebé >~Alimentación infantil~https://tienda.mercadona.es/product/9187/preparado-lacteo-crecimiento-1-ano-hacendado-pack-6~9187~2023-03-11 23:48:14.146069
Preparado lácteo crecimiento +1 año Hacendado~Brick~1 L~| 1,20 €/L~1.2~/ud.~Bebé >~Alimentación infantil~https://tienda.mercadona.es/product/9188/preparado-lacteo-crecimiento-1-ano-hacendado-brick~9188~2023-03-11 23:48:14.828454
Preparado lácteo crecimiento +1 año Hacendado~6 mini bricks x 200 ml~| 1,584 €/L~Not available~1.9~/pack~Bebé >~Alimentación infantil~https://tienda.mercadona.es/product/9189/preparado-lacteo-crecimiento-1-ano-hacendado-pack-6~9189~2023-03-11 23:48:15.501806
Preparado lácteo cereales al cacao Peques 3 Puleva de 12 a 36 meses~3 mini bricks x 200 ml~| 3,25 €/L~Not available~1.95~/pack~Bebé >~Alimentación infantil~https://tienda.mercadona.es/product/9054/preparado-lacteo-cereales-cacao-peques-3-puleva-12-36-meses-pack-3~9054~2023-03-11 23:48:16.254554
Preparado lácteo con cacao y cereales crecimiento Hacendado +1 año~6 mini bricks x 200 ml~| 1,875 €/L~Not available~2.25~/pack~Bebé >~Alimentación infantil~https://tienda.mercadona.es/product/9190/preparado-lacteo-con-cacao-cereales-crecimiento-hacendado-1-ano-pack-6~9190~2023-03-11 23:48:16.937784
Preparado lácteo con cereales crecimiento Hacendado +1 año~6 bricks x 1 L~| 1,55 €/L~Not available~9.3~/pack~Bebé >~Alimentación infantil~https://tienda.mercadona.es/product/9398/preparado-lacteo-con-cereales-crecimiento-hacendado-1-ano-pack-6~9398~2023-03-11 23:48:17.559746
Preparado lácteo con cereales crecimiento Hacendado +1 año~Brick~1 L~| 1,55 €/L~1.55~/ud.~Bebé >~Alimentación infantil~https://tienda.mercadona.es/product/9397/preparado-lacteo-con-cereales-crecimiento-hacendado-1-ano-brick~9397~2023-03-11 23:48:18.212492
Leche para lactantes en polvo 1 Nidina Nestlé desde el primer día~Bote~800 g~| 18,688 €/kg~14.95~/ud.~Bebé >~Alimentación infantil~https://tienda.mercadona.es/product/9420/leche-lactantes-polvo-1-nidina-nestle-primer-dia-bote~9420~2023-03-11 23:48:18.867237
Leche de continuación en polvo 2 Nidina Nestlé +6 meses~Bote~800 g~| 24,938 €/kg~19.95~/ud.~Bebé >~Alimentación infantil~https://tienda.mercadona.es/product/9408/leche-continuacion-polvo-2-nidina-nestle-6-meses-bote~9408~2023-03-11 23:48:19.566058
Leche crecimiento en polvo 3 Nidina Nestlé +12 meses~Bote~800 g~| 24,938 €/kg~19.95~/ud.~Bebé >~Alimentación infantil~https://tienda.mercadona.es/product/9406/leche-crecimiento-polvo-3-nidina-nestle-12-meses-bote~9406~2023-03-11 23:48:20.251083
Leche para lactantes en polvo 1 Hero baby desde el primer día~Bote~800 g~| 11,063 €/kg~8.85~/ud.~Bebé >~Alimentación infantil~https://tienda.mercadona.es/product/9422/leche-lactantes-polvo-1-hero-baby-primer-dia-bote~9422~2023-03-11 23:48:20.914842
Leche de continuación en polvo 2 Hero baby +6 meses~Bote~800 g~| 10,563 €/kg~8.45~/ud.~Bebé >~Alimentación infantil~https://tienda.mercadona.es/product/9423/leche-continuacion-polvo-2-hero-baby-6-meses-bote~9423~2023-03-11 23:48:21.602957
Papilla líquida leche y cereales con galleta Nestlé +6 meses~2 mini bricks x 250 ml~| 5,10 €/L~Not available~2.55~/pack~Bebé >~Alimentación infantil~https://tienda.mercadona.es/product/9149/papilla-liquida-leche-cereales-con-galleta-nestle-6-meses-pack-2~9149~2023-03-11 23:48:22.290456
Papilla 8 cereales Nestlé +6 meses 0% azúcares añadidos~Caja~725 g~| 7,518 €/kg~5.45~/ud.~Bebé >~Alimentación infantil~https://tienda.mercadona.es/product/35599/papilla-8-cereales-nestle-6-meses-0-azucares-anadidos-caja~35599~2023-03-11 23:48:22.955758
Papilla 8 cereales con galleta María Nestlé +6 meses 0% azúcares añadidos~Caja~725 g~| 7,518 €/kg~5.45~/ud.~Bebé >~Alimentación infantil~https://tienda.mercadona.es/product/35602/papilla-8-cereales-con-galleta-maria-nestle-6-meses-0-azucares-anadidos-caja~35602~2023-03-11 23:48:23.652713
Papilla líquida leche y cereales con miel Nestlé Pijama +6 meses~2 mini bricks x 250 ml~| 5,10 €/L~Not available~2.55~/pack~Bebé >~Alimentación infantil~https://tienda.mercadona.es/product/9170/papilla-liquida-leche-cereales-con-miel-nestle-pijama-6-meses-pack-2~9170~2023-03-11 23:48:24.330471
Papilla 8 cereales con miel Nestlé +6 meses~Caja~725 g~| 7,518 €/kg~5.45~/ud.~Bebé >~Alimentación infantil~https://tienda.mercadona.es/product/35601/papilla-8-cereales-con-miel-nestle-6-meses-caja~35601~2023-03-11 23:48:25.000542
Papilla 8 cereales con miel Hero baby +6 meses~Caja~410 g~| 12,196 €/kg~5.0~/ud.~Bebé >~Alimentación infantil~https://tienda.mercadona.es/product/9581/papilla-8-cereales-con-miel-hero-baby-6-meses-caja~9581~2023-03-11 23:48:25.632414
Papilla 8 cereales con cacao Nestlé +12 meses 0% azúcares añadidos~Caja~600 g~| 6,334 €/kg~3.8~/ud.~Bebé >~Alimentación infantil~https://tienda.mercadona.es/product/9191/papilla-8-cereales-con-cacao-nestle-12-meses-0-azucares-anadidos-caja~9191~2023-03-11 23:48:26.274160
Papilla 8 cereales Hero baby +6 meses 0% azúcares añadidos~Caja~410 g~| 12,196 €/kg~5.0~/ud.~Bebé >~Alimentación infantil~https://tienda.mercadona.es/product/9580/papilla-8-cereales-hero-baby-6-meses-0-azucares-anadidos-caja~9580~2023-03-11 23:48:26.884902
Papilla sin gluten crema de arroz Hero baby +4 meses 0% azúcares añadidos~Caja~220 g~| 15,91 €/kg~3.5~/ud.~Bebé >~Alimentación infantil~https://tienda.mercadona.es/product/9579/papilla-sin-gluten-crema-arroz-hero-baby-4-meses-0-azucares-anadidos-caja~9579~2023-03-11 23:48:27.572792
Papilla maíz y arroz sin gluten Nestlé +4 meses~Caja~240 g~| 10,417 €/kg~2.5~/ud.~Bebé >~Alimentación infantil~https://tienda.mercadona.es/product/15697/papilla-maiz-arroz-sin-gluten-nestle-4-meses-caja~15697~2023-03-11 23:48:28.261005
Papilla 8 cereales con galleta Hero baby +6 meses 0% azúcares añadidos~Caja~340 g~| 13,236 €/kg~4.5~/ud.~Bebé >~Alimentación infantil~https://tienda.mercadona.es/product/9582/papilla-8-cereales-con-galleta-hero-baby-6-meses-0-azucares-anadidos-caja~9582~2023-03-11 23:48:28.975861
Biberón 150 ml tetina silicona flujo lento +0 meses Deliplus~1 ud.~| 3,00 €/ud~Not available~3.0~/ud.~Bebé >~Biberón, chupete y menaje~https://tienda.mercadona.es/product/79715/biberon-150-ml-tetina-silicona-flujo-lento-0-meses-deliplus~79715~2023-03-11 23:49:07.779303
Biberón 270 ml tetina silicona tres posiciones +1 mes Deliplus~1 ud.~| 3,20 €/ud~Not available~3.2~/ud.~Bebé >~Biberón, chupete y menaje~https://tienda.mercadona.es/product/79468/biberon-270-ml-tetina-silicona-tres-posiciones-1-mes-deliplus~79468~2023-03-11 23:49:08.332280
Biberón 360 ml tetina silicona tres posiciones +1 mes Deliplus~1 ud.~| 3,50 €/ud~Not available~3.5~/ud.~Bebé >~Biberón, chupete y menaje~https://tienda.mercadona.es/product/79470/biberon-360-ml-tetina-silicona-tres-posiciones-1-mes-deliplus~79470~2023-03-11 23:49:08.842882
Tetina silicona tres posiciones +1 mes Deliplus~Paquete~2 ud.~| 1,25 €/ud~2.5~/ud.~Bebé >~Biberón, chupete y menaje~https://tienda.mercadona.es/product/79473/tetina-silicona-tres-posiciones-1-mes-deliplus-paquete~79473~2023-03-11 23:49:09.329323
Tetina silicona papillas espesas +4 meses Deliplus~Paquete~2 ud.~| 1,25 €/ud~2.5~/ud.~Bebé >~Biberón, chupete y menaje~https://tienda.mercadona.es/product/79476/tetina-silicona-papillas-espesas-4-meses-deliplus-paquete~79476~2023-03-11 23:49:09.880296
Cepillo limpiabiberón y tetina Deliplus~Paquete~1 ud.~| 2,50 €/ud~2.5~/ud.~Bebé >~Biberón, chupete y menaje~https://tienda.mercadona.es/product/79576/cepillo-limpiabiberon-tetina-deliplus-paquete~79576~2023-03-11 23:49:10.400313
Limpiador bebé para biberones y tetinas Deliplus~Bote~500 ml~| 5,80 €/L~2.9~/ud.~Bebé >~Biberón, chupete y menaje~https://tienda.mercadona.es/product/79501/limpiador-bebe-biberones-tetinas-deliplus-bote~79501~2023-03-11 23:49:10.874218
Chupete silicona reversible +0 a 6 meses Deliplus~Paquete~1 ud.~| 1,95 €/ud~1.95~/ud.~Bebé >~Biberón, chupete y menaje~https://tienda.mercadona.es/product/79663/chupete-silicona-reversible-0-6-meses-deliplus-paquete~79663~2023-03-11 23:49:11.430105
Chupete silicona anatómico +6 a 18 meses Deliplus luminiscente~Paquete~1 ud.~| 1,95 €/ud~1.95~/ud.~Bebé >~Biberón, chupete y menaje~https://tienda.mercadona.es/product/79490/chupete-silicona-anatomico-6-18-meses-deliplus-luminiscente-paquete~79490~2023-03-11 23:49:11.942101
Chupete silicona reversible +6 a 18 meses Deliplus luminiscente~Paquete~1 ud.~| 1,95 €/ud~1.95~/ud.~Bebé >~Biberón, chupete y menaje~https://tienda.mercadona.es/product/79493/chupete-silicona-reversible-6-18-meses-deliplus-luminiscente-paquete~79493~2023-03-11 23:49:12.465599
Chupete silicona reversible +18 meses Deliplus~Paquete~1 ud.~| 1,95 €/ud~1.95~/ud.~Bebé >~Biberón, chupete y menaje~https://tienda.mercadona.es/product/79497/chupete-silicona-reversible-18-meses-deliplus-paquete~79497~2023-03-11 23:49:13.011298
Chupete silicona anatómico +18 meses Deliplus~Paquete~1 ud.~| 1,95 €/ud~1.95~/ud.~Bebé >~Biberón, chupete y menaje~https://tienda.mercadona.es/product/79495/chupete-silicona-anatomico-18-meses-deliplus-paquete~79495~2023-03-11 23:49:13.570870
Broche pinza chupete Deliplus~Paquete~1 ud.~| 2,60 €/ud~2.6~/ud.~Bebé >~Biberón, chupete y menaje~https://tienda.mercadona.es/product/79498/broche-pinza-chupete-deliplus-paquete~79498~2023-03-11 23:49:14.074831
Babero desechable Deliplus~Paquete~10 ud.~| 0,18 €/ud~1.8~/ud.~Bebé >~Biberón, chupete y menaje~https://tienda.mercadona.es/product/47474/babero-desechable-deliplus-paquete~47474~2023-03-11 23:49:14.618458
Cuchara bebé de silicona +4 meses Deliplus~Paquete~1 ud.~| 2,20 €/ud~2.2~/ud.~Bebé >~Biberón, chupete y menaje~https://tienda.mercadona.es/product/79453/cuchara-bebe-silicona-4-meses-deliplus-paquete~79453~2023-03-11 23:49:15.146799
Recipiente de alimentos bebé Deliplus~1 ud.~| 3,55 €/ud~Not available~3.55~/ud.~Bebé >~Biberón, chupete y menaje~https://tienda.mercadona.es/product/79578/recipiente-alimentos-bebe-deliplus~79578~2023-03-11 23:49:15.672651
Vaso para bebé +6 meses Deliplus boquilla blanda~1 ud.~| 4,00 €/ud~Not available~4.0~/ud.~Bebé >~Biberón, chupete y menaje~https://tienda.mercadona.es/product/79458/vaso-bebe-6-meses-deliplus-boquilla-blanda~79458~2023-03-11 23:49:16.256527
Bol bebé con tapa Deliplus para microondas~1 ud.~| 4,00 €/ud~Not available~4.0~/ud.~Bebé >~Biberón, chupete y menaje~https://tienda.mercadona.es/product/79456/bol-bebe-con-tapa-deliplus-microondas~79456~2023-03-11 23:49:16.848392
Jabón líquido bebé ultra suave Nenuco~Botella~750 ml~| 0,354 €/100 ml~2.65~/ud.~Bebé >~Higiene y cuidado~https://tienda.mercadona.es/product/45313/jabon-liquido-bebe-ultra-suave-nenuco-botella~45313~2023-03-11 23:50:11.578748
Gel corporal infantil Deliplus~Bote~600 ml~| 0,30 €/100 ml~1.8~/ud.~Bebé >~Higiene y cuidado~https://tienda.mercadona.es/product/46641/gel-corporal-infantil-deliplus-bote~46641~2023-03-11 23:50:12.180173
Champú infantil Deliplus con manzanilla y tila~Bote~600 ml~| 0,359 €/100 ml~2.15~/ud.~Bebé >~Higiene y cuidado~https://tienda.mercadona.es/product/46643/champu-infantil-deliplus-con-manzanilla-tila-bote~46643~2023-03-11 23:50:12.740730
Gel - champú bebé para pieles atópicas Deliplus~Bote~600 ml~| 0,617 €/100 ml~3.7~/ud.~Bebé >~Higiene y cuidado~https://tienda.mercadona.es/product/46978/gel-champu-bebe-pieles-atopicas-deliplus-bote~46978~2023-03-11 23:50:13.279195
Pomada del pañal sin perfume Deliplus~Tubo~100 ml~| 2,75 €/100 ml~2.75~/ud.~Bebé >~Higiene y cuidado~https://tienda.mercadona.es/product/79344/pomada-panal-sin-perfume-deliplus-tubo~79344~2023-03-11 23:50:13.867921
Aceite corporal bebé con aloe vera Johnson's~Botella~500 ml~| 0,74 €/100 ml~3.7~/ud.~Bebé >~Higiene y cuidado~https://tienda.mercadona.es/product/79600/aceite-corporal-bebe-con-aloe-vera-johnsons-botella~79600~2023-03-11 23:50:14.436570
Loción corporal infantil hidratante Deliplus~Bote~600 ml~| 0,609 €/100 ml~3.65~/ud.~Bebé >~Higiene y cuidado~https://tienda.mercadona.es/product/47106/locion-corporal-infantil-hidratante-deliplus-bote~47106~2023-03-11 23:50:14.983356
Bálsamo corporal infantil pieles atópicas Deliplus~Bote~200 ml~| 2,15 €/100 ml~4.3~/ud.~Bebé >~Higiene y cuidado~https://tienda.mercadona.es/product/79522/balsamo-corporal-infantil-pieles-atopicas-deliplus-bote~79522~2023-03-11 23:50:15.510896
Bálsamo facial infantil pieles atópicas Deliplus~Bote~75 ml~| 4,267 €/100 ml~3.2~/ud.~Bebé >~Higiene y cuidado~https://tienda.mercadona.es/product/79523/balsamo-facial-infantil-pieles-atopicas-deliplus-bote~79523~2023-03-11 23:50:16.111368
Agua de colonia bebé Nenuco~Botella~500 ml~| 0,59 €/100 ml~2.95~/ud.~Bebé >~Higiene y cuidado~https://tienda.mercadona.es/product/35516/agua-colonia-bebe-nenuco-botella~35516~2023-03-11 23:50:16.668325
Agua de colonia fresca infantil Deliplus con notas cítricas~Bote~600 ml~| 0,275 €/100 ml~1.65~/ud.~Bebé >~Higiene y cuidado~https://tienda.mercadona.es/product/60857/agua-colonia-fresca-infantil-deliplus-con-notas-citricas-bote~60857~2023-03-11 23:50:17.202624
Agua de colonia fresca infantil Deliplus con notas cítricas~Bote~100 ml~| 1,10 €/100 ml~1.1~/ud.~Bebé >~Higiene y cuidado~https://tienda.mercadona.es/product/46650/agua-colonia-fresca-infantil-deliplus-con-notas-citricas-bote~46650~2023-03-11 23:50:17.693111
Solución fisiológica salina 0,9 % Deliplus~Caja~30 ud.~| 0,108 €/ud~3.23~/ud.~Bebé >~Higiene y cuidado~https://tienda.mercadona.es/product/79006/solucion-fisiologica-salina-09-deliplus-caja~79006~2023-03-11 23:50:18.236075
Gasas para bebé no tejidas Deliplus para limpieza de ojos y cara~Paquete~100 ud.~| 0,02 €/ud~1.97~/ud.~Bebé >~Higiene y cuidado~https://tienda.mercadona.es/product/78132/gasas-bebe-tejidas-deliplus-limpieza-ojos-cara-paquete~78132~2023-03-11 23:50:18.752676
Esponja anatómica para bebés Deliplus~Paquete~1 ud.~| 0,80 €/ud~0.8~/ud.~Bebé >~Higiene y cuidado~https://tienda.mercadona.es/product/47489/esponja-anatomica-bebes-deliplus-paquete~47489~2023-03-11 23:50:19.329349
Esponja marina infantil Deliplus~Caja~1 ud.~| 3,75 €/ud~3.75~/ud.~Bebé >~Higiene y cuidado~https://tienda.mercadona.es/product/45752/esponja-marina-infantil-deliplus-caja~45752~2023-03-11 23:50:19.817884
Bastoncillos algodón para niños Deliplus~Caja~50 ud.~| 0,017 €/ud~0.85~/ud.~Bebé >~Higiene y cuidado~https://tienda.mercadona.es/product/79507/bastoncillos-algodon-ninos-deliplus-caja~79507~2023-03-11 23:50:20.406228
Aspirador nasal anatómico +0 meses Deliplus con filtro de recambio~Paquete~1 ud.~| 3,95 €/ud~3.95~/ud.~Bebé >~Higiene y cuidado~https://tienda.mercadona.es/product/79581/aspirador-nasal-anatomico-0-meses-deliplus-con-filtro-recambio-paquete~79581~2023-03-11 23:50:21.024086
Recambios recarga aspirador nasal anatómico Deliplus con 10 boquillas más filtros desechables~Paquete~10 ud.~| 0,315 €/ud~3.15~/ud.~Bebé >~Higiene y cuidado~https://tienda.mercadona.es/product/79582/recambios-recarga-aspirador-nasal-anatomico-deliplus-con-10-boquillas-filtros-desechables-paquete~79582~2023-03-11 23:50:21.592138
Tijeras infantiles anatómicas Deliplus con punta redonda incluye funda protectora~Paquete~1 ud.~| 2,50 €/ud~2.5~/ud.~Bebé >~Higiene y cuidado~https://tienda.mercadona.es/product/79580/tijeras-infantiles-anatomicas-deliplus-con-punta-redonda-incluye-funda-protectora-paquete~79580~2023-03-11 23:50:22.144173
Peine para bebé con púas redondeadas Deliplus~Paquete~1 ud.~| 1,10 €/ud~1.1~/ud.~Bebé >~Higiene y cuidado~https://tienda.mercadona.es/product/79463/peine-bebe-con-puas-redondeadas-deliplus-paquete~79463~2023-03-11 23:50:22.707430
Cepillo para bebé con fibras suaves Deliplus~Not available~1 ud.~| 1,60 €/ud~1.6~/ud.~Bebé >~Higiene y cuidado~https://tienda.mercadona.es/product/79462/cepillo-bebe-con-fibras-suaves-deliplus-paquete~79462~2023-03-11 23:50:23.257424
Polvos de talco bebé Johnson's~Bote~200 g~| 9,50 €/kg~1.9~/ud.~Bebé >~Higiene y cuidado~https://tienda.mercadona.es/product/67916/polvos-talco-bebe-johnsons-bote~67916~2023-03-11 23:50:23.810506
Toallitas bebé frescas & perfumadas Deliplus~3 paquetes x 80 ud.~| 0,013 €/ud~Not available~3.0~/pack~Bebé >~Toallitas y pañales~https://tienda.mercadona.es/product/79603/toallitas-bebe-frescas-perfumadas-deliplus-pack-3~79603~2023-03-11 23:51:02.282952
Toallitas bebé frescas & perfumadas Deliplus~Paquete~80 ud.~| 0,014 €/ud~1.05~/ud.~Bebé >~Toallitas y pañales~https://tienda.mercadona.es/product/79427/toallitas-bebe-frescas-perfumadas-deliplus-paquete~79427~2023-03-11 23:51:02.779197
Toallitas bebé frescas & perfumadas Deliplus~Paquete~24 ud.~| 0,032 €/ud~0.75~/ud.~Bebé >~Toallitas y pañales~https://tienda.mercadona.es/product/79428/toallitas-bebe-frescas-perfumadas-deliplus-paquete~79428~2023-03-11 23:51:03.316243
Toallitas bebé pieles sensibles Deliplus~Paquete~80 ud.~| 0,021 €/ud~1.65~/ud.~Bebé >~Toallitas y pañales~https://tienda.mercadona.es/product/79431/toallitas-bebe-pieles-sensibles-deliplus-paquete~79431~2023-03-11 23:51:03.837093
Toallitas bebé pieles sensibles Deliplus~Paquete~24 ud.~| 0,04 €/ud~0.95~/ud.~Bebé >~Toallitas y pañales~https://tienda.mercadona.es/product/79435/toallitas-bebe-pieles-sensibles-deliplus-paquete~79435~2023-03-11 23:51:04.375314
Toallitas bebé cremosas Deliplus~Paquete~80 ud.~| 0,019 €/ud~1.45~/ud.~Bebé >~Toallitas y pañales~https://tienda.mercadona.es/product/79429/toallitas-bebe-cremosas-deliplus-paquete~79429~2023-03-11 23:51:04.869845
Toallitas infantiles cara y manos Deliplus~Paquete~20 ud.~| 0,03 €/ud~0.6~/ud.~Bebé >~Toallitas y pañales~https://tienda.mercadona.es/product/22931/toallitas-infantiles-cara-manos-deliplus-paquete~22931~2023-03-11 23:51:05.433972
Toallitas bebé pieles con tendencia atópica Deliplus~Paquete~60 ud.~| 0,029 €/ud~1.7~/ud.~Bebé >~Toallitas y pañales~https://tienda.mercadona.es/product/79433/toallitas-bebe-pieles-con-tendencia-atopica-deliplus-paquete~79433~2023-03-11 23:51:05.972165
Pañales bebé talla 1 de 2-5 kg Dodot Sensitive~Paquete~44 ud.~| 0,278 €/ud~12.2~/ud.~Bebé >~Toallitas y pañales~https://tienda.mercadona.es/product/13693/panales-bebe-talla-1-2-5-kg-dodot-sensitive-paquete~13693~2023-03-11 23:51:06.519906
Pañales bebé talla 1 de 2-4 kg Deliplus~Paquete~30 ud.~| 0,172 €/ud~5.15~/ud.~Bebé >~Toallitas y pañales~https://tienda.mercadona.es/product/47566/panales-bebe-talla-1-2-4-kg-deliplus-paquete~47566~2023-03-11 23:51:07.108844
Pañales bebé talla 2 de 3-6 kg Deliplus~Paquete~50 ud.~| 0,148 €/ud~7.4~/ud.~Bebé >~Toallitas y pañales~https://tienda.mercadona.es/product/47567/panales-bebe-talla-2-3-6-kg-deliplus-paquete~47567~2023-03-11 23:51:07.724701
Pañales bebé talla 2 de 4-8 kg Dodot Sensitive~Paquete~39 ud.~| 0,27 €/ud~10.5~/ud.~Bebé >~Toallitas y pañales~https://tienda.mercadona.es/product/35032/panales-bebe-talla-2-4-8-kg-dodot-sensitive-paquete~35032~2023-03-11 23:51:08.312311
Pañales bebé talla 3 de 4-10 kg Deliplus~3 paquetes x 36 ud.~| 0,153 €/ud~Not available~16.5~/pack~Bebé >~Toallitas y pañales~https://tienda.mercadona.es/product/47598/panales-bebe-talla-3-4-10-kg-deliplus-pack-3~47598~2023-03-11 23:51:08.856642
Pañales bebé talla 3 de 4-10 kg Deliplus~Paquete~36 ud.~| 0,156 €/ud~5.6~/ud.~Bebé >~Toallitas y pañales~https://tienda.mercadona.es/product/47597/panales-bebe-talla-3-4-10-kg-deliplus-paquete~47597~2023-03-11 23:51:09.543522
Pañales bebé talla 3 de 6-10 kg Dodot~Paquete~62 ud.~| 0,252 €/ud~15.6~/ud.~Bebé >~Toallitas y pañales~https://tienda.mercadona.es/product/35389/panales-bebe-talla-3-6-10-kg-dodot-paquete~35389~2023-03-11 23:51:10.045340
Pañales bebé talla 4 de 9-15 kg Deliplus~3 paquetes x 34 ud.~| 0,17 €/ud~Not available~17.25~/pack~Bebé >~Toallitas y pañales~https://tienda.mercadona.es/product/47600/panales-bebe-talla-4-9-15-kg-deliplus-pack-3~47600~2023-03-11 23:51:10.612804
Pañales bebé talla 4 de 9-15 kg Deliplus~Paquete~34 ud.~| 0,173 €/ud~5.85~/ud.~Bebé >~Toallitas y pañales~https://tienda.mercadona.es/product/47599/panales-bebe-talla-4-9-15-kg-deliplus-paquete~47599~2023-03-11 23:51:11.165923
Pañales bebé talla 4 de 9-14 kg Dodot~Paquete~58 ud.~| 0,269 €/ud~15.6~/ud.~Bebé >~Toallitas y pañales~https://tienda.mercadona.es/product/35390/panales-bebe-talla-4-9-14-kg-dodot-paquete~35390~2023-03-11 23:51:11.700105
Pañales bebé talla 5 de 13-18 kg Deliplus~3 paquetes x 30 ud.~| 0,199 €/ud~Not available~17.85~/pack~Bebé >~Toallitas y pañales~https://tienda.mercadona.es/product/47605/panales-bebe-talla-5-13-18-kg-deliplus-pack-3~47605~2023-03-11 23:51:12.188608
Pañales bebé talla 5 de 13-18 kg Deliplus~Paquete~30 ud.~| 0,202 €/ud~6.05~/ud.~Bebé >~Toallitas y pañales~https://tienda.mercadona.es/product/47601/panales-bebe-talla-5-13-18-kg-deliplus-paquete~47601~2023-03-11 23:51:12.717881
Pañales bebé talla 5 de 11-16 kg Dodot~Paquete~54 ud.~| 0,289 €/ud~15.6~/ud.~Bebé >~Toallitas y pañales~https://tienda.mercadona.es/product/35391/panales-bebe-talla-5-11-16-kg-dodot-paquete~35391~2023-03-11 23:51:13.298340
Pañales bebé talla 6 de 17-28 kg Deliplus~Paquete~22 ud.~| 0,30 €/ud~6.6~/ud.~Bebé >~Toallitas y pañales~https://tienda.mercadona.es/product/47623/panales-bebe-talla-6-17-28-kg-deliplus-paquete~47623~2023-03-11 23:51:13.964452
Pañales bebé talla 6 de 13-19 kg Dodot~Paquete~36 ud.~| 0,359 €/ud~12.9~/ud.~Bebé >~Toallitas y pañales~https://tienda.mercadona.es/product/35392/panales-bebe-talla-6-13-19-kg-dodot-paquete~35392~2023-03-11 23:51:14.540614
Pañal junior talla hasta 34 más de 25 kg Deliplus~Paquete~20 ud.~| 0,45 €/ud~9.0~/ud.~Bebé >~Toallitas y pañales~https://tienda.mercadona.es/product/35246/panal-junior-talla-34-25-kg-deliplus-paquete~35246~2023-03-11 23:51:15.149136
Cambiador multiusos desechable Deliplus~Paquete~6 ud.~| 0,417 €/ud~2.5~/ud.~Bebé >~Toallitas y pañales~https://tienda.mercadona.es/product/47475/cambiador-multiusos-desechable-deliplus-paquete~47475~2023-03-11 23:51:15.751458
Pañal bebé braguita talla L de 12-18 kg Deliplus~Paquete~24 ud.~| 0,309 €/ud~7.4~/ud.~Bebé >~Toallitas y pañales~https://tienda.mercadona.es/product/47038/panal-bebe-braguita-talla-l-12-18-kg-deliplus-paquete~47038~2023-03-11 23:51:16.285633
Pañal bebé braguita talla XL de 16-28 kg Deliplus~Paquete~22 ud.~| 0,337 €/ud~7.4~/ud.~Bebé >~Toallitas y pañales~https://tienda.mercadona.es/product/47039/panal-bebe-braguita-talla-xl-16-28-kg-deliplus-paquete~47039~2023-03-11 23:51:16.845731
Pañal junior braguita noche infantil Deliplus de 17-30 kg 4 a 7 años~Paquete~16 ud.~| 0,719 €/ud~11.5~/ud.~Bebé >~Toallitas y pañales~https://tienda.mercadona.es/product/47366/panal-junior-braguita-noche-infantil-deliplus-17-30-kg-4-7-anos-paquete~47366~2023-03-11 23:51:17.413117
Pañal junior braguita noche infantil Deliplus de 27-57 kg 8 a 15 años~Paquete~13 ud.~| 0,885 €/ud~11.5~/ud.~Bebé >~Toallitas y pañales~https://tienda.mercadona.es/product/47367/panal-junior-braguita-noche-infantil-deliplus-27-57-kg-8-15-anos-paquete~47367~2023-03-11 23:51:18.015730
Cerveza Clásica Steinburg~12 latas x 330 ml~| 0,91 €/L~Not available~3.6~/pack~Bodega >~Cerveza~https://tienda.mercadona.es/product/66462/cerveza-clasica-steinburg-pack-12~66462~2023-03-12 00:02:59.877809
Cerveza Clásica Steinburg~Lata~330 ml~| 0,91 €/L~0.3~/ud.~Bodega >~Cerveza~https://tienda.mercadona.es/product/66463/cerveza-clasica-steinburg-lata~66463~2023-03-12 00:03:00.572272
Cerveza Heineken~12 latas x 330 ml~| 2,091 €/L~Not available~8.28~/pack~Bodega >~Cerveza~https://tienda.mercadona.es/product/27338/cerveza-heineken-pack-12~27338~2023-03-12 00:03:01.206117
Cerveza Heineken~Lata~330 ml~| 2,485 €/L~0.82~/ud.~Bodega >~Cerveza~https://tienda.mercadona.es/product/27100/cerveza-heineken-lata~27100~2023-03-12 00:03:01.852580
Cerveza doble malta Voll-Damm~6 latas x 330 ml~| 3,00 €/L~Not available~5.94~/pack~Bodega >~Cerveza~https://tienda.mercadona.es/product/28057/cerveza-doble-malta-voll-damm-pack-6~28057~2023-03-12 00:03:02.492498
Cerveza doble malta Voll-Damm~Lata~330 ml~| 3,00 €/L~0.99~/ud.~Bodega >~Cerveza~https://tienda.mercadona.es/product/27137/cerveza-doble-malta-voll-damm-lata~27137~2023-03-12 00:03:03.156298
Cerveza Suave Steinburg~12 latas x 330 ml~| 0,879 €/L~Not available~3.48~/pack~Bodega >~Cerveza~https://tienda.mercadona.es/product/66485/cerveza-suave-steinburg-pack-12~66485~2023-03-12 00:03:03.769219
Cerveza Suave Steinburg~Lata~330 ml~| 0,879 €/L~0.29~/ud.~Bodega >~Cerveza~https://tienda.mercadona.es/product/66486/cerveza-suave-steinburg-lata~66486~2023-03-12 00:03:04.411762
Cerveza especial San Miguel~12 latas x 330 ml~| 2,031 €/L~Not available~8.04~/pack~Bodega >~Cerveza~https://tienda.mercadona.es/product/66026/cerveza-especial-san-miguel-pack-12~66026~2023-03-12 00:03:05.054888
Cerveza especial San Miguel~Lata~330 ml~| 2,061 €/L~0.68~/ud.~Bodega >~Cerveza~https://tienda.mercadona.es/product/27103/cerveza-especial-san-miguel-lata~27103~2023-03-12 00:03:05.734057
Cerveza Especial Steinburg~12 latas x 330 ml~| 1,122 €/L~Not available~4.44~/pack~Bodega >~Cerveza~https://tienda.mercadona.es/product/66764/cerveza-especial-steinburg-pack-12~66764~2023-03-12 00:03:06.371760
Cerveza Especial Steinburg~Lata~330 ml~| 1,122 €/L~0.37~/ud.~Bodega >~Cerveza~https://tienda.mercadona.es/product/66765/cerveza-especial-steinburg-lata~66765~2023-03-12 00:03:07.071421
Cerveza Pils Krombacher~6 latas x 330 ml~| 1,667 €/L~Not available~3.3~/pack~Bodega >~Cerveza~https://tienda.mercadona.es/product/66469/cerveza-pils-krombacher-pack-6~66469~2023-03-12 00:03:07.736521
Cerveza Pils Krombacher~Lata~330 ml~| 1,667 €/L~0.55~/ud.~Bodega >~Cerveza~https://tienda.mercadona.es/product/66470/cerveza-pils-krombacher-lata~66470~2023-03-12 00:03:08.391981
Cerveza Tostada 1897~9 latas x 330 ml~| 1,394 €/L~Not available~4.14~/pack~Bodega >~Cerveza~https://tienda.mercadona.es/product/66350/cerveza-tostada-1897-pack-9~66350~2023-03-12 00:03:09.035688
Cerveza Tostada 1897~Lata~330 ml~| 1,394 €/L~0.46~/ud.~Bodega >~Cerveza~https://tienda.mercadona.es/product/66775/cerveza-tostada-1897-lata~66775~2023-03-12 00:03:09.687425
Cerveza doble malta~6 latas x 330 ml~| 1,667 €/L~Not available~3.3~/pack~Bodega >~Cerveza~https://tienda.mercadona.es/product/66432/cerveza-doble-malta-pack-6~66432~2023-03-12 00:03:10.321100
Cerveza doble malta~Lata~330 ml~| 1,667 €/L~0.55~/ud.~Bodega >~Cerveza~https://tienda.mercadona.es/product/66433/cerveza-doble-malta-lata~66433~2023-03-12 00:03:10.984359
Cerveza sin gluten Steinburg~12 latas x 330 ml~| 2,00 €/L~Not available~7.92~/pack~Bodega >~Cerveza~https://tienda.mercadona.es/product/22385/cerveza-sin-gluten-steinburg-pack-12~22385~2023-03-12 00:03:11.613623
Cerveza sin gluten Steinburg~Lata~330 ml~| 2,00 €/L~0.66~/ud.~Bodega >~Cerveza~https://tienda.mercadona.es/product/66793/cerveza-sin-gluten-steinburg-lata~66793~2023-03-12 00:03:12.239013
Cerveza Estrella Damm~12 latas x 330 ml~| 2,031 €/L~Not available~8.04~/pack~Bodega >~Cerveza~https://tienda.mercadona.es/product/66015/cerveza-estrella-damm-pack-12~66015~2023-03-12 00:03:12.887460
Cerveza Estrella Damm~Lata~330 ml~| 2,394 €/L~0.79~/ud.~Bodega >~Cerveza~https://tienda.mercadona.es/product/27134/cerveza-estrella-damm-lata~27134~2023-03-12 00:03:13.543154
Cerveza 100% malta Moritz 7~9 latas x 330 ml~| 2,364 €/L~Not available~7.02~/pack~Bodega >~Cerveza~https://tienda.mercadona.es/product/23121/cerveza-100-malta-moritz-7-pack-9~23121~2023-03-12 00:03:14.190101
Cerveza 100% malta Moritz 7~Lata~330 ml~| 2,364 €/L~0.78~/ud.~Bodega >~Cerveza~https://tienda.mercadona.es/product/66342/cerveza-100-malta-moritz-7-lata~66342~2023-03-12 00:03:14.844735
Cerveza Xibeca Damm~12 latas x 330 ml~| 1,758 €/L~Not available~6.96~/pack~Bodega >~Cerveza~https://tienda.mercadona.es/product/27370/cerveza-xibeca-damm-pack-12~27370~2023-03-12 00:03:15.511057
Cerveza Xibeca Damm~Lata~330 ml~| 2,031 €/L~0.67~/ud.~Bodega >~Cerveza~https://tienda.mercadona.es/product/27120/cerveza-xibeca-damm-lata~27120~2023-03-12 00:03:16.175884
Cerveza Clásica Steinburg~6 botellas x 1 L~| 0,95 €/L~Not available~5.7~/pack~Bodega >~Cerveza~https://tienda.mercadona.es/product/66994/cerveza-clasica-steinburg-pack-6~66994~2023-03-12 00:03:16.825312
Cerveza Clásica Steinburg~Botella~1 L~| 0,95 €/L~0.95~/ud.~Bodega >~Cerveza~https://tienda.mercadona.es/product/66482/cerveza-clasica-steinburg-botella~66482~2023-03-12 00:03:17.501695
Cerveza Clásica Steinburg~6 botellas x 1 L~| 0,95 €/L~Not available~5.7~/pack~Bodega >~Cerveza~https://tienda.mercadona.es/product/66465/cerveza-clasica-steinburg-pack-6~66465~2023-03-12 00:03:18.163114
Cerveza Clásica Steinburg~Botella~1 L~| 0,95 €/L~0.95~/ud.~Bodega >~Cerveza~https://tienda.mercadona.es/product/66466/cerveza-clasica-steinburg-botella~66466~2023-03-12 00:03:18.851236
Cerveza Clásica Steinburg~12 botellines x 200 ml~| 1,50 €/L~Not available~3.6~/pack~Bodega >~Cerveza~https://tienda.mercadona.es/product/67146/cerveza-clasica-steinburg-pack-12~67146~2023-03-12 00:03:19.544280
Cerveza Clásica Steinburg~Botellín~200 ml~| 1,50 €/L~0.3~/ud.~Bodega >~Cerveza~https://tienda.mercadona.es/product/66984/cerveza-clasica-steinburg-botellin~66984~2023-03-12 00:03:20.233757
Cerveza reserva 1925 Alhambra~6 botellines x 330 ml~| 3,97 €/L~Not available~7.86~/pack~Bodega >~Cerveza~https://tienda.mercadona.es/product/27150/cerveza-reserva-1925-alhambra-pack-6~27150~2023-03-12 00:03:20.886669
Cerveza reserva 1925 Alhambra~Botellín~330 ml~| 3,97 €/L~1.31~/ud.~Bodega >~Cerveza~https://tienda.mercadona.es/product/66518/cerveza-reserva-1925-alhambra-botellin~66518~2023-03-12 00:03:21.629162
Cerveza de trigo Franziskaner~6 botellines x 355 ml~| 3,24 €/L~Not available~6.9~/pack~Bodega >~Cerveza~https://tienda.mercadona.es/product/66390/cerveza-trigo-franziskaner-pack-6~66390~2023-03-12 00:03:22.319122
Cerveza de trigo Franziskaner~Botellín~355 ml~| 3,24 €/L~1.15~/ud.~Bodega >~Cerveza~https://tienda.mercadona.es/product/66391/cerveza-trigo-franziskaner-botellin~66391~2023-03-12 00:03:23.091707
Cerveza abadía Tongerlo~4 botellines x 330 ml~| 3,031 €/L~Not available~4.0~/pack~Bodega >~Cerveza~https://tienda.mercadona.es/product/66386/cerveza-abadia-tongerlo-pack-4~66386~2023-03-12 00:03:23.740836
Cerveza abadía Tongerlo~Botellín~330 ml~| 3,031 €/L~1.0~/ud.~Bodega >~Cerveza~https://tienda.mercadona.es/product/66480/cerveza-abadia-tongerlo-botellin~66480~2023-03-12 00:03:24.443172
Cerveza suave Xibeca Damm~Botella~1 L~| 1,58 €/L~1.58~/ud.~Bodega >~Cerveza~https://tienda.mercadona.es/product/27144/cerveza-suave-xibeca-damm-botella~27144~2023-03-12 00:03:25.125681
Cerveza Heineken~12 botellines x 250 ml~| 2,48 €/L~Not available~7.44~/pack~Bodega >~Cerveza~https://tienda.mercadona.es/product/66670/cerveza-heineken-pack-12~66670~2023-03-12 00:03:25.796552
Cerveza Heineken~Botellín~250 ml~| 2,80 €/L~0.7~/ud.~Bodega >~Cerveza~https://tienda.mercadona.es/product/70745/cerveza-heineken-botellin~70745~2023-03-12 00:03:26.484491
Cerveza tostada Turia~12 botellines x 250 ml~| 2,32 €/L~Not available~6.96~/pack~Bodega >~Cerveza~https://tienda.mercadona.es/product/67154/cerveza-tostada-turia-pack-12~67154~2023-03-12 00:03:27.162125
Cerveza tostada Turia~Botellín~250 ml~| 2,48 €/L~0.62~/ud.~Bodega >~Cerveza~https://tienda.mercadona.es/product/67031/cerveza-tostada-turia-botellin~67031~2023-03-12 00:03:27.845014
Cerveza El Águila sin filtrar~6 botellines x 330 ml~| 3,00 €/L~Not available~5.94~/pack~Bodega >~Cerveza~https://tienda.mercadona.es/product/13895/cerveza-aguila-sin-filtrar-pack-6~13895~2023-03-12 00:03:28.517059
Cerveza El Águila sin filtrar~Botellín~330 ml~| 3,00 €/L~0.99~/ud.~Bodega >~Cerveza~https://tienda.mercadona.es/product/27456/cerveza-aguila-sin-filtrar-botellin~27456~2023-03-12 00:03:29.195381
Cerveza Estrella Damm~12 botellines x 250 ml~| 2,60 €/L~Not available~7.8~/pack~Bodega >~Cerveza~https://tienda.mercadona.es/product/66016/cerveza-estrella-damm-pack-12~66016~2023-03-12 00:03:29.844908
Cerveza Estrella Damm~Botellín~250 ml~| 2,64 €/L~0.66~/ud.~Bodega >~Cerveza~https://tienda.mercadona.es/product/79318/cerveza-estrella-damm-botellin~79318~2023-03-12 00:03:30.533441
Cerveza Especial Steinburg~12 botellines x 200 ml~| 1,85 €/L~Not available~4.44~/pack~Bodega >~Cerveza~https://tienda.mercadona.es/product/67148/cerveza-especial-steinburg-pack-12~67148~2023-03-12 00:03:31.205178
Cerveza Especial Steinburg~Botellín~200 ml~| 1,85 €/L~0.37~/ud.~Bodega >~Cerveza~https://tienda.mercadona.es/product/66985/cerveza-especial-steinburg-botellin~66985~2023-03-12 00:03:31.896965
Cerveza suave Budweiser~6 botellines x 250 ml~| 3,00 €/L~Not available~4.5~/pack~Bodega >~Cerveza~https://tienda.mercadona.es/product/66549/cerveza-suave-budweiser-pack-6~66549~2023-03-12 00:03:32.574899
Cerveza suave Budweiser~Botellín~250 ml~| 3,00 €/L~0.75~/ud.~Bodega >~Cerveza~https://tienda.mercadona.es/product/66550/cerveza-suave-budweiser-botellin~66550~2023-03-12 00:03:33.291937
Cerveza sin gluten Daura Damm~6 botellines x 330 ml~| 3,91 €/L~Not available~7.74~/pack~Bodega >~Cerveza~https://tienda.mercadona.es/product/66547/cerveza-sin-gluten-daura-damm-pack-6~66547~2023-03-12 00:03:33.986646
Cerveza sin gluten Daura Damm~Botellín~330 ml~| 3,91 €/L~1.29~/ud.~Bodega >~Cerveza~https://tienda.mercadona.es/product/66548/cerveza-sin-gluten-daura-damm-botellin~66548~2023-03-12 00:03:34.666062
Cerveza Pilsen Cruzcampo~12 botellines x 250 ml~| 1,68 €/L~Not available~5.04~/pack~Bodega >~Cerveza~https://tienda.mercadona.es/product/29368/cerveza-pilsen-cruzcampo-pack-12~29368~2023-03-12 00:03:35.288802
Cerveza Pilsen Cruzcampo~Botellín~250 ml~| 2,04 €/L~0.51~/ud.~Bodega >~Cerveza~https://tienda.mercadona.es/product/29411/cerveza-pilsen-cruzcampo-botellin~29411~2023-03-12 00:03:35.925949
Cerveza Estrella Galicia~12 botellines x 250 ml~| 2,00 €/L~Not available~6.0~/pack~Bodega >~Cerveza~https://tienda.mercadona.es/product/66587/cerveza-estrella-galicia-pack-12~66587~2023-03-12 00:03:36.545035
Cerveza Estrella Galicia~Botellín~250 ml~| 2,64 €/L~0.66~/ud.~Bodega >~Cerveza~https://tienda.mercadona.es/product/15936/cerveza-estrella-galicia-botellin~15936~2023-03-12 00:03:37.250794
Cerveza extra 1906 reserva especial~Botellín~330 ml~| 3,697 €/L~1.22~/ud.~Bodega >~Cerveza~https://tienda.mercadona.es/product/67092/cerveza-extra-1906-reserva-especial-botellin~67092~2023-03-12 00:03:37.935068
Cerveza extra 1906 reserva especial~6 botellines x 330 ml~| 3,667 €/L~Not available~7.26~/pack~Bodega >~Cerveza~https://tienda.mercadona.es/product/66009/cerveza-extra-1906-reserva-especial-pack-6~66009~2023-03-12 00:03:38.627864
Cerveza Radler con zumo natural de limón Steinburg~12 latas x 330 ml~| 1,152 €/L~Not available~4.56~/pack~Bodega >~Cerveza~https://tienda.mercadona.es/product/66783/cerveza-radler-con-zumo-natural-limon-steinburg-pack-12~66783~2023-03-12 00:03:39.312598
Cerveza Radler con zumo natural de limón Steinburg~Lata~330 ml~| 1,152 €/L~0.38~/ud.~Bodega >~Cerveza~https://tienda.mercadona.es/product/66554/cerveza-radler-con-zumo-natural-limon-steinburg-lata~66554~2023-03-12 00:03:40.016869
Cerveza Radler Steinburg con zumo natural de limón~6 botellas x 500 ml~| 1,16 €/L~Not available~3.48~/pack~Bodega >~Cerveza~https://tienda.mercadona.es/product/66492/cerveza-radler-steinburg-con-zumo-natural-limon-pack-6~66492~2023-03-12 00:03:40.704121
Cerveza Radler Steinburg con zumo natural de limón~Botellín~500 ml~| 1,16 €/L~0.58~/ud.~Bodega >~Cerveza~https://tienda.mercadona.es/product/66481/cerveza-radler-steinburg-con-zumo-natural-limon-botellin~66481~2023-03-12 00:03:41.407459
Bebida cider con gas Wild panther sabor a manzana~12 botellines x 200 ml~| 3,75 €/L~Not available~9.0~/pack~Bodega >~Cerveza~https://tienda.mercadona.es/product/22078/bebida-cider-con-gas-wild-panther-sabor-manzana-pack-12~22078~2023-03-12 00:03:42.117442
Bebida cider con gas Wild panther sabor manzana~Botellín~200 ml~| 3,75 €/L~0.75~/ud.~Bodega >~Cerveza~https://tienda.mercadona.es/product/67060/bebida-cider-con-gas-wild-panther-sabor-manzana-botellin~67060~2023-03-12 00:03:42.835966
Cerveza Corona~6 botellines x 355 ml~| 4,93 €/L~Not available~10.5~/pack~Bodega >~Cerveza~https://tienda.mercadona.es/product/66172/cerveza-corona-pack-6~66172~2023-03-12 00:03:43.510915
Cerveza Corona~Botellín~355 ml~| 4,93 €/L~1.75~/ud.~Bodega >~Cerveza~https://tienda.mercadona.es/product/27355/cerveza-corona-botellin~27355~2023-03-12 00:03:44.219544
Cerveza Shandy sabor limón Steinburg~12 latas x 330 ml~| 1,061 €/L~Not available~4.2~/pack~Bodega >~Cerveza~https://tienda.mercadona.es/product/66770/cerveza-shandy-sabor-limon-steinburg-pack-12~66770~2023-03-12 00:03:44.911040
Cerveza Shandy sabor limón Steinburg~Lata~330 ml~| 1,061 €/L~0.35~/ud.~Bodega >~Cerveza~https://tienda.mercadona.es/product/66771/cerveza-shandy-sabor-limon-steinburg-lata~66771~2023-03-12 00:03:45.629651
Cerveza Shandy Steinburg sabor limón~6 botellines x 500 ml~| 1,10 €/L~Not available~3.3~/pack~Bodega >~Cerveza~https://tienda.mercadona.es/product/66499/cerveza-shandy-steinburg-sabor-limon-pack-6~66499~2023-03-12 00:03:46.314388
Cerveza Shandy Steinburg sabor limón~Botellín~500 ml~| 1,10 €/L~0.55~/ud.~Bodega >~Cerveza~https://tienda.mercadona.es/product/66493/cerveza-shandy-steinburg-sabor-limon-botellin~66493~2023-03-12 00:03:46.974235
Cerveza con sabor a tequila y ginger Desperados Heineken~6 botellines x 330 ml~| 4,516 €/L~Not available~8.94~/pack~Bodega >~Cerveza~https://tienda.mercadona.es/product/27329/cerveza-con-sabor-tequila-ginger-desperados-heineken-pack-6~27329~2023-03-12 00:03:47.669303
Cerveza con sabor a tequila y ginger Desperados Heineken~Botellín~330 ml~| 4,516 €/L~1.49~/ud.~Bodega >~Cerveza~https://tienda.mercadona.es/product/27295/cerveza-con-sabor-tequila-ginger-desperados-heineken-botellin~27295~2023-03-12 00:03:48.390388
Bebida cider con gas Wild panther sabor a fresa y lima~12 botellines x 200 ml~| 3,75 €/L~Not available~9.0~/pack~Bodega >~Cerveza~https://tienda.mercadona.es/product/86495/bebida-cider-con-gas-wild-panther-sabor-fresa-lima-pack-12~86495~2023-03-12 00:03:49.185936
Bebida cider con gas Wild panther sabor a fresa y lima~Botellín~200 ml~| 3,75 €/L~0.75~/ud.~Bodega >~Cerveza~https://tienda.mercadona.es/product/86494/bebida-cider-con-gas-wild-panther-sabor-fresa-lima-botellin~86494~2023-03-12 00:03:49.908344
Cerveza sin alcohol Falke~6 botellines x 250 ml~| 1,40 €/L~Not available~2.1~/pack~Bodega >~Cerveza sin alcohol~https://tienda.mercadona.es/product/86552/cerveza-sin-alcohol-falke-pack-6~86552~2023-03-12 00:04:36.278047
Cerveza sin alcohol Falke~Botellín~250 ml~| 1,40 €/L~0.35~/ud.~Bodega >~Cerveza sin alcohol~https://tienda.mercadona.es/product/86553/cerveza-sin-alcohol-falke-botellin~86553~2023-03-12 00:04:36.769982
Cerveza 0,0% sin alcohol Falke~6 botellines x 250 ml~| 1,40 €/L~Not available~2.1~/pack~Bodega >~Cerveza sin alcohol~https://tienda.mercadona.es/product/66394/cerveza-00-sin-alcohol-falke-pack-6~66394~2023-03-12 00:04:37.287072
Cerveza 0,0% sin alcohol Falke~Botellín~250 ml~| 1,40 €/L~0.35~/ud.~Bodega >~Cerveza sin alcohol~https://tienda.mercadona.es/product/15990/cerveza-00-sin-alcohol-falke-botellin~15990~2023-03-12 00:04:37.849683
Cerveza 0,0% sin alcohol tostada Mahou~6 botellines x 330 ml~| 3,485 €/L~Not available~6.9~/pack~Bodega >~Cerveza sin alcohol~https://tienda.mercadona.es/product/66558/cerveza-00-sin-alcohol-tostada-mahou-pack-6~66558~2023-03-12 00:04:38.314817
Cerveza 0,0% sin alcohol tostada Mahou~Botellín~330 ml~| 3,485 €/L~1.15~/ud.~Bodega >~Cerveza sin alcohol~https://tienda.mercadona.es/product/67026/cerveza-00-sin-alcohol-tostada-mahou-botellin~67026~2023-03-12 00:04:38.817433
Cerveza 0,0% sin alcohol tostada Falke~6 botellines x 250 ml~| 2,00 €/L~Not available~3.0~/pack~Bodega >~Cerveza sin alcohol~https://tienda.mercadona.es/product/67623/cerveza-00-sin-alcohol-tostada-falke-pack-6~67623~2023-03-12 00:04:39.279808
Cerveza 0,0% sin alcohol tostada Falke~Botellín~250 ml~| 2,00 €/L~0.5~/ud.~Bodega >~Cerveza sin alcohol~https://tienda.mercadona.es/product/67624/cerveza-00-sin-alcohol-tostada-falke-botellin~67624~2023-03-12 00:04:39.777517
Cerveza sin alcohol Falke~12 latas x 330 ml~| 1,061 €/L~Not available~4.2~/pack~Bodega >~Cerveza sin alcohol~https://tienda.mercadona.es/product/23694/cerveza-sin-alcohol-falke-pack-12~23694~2023-03-12 00:04:40.228669
Cerveza sin alcohol Falke~Lata~330 ml~| 1,061 €/L~0.35~/ud.~Bodega >~Cerveza sin alcohol~https://tienda.mercadona.es/product/23695/cerveza-sin-alcohol-falke-lata~23695~2023-03-12 00:04:40.733018
Cerveza 0,0% sin alcohol Falke~12 latas x 330 ml~| 1,061 €/L~Not available~4.2~/pack~Bodega >~Cerveza sin alcohol~https://tienda.mercadona.es/product/66392/cerveza-00-sin-alcohol-falke-pack-12~66392~2023-03-12 00:04:41.181290
Cerveza 0,0% sin alcohol Falke~Lata~330 ml~| 1,061 €/L~0.35~/ud.~Bodega >~Cerveza sin alcohol~https://tienda.mercadona.es/product/66393/cerveza-00-sin-alcohol-falke-lata~66393~2023-03-12 00:04:41.684985
Cerveza sin gluten Free Damm 0,0% sin alcohol~6 latas x 330 ml~| 2,182 €/L~Not available~4.32~/pack~Bodega >~Cerveza sin alcohol~https://tienda.mercadona.es/product/28063/cerveza-sin-gluten-free-damm-00-sin-alcohol-pack-6~28063~2023-03-12 00:04:42.159255
Cerveza sin gluten Free Damm 0,0% sin alcohol~Lata~330 ml~| 2,182 €/L~0.72~/ud.~Bodega >~Cerveza sin alcohol~https://tienda.mercadona.es/product/27175/cerveza-sin-gluten-free-damm-00-sin-alcohol-lata~27175~2023-03-12 00:04:42.674495
Cerveza 0,0% sin alcohol tostada Falke~12 latas x 330 ml~| 1,516 €/L~Not available~6.0~/pack~Bodega >~Cerveza sin alcohol~https://tienda.mercadona.es/product/13417/cerveza-00-sin-alcohol-tostada-falke-pack-12~13417~2023-03-12 00:04:43.146089
Cerveza 0,0% sin alcohol tostada Falke~Lata~330 ml~| 1,516 €/L~0.5~/ud.~Bodega >~Cerveza sin alcohol~https://tienda.mercadona.es/product/13418/cerveza-00-sin-alcohol-tostada-falke-lata~13418~2023-03-12 00:04:43.626319
Vermouth rojo Maronti reserva~Botella~1 L~| 3,30 €/L~3.3~/ud.~Bodega >~Licores~https://tienda.mercadona.es/product/28520/vermouth-rojo-maronti-reserva-botella~28520~2023-03-12 00:10:48.240153
Vermouth blanco Maronti~Botella~1 L~| 2,25 €/L~2.25~/ud.~Bodega >~Licores~https://tienda.mercadona.es/product/15846/vermouth-blanco-maronti-botella~15846~2023-03-12 00:10:48.932851
Vermouth bianco Martini~Botella~1 L~| 9,20 €/L~9.2~/ud.~Bodega >~Licores~https://tienda.mercadona.es/product/28400/vermouth-bianco-martini-botella~28400~2023-03-12 00:10:49.477487
Vermouth rosso Martini~Botella~1 L~| 9,20 €/L~9.2~/ud.~Bodega >~Licores~https://tienda.mercadona.es/product/28401/vermouth-rosso-martini-botella~28401~2023-03-12 00:10:50.038988
Aperitivo Aperol~Botella~700 ml~| 17,429 €/L~12.2~/ud.~Bodega >~Licores~https://tienda.mercadona.es/product/28356/aperitivo-aperol-botella~28356~2023-03-12 00:10:50.534250
Bitter Campari~Botella~700 ml~| 20,715 €/L~14.5~/ud.~Bodega >~Licores~https://tienda.mercadona.es/product/28408/bitter-campari-botella~28408~2023-03-12 00:10:51.052762
Ginebra London dry gin Larios~Botella~1 L~| 10,75 €/L~10.75~/ud.~Bodega >~Licores~https://tienda.mercadona.es/product/28715/ginebra-london-dry-gin-larios-botella~28715~2023-03-12 00:10:51.654560
Ginebra London dry gin Beefeater~Botella~700 ml~| 21,929 €/L~15.35~/ud.~Bodega >~Licores~https://tienda.mercadona.es/product/28712/ginebra-london-dry-gin-beefeater-botella~28712~2023-03-12 00:10:52.266990
Ginebra dry gin Seagram's~Botella~700 ml~| 26,286 €/L~18.4~/ud.~Bodega >~Licores~https://tienda.mercadona.es/product/28032/ginebra-dry-gin-seagrams-botella~28032~2023-03-12 00:10:52.875663
Ginebra London dry gin Tanqueray~Botella~700 ml~| 22,143 €/L~15.5~/ud.~Bodega >~Licores~https://tienda.mercadona.es/product/28775/ginebra-london-dry-gin-tanqueray-botella~28775~2023-03-12 00:10:53.584407
Bebida 0,0% sin alcohol Tanqueray London dry~Botella~700 ml~| 22,143 €/L~15.5~/ud.~Bodega >~Licores~https://tienda.mercadona.es/product/23107/bebida-00-sin-alcohol-tanqueray-london-dry-botella~23107~2023-03-12 00:10:54.122874
Ginebra strawberry gin Glivery~Botella~700 ml~| 11,00 €/L~7.7~/ud.~Bodega >~Licores~https://tienda.mercadona.es/product/28848/ginebra-strawberry-gin-glivery-botella~28848~2023-03-12 00:10:54.737778
Ginebra exotic Glivery~Botella~700 ml~| 11,143 €/L~7.8~/ud.~Bodega >~Licores~https://tienda.mercadona.es/product/22316/ginebra-exotic-glivery-botella~22316~2023-03-12 00:10:55.367760
Ginebra London dry Kingerly & Sons~Botella~700 ml~| 9,072 €/L~6.35~/ud.~Bodega >~Licores~https://tienda.mercadona.es/product/67632/ginebra-london-dry-kingerly-sons-botella~67632~2023-03-12 00:10:56.064614
Bebida espirituosa centenario Terry~Botella~1 L~| 8,65 €/L~8.65~/ud.~Bodega >~Licores~https://tienda.mercadona.es/product/28246/bebida-espirituosa-centenario-terry-botella~28246~2023-03-12 00:10:56.691772
Brandy imperial solera reserva Torres 5~Botella~700 ml~| 13,929 €/L~9.75~/ud.~Bodega >~Licores~https://tienda.mercadona.es/product/28213/brandy-imperial-solera-reserva-torres-5-botella~28213~2023-03-12 00:10:57.303282
Bebida espirituosa Convidado de Baco~Botella~1 L~| 6,00 €/L~6.0~/ud.~Bodega >~Licores~https://tienda.mercadona.es/product/28527/bebida-espirituosa-convidado-baco-botella~28527~2023-03-12 00:10:57.910656
Brandy de Jerez solera reserva Convidado de Baco~Botella~700 ml~| 8,429 €/L~5.9~/ud.~Bodega >~Licores~https://tienda.mercadona.es/product/28525/brandy-jerez-solera-reserva-convidado-baco-botella~28525~2023-03-12 00:10:58.519169
Brandy de Jerez solera gran reserva Convidado de Baco~Botella~700 ml~| 14,143 €/L~9.9~/ud.~Bodega >~Licores~https://tienda.mercadona.es/product/28526/brandy-jerez-solera-gran-reserva-convidado-baco-botella~28526~2023-03-12 00:10:59.056740
Whisky escocés Cutty Sark~Botella~700 ml~| 17,072 €/L~11.95~/ud.~Bodega >~Licores~https://tienda.mercadona.es/product/28631/whisky-escoces-cutty-sark-botella~28631~2023-03-12 00:10:59.652521
Whisky escocés Ballantine's~Botella~700 ml~| 17,858 €/L~12.5~/ud.~Bodega >~Licores~https://tienda.mercadona.es/product/28604/whisky-escoces-ballantines-botella~28604~2023-03-12 00:11:00.242730
Whisky escocés Red Label Johnnie Walker~Botella~700 ml~| 20,358 €/L~14.25~/ud.~Bodega >~Licores~https://tienda.mercadona.es/product/28610/whisky-escoces-red-label-johnnie-walker-botella~28610~2023-03-12 00:11:00.864758
Whisky escocés J&B~Botella~700 ml~| 17,858 €/L~12.5~/ud.~Bodega >~Licores~https://tienda.mercadona.es/product/28613/whisky-escoces-jb-botella~28613~2023-03-12 00:11:01.497991
Whisky escocés James Webb~Botella~700 ml~| 8,572 €/L~6.0~/ud.~Bodega >~Licores~https://tienda.mercadona.es/product/28662/whisky-escoces-james-webb-botella~28662~2023-03-12 00:11:02.114555
Whisky escocés Black Label Johnnie Walker~Botella~700 ml~| 38,572 €/L~27.0~/ud.~Bodega >~Licores~https://tienda.mercadona.es/product/28630/whisky-escoces-black-label-johnnie-walker-botella~28630~2023-03-12 00:11:02.697808
Ron añejo Negrita~Botella~700 ml~| 12,786 €/L~8.95~/ud.~Bodega >~Licores~https://tienda.mercadona.es/product/28731/ron-anejo-negrita-botella~28731~2023-03-12 00:11:03.324293
Ron blanco superior La Recompensa~Botella~1 L~| 7,00 €/L~7.0~/ud.~Bodega >~Licores~https://tienda.mercadona.es/product/15520/ron-blanco-superior-recompensa-botella~15520~2023-03-12 00:11:03.960099
Ron dominicano añejo Ron Barceló~Botella~700 ml~| 20,429 €/L~14.3~/ud.~Bodega >~Licores~https://tienda.mercadona.es/product/28757/ron-dominicano-anejo-ron-barcelo-botella~28757~2023-03-12 00:11:04.579923
Ron caribeño sabor coco Malibu~Botella~700 ml~| 17,429 €/L~12.2~/ud.~Bodega >~Licores~https://tienda.mercadona.es/product/28373/ron-caribeno-sabor-coco-malibu-botella~28373~2023-03-12 00:11:05.162066
Ron añejo Cacique~Botella~700 ml~| 18,572 €/L~13.0~/ud.~Bodega >~Licores~https://tienda.mercadona.es/product/28733/ron-anejo-cacique-botella~28733~2023-03-12 00:11:05.769265
Ron añejo La Recompensa~Botella~700 ml~| 8,50 €/L~5.95~/ud.~Bodega >~Licores~https://tienda.mercadona.es/product/86232/ron-anejo-recompensa-botella~86232~2023-03-12 00:11:06.406032
Ron viejo La Recompensa~Botella~700 ml~| 12,50 €/L~8.75~/ud.~Bodega >~Licores~https://tienda.mercadona.es/product/86707/ron-viejo-recompensa-botella~86707~2023-03-12 00:11:06.986626
Crema di limoncello~Botella~700 ml~| 9,429 €/L~6.6~/ud.~Bodega >~Licores~https://tienda.mercadona.es/product/28533/crema-di-limoncello-botella~28533~2023-03-12 00:11:07.532266
Licor crema Irlandesa Royal Swan~Botella~700 ml~| 8,572 €/L~6.0~/ud.~Bodega >~Licores~https://tienda.mercadona.es/product/28571/licor-crema-irlandesa-royal-swan-botella~28571~2023-03-12 00:11:08.177420
Licor crema de fresa Royal Swan~Botella~700 ml~| 9,929 €/L~6.95~/ud.~Bodega >~Licores~https://tienda.mercadona.es/product/22614/licor-crema-fresa-royal-swan-botella~22614~2023-03-12 00:11:08.793051
Licor crema de turrón Royal Swan~Botella~700 ml~| 9,429 €/L~6.6~/ud.~Bodega >~Licores~https://tienda.mercadona.es/product/29381/licor-crema-turron-royal-swan-botella~29381~2023-03-12 00:11:09.345336
Licor crema Puente Pazos~Botella~700 ml~| 9,429 €/L~6.6~/ud.~Bodega >~Licores~https://tienda.mercadona.es/product/28506/licor-crema-puente-pazos-botella~28506~2023-03-12 00:11:09.966265
Licor crema choco avellana Royal Swan~Botella~700 ml~| 10,00 €/L~7.0~/ud.~Bodega >~Licores~https://tienda.mercadona.es/product/67930/licor-crema-choco-avellana-royal-swan-botella~67930~2023-03-12 00:11:10.603784
Bebida espirituosa a base de vodka Knebep azul~Botella~700 ml~| 8,572 €/L~6.0~/ud.~Bodega >~Licores~https://tienda.mercadona.es/product/28836/bebida-espirituosa-base-vodka-knebep-azul-botella~28836~2023-03-12 00:11:11.183524
Bebida espirituosa a base de vodka Knebep caramelo~Botella~700 ml~| 8,572 €/L~6.0~/ud.~Bodega >~Licores~https://tienda.mercadona.es/product/13493/bebida-espirituosa-base-vodka-knebep-caramelo-botella~13493~2023-03-12 00:11:11.768652
Vodka premium Vladonof~Botella~700 ml~| 13,429 €/L~9.4~/ud.~Bodega >~Licores~https://tienda.mercadona.es/product/28655/vodka-premium-vladonof-botella~28655~2023-03-12 00:11:12.356767
Vodka Knebep~Botella~1 L~| 7,00 €/L~7.0~/ud.~Bodega >~Licores~https://tienda.mercadona.es/product/28822/vodka-knebep-botella~28822~2023-03-12 00:11:13.100226
Licor dulce Anís del mono~Botella~700 ml~| 11,572 €/L~8.1~/ud.~Bodega >~Licores~https://tienda.mercadona.es/product/28333/licor-dulce-anis-mono-botella~28333~2023-03-12 00:11:13.729578
Licor de anís dulce Dama Mayor~Botella~1 L~| 7,00 €/L~7.0~/ud.~Bodega >~Licores~https://tienda.mercadona.es/product/22833/licor-anis-dulce-dama-mayor-botella~22833~2023-03-12 00:11:14.398372
Licor de anís Ricard Pastis de Marseille~Botella~700 ml~| 17,715 €/L~12.4~/ud.~Bodega >~Licores~https://tienda.mercadona.es/product/28407/licor-anis-ricard-pastis-marseille-botella~28407~2023-03-12 00:11:14.979869
Licor de hierbas Puente Pazos~Botella~700 ml~| 8,715 €/L~6.1~/ud.~Bodega >~Licores~https://tienda.mercadona.es/product/28508/licor-hierbas-puente-pazos-botella~28508~2023-03-12 00:11:15.645132
Licor de limoncello Franzini~Botella~700 ml~| 9,572 €/L~6.7~/ud.~Bodega >~Licores~https://tienda.mercadona.es/product/28335/licor-limoncello-franzini-botella~28335~2023-03-12 00:11:16.278344
Licor de hierbas Jägermeister~Botella~700 ml~| 18,572 €/L~13.0~/ud.~Bodega >~Licores~https://tienda.mercadona.es/product/28724/licor-hierbas-jagermeister-botella~28724~2023-03-12 00:11:16.908692
Aguardiente de orujo Puente Pazos~Botella~700 ml~| 10,143 €/L~7.1~/ud.~Bodega >~Licores~https://tienda.mercadona.es/product/28507/aguardiente-orujo-puente-pazos-botella~28507~2023-03-12 00:11:17.501852
Licor dulce Amaretto Del Patriarca~Botella~700 ml~| 6,858 €/L~4.8~/ud.~Bodega >~Licores~https://tienda.mercadona.es/product/28432/licor-dulce-amaretto-patriarca-botella~28432~2023-03-12 00:11:18.065876
Licor de piruleta Pi.omka~Botella~700 ml~| 8,572 €/L~6.0~/ud.~Bodega >~Licores~https://tienda.mercadona.es/product/28439/licor-piruleta-piomka-botella~28439~2023-03-12 00:11:18.652970
Pacharán Gure~Botella~1 L~| 7,25 €/L~7.25~/ud.~Bodega >~Licores~https://tienda.mercadona.es/product/28385/pacharan-gure-botella~28385~2023-03-12 00:11:19.289468
Ponche Convidado de Baco~Botella~1 L~| 8,00 €/L~8.0~/ud.~Bodega >~Licores~https://tienda.mercadona.es/product/28223/ponche-convidado-baco-botella~28223~2023-03-12 00:11:19.872287
Licor de café Puente Pazos~Botella~700 ml~| 10,858 €/L~7.6~/ud.~Bodega >~Licores~https://tienda.mercadona.es/product/28501/licor-cafe-puente-pazos-botella~28501~2023-03-12 00:11:20.452003
Tequila Gold Santa Concepción~Botella~700 ml~| 15,00 €/L~10.5~/ud.~Bodega >~Licores~https://tienda.mercadona.es/product/23593/tequila-gold-santa-concepcion-botella~23593~2023-03-12 00:11:21.043791
Licor sin alcohol mora Pi.omka~Botella~700 ml~| 3,572 €/L~2.5~/ud.~Bodega >~Licores~https://tienda.mercadona.es/product/13610/licor-sin-alcohol-mora-piomka-botella~13610~2023-03-12 00:11:21.692658
Licor sin alcohol manzana verde Pi.omka~Botella~700 ml~| 3,572 €/L~2.5~/ud.~Bodega >~Licores~https://tienda.mercadona.es/product/13611/licor-sin-alcohol-manzana-verde-piomka-botella~13611~2023-03-12 00:11:22.335714
Sidra asturiana El Mayu~Botella~750 ml~| 2,00 €/L~1.5~/ud.~Bodega >~Sidra y cava~https://tienda.mercadona.es/product/28515/sidra-asturiana-mayu-botella~28515~2023-03-12 00:12:22.680121
Sidra asturiana El Mayu~12 botellines x 250 ml~| 3,60 €/L~Not available~10.8~/pack~Bodega >~Sidra y cava~https://tienda.mercadona.es/product/23863/sidra-asturiana-mayu-pack-12~23863~2023-03-12 00:12:23.214220
Sidra asturiana El Mayu~Botellín~250 ml~| 3,60 €/L~0.9~/ud.~Bodega >~Sidra y cava~https://tienda.mercadona.es/product/23862/sidra-asturiana-mayu-botellin~23862~2023-03-12 00:12:23.732165
Sidra natural Polían~Botella~700 ml~| 2,786 €/L~1.95~/ud.~Bodega >~Sidra y cava~https://tienda.mercadona.es/product/28898/sidra-natural-polian-botella~28898~2023-03-12 00:12:24.218708
Sidra sin alcohol El Lagar~Botella~750 ml~| 2,067 €/L~1.55~/ud.~Bodega >~Sidra y cava~https://tienda.mercadona.es/product/28999/sidra-sin-alcohol-lagar-botella~28999~2023-03-12 00:12:24.757095
Cava brut nature Raimat~Botella~750 ml~| 12,267 €/L~9.2~/ud.~Bodega >~Sidra y cava~https://tienda.mercadona.es/product/28957/cava-brut-nature-raimat-botella~28957~2023-03-12 00:12:25.209531
Cava brut Cabré & Sabaté~Botella~750 ml~| 3,134 €/L~2.35~/ud.~Bodega >~Sidra y cava~https://tienda.mercadona.es/product/28921/cava-brut-cabre-sabate-botella~28921~2023-03-12 00:12:25.806514
Cava brut Cabré & Sabaté~Benjamín~200 ml~| 6,75 €/L~1.35~/ud.~Bodega >~Sidra y cava~https://tienda.mercadona.es/product/22977/cava-brut-cabre-sabate-benjamin~22977~2023-03-12 00:12:26.298865
Cava brut nature Jaume Serra~Botella~750 ml~| 4,80 €/L~3.6~/ud.~Bodega >~Sidra y cava~https://tienda.mercadona.es/product/28908/cava-brut-nature-jaume-serra-botella~28908~2023-03-12 00:12:26.813691
Cava brut Anna Codorníu~Botella~750 ml~| 11,60 €/L~8.7~/ud.~Bodega >~Sidra y cava~https://tienda.mercadona.es/product/28969/cava-brut-anna-codorniu-botella~28969~2023-03-12 00:12:27.309769
Champagne brut Moët & Chandon~Botella~750 ml~| 59,934 €/L~44.95~/ud.~Bodega >~Sidra y cava~https://tienda.mercadona.es/product/28955/champagne-brut-moet-chandon-botella~28955~2023-03-12 00:12:27.782858
Cava brut nature vintage Cabré & Sabaté~Botella~750 ml~| 5,334 €/L~4.0~/ud.~Bodega >~Sidra y cava~https://tienda.mercadona.es/product/28938/cava-brut-nature-vintage-cabre-sabate-botella~28938~2023-03-12 00:12:28.298146
Cava brut Cabré & Sabaté Chardonnay~Botella~750 ml~| 5,334 €/L~4.0~/ud.~Bodega >~Sidra y cava~https://tienda.mercadona.es/product/28947/cava-brut-cabre-sabate-chardonnay-botella~28947~2023-03-12 00:12:28.785307
Cava brut rosado Cabré & Sabaté~Botella~750 ml~| 3,534 €/L~2.65~/ud.~Bodega >~Sidra y cava~https://tienda.mercadona.es/product/28945/cava-brut-rosado-cabre-sabate-botella~28945~2023-03-12 00:12:29.289638
Cava brut nature Bach Extrísimo~Botella~750 ml~| 6,067 €/L~4.55~/ud.~Bodega >~Sidra y cava~https://tienda.mercadona.es/product/28909/cava-brut-nature-bach-extrisimo-botella~28909~2023-03-12 00:12:29.788036
Cava brut Freixenet~Botella~750 ml~| 7,20 €/L~5.4~/ud.~Bodega >~Sidra y cava~https://tienda.mercadona.es/product/28005/cava-brut-freixenet-botella~28005~2023-03-12 00:12:30.219208
Cava brut nature Jaume Serra reserva~Botella~750 ml~| 5,667 €/L~4.25~/ud.~Bodega >~Sidra y cava~https://tienda.mercadona.es/product/28910/cava-brut-nature-jaume-serra-reserva-botella~28910~2023-03-12 00:12:30.673385
Cava brut Anna Codorniu pinot noir~Botella~750 ml~| 12,334 €/L~9.25~/ud.~Bodega >~Sidra y cava~https://tienda.mercadona.es/product/28956/cava-brut-anna-codorniu-pinot-noir-botella~28956~2023-03-12 00:12:31.181342
Cava semi seco Cabré & Sabaté~Botella~750 ml~| 3,134 €/L~2.35~/ud.~Bodega >~Sidra y cava~https://tienda.mercadona.es/product/28939/cava-semi-seco-cabre-sabate-botella~28939~2023-03-12 00:12:31.712088
Cava semi seco Cabré & Sabaté~Benjamín~200 ml~| 6,75 €/L~1.35~/ud.~Bodega >~Sidra y cava~https://tienda.mercadona.es/product/22970/cava-semi-seco-cabre-sabate-benjamin~22970~2023-03-12 00:12:32.177592
Cava semi seco Freixenet~Botella~750 ml~| 7,20 €/L~5.4~/ud.~Bodega >~Sidra y cava~https://tienda.mercadona.es/product/28006/cava-semi-seco-freixenet-botella~28006~2023-03-12 00:12:32.619308
Bebida zumo de frutas con gas Magic sin alcohol~Botella~750 ml~| 2,934 €/L~2.2~/ud.~Bodega >~Sidra y cava~https://tienda.mercadona.es/product/39702/bebida-zumo-frutas-con-gas-magic-sin-alcohol-botella~39702~2023-03-12 00:12:33.113775
Cava semi seco Cabré & Sabaté Ice~Botella~750 ml~| 4,467 €/L~3.35~/ud.~Bodega >~Sidra y cava~https://tienda.mercadona.es/product/28959/cava-semi-seco-cabre-sabate-ice-botella~28959~2023-03-12 00:12:33.561255
Sangría Casón Histórico~Botella~1,5 L~| 1,034 €/L~1.55~/ud.~Bodega >~Tinto de verano y sangría~https://tienda.mercadona.es/product/66922/sangria-cason-historico-botella~66922~2023-03-12 00:13:28.600901
Tinto de verano zero limón Casón Histórico 0% alcohol 0% azúcar~Botella~1,5 L~| 0,734 €/L~1.1~/ud.~Bodega >~Tinto de verano y sangría~https://tienda.mercadona.es/product/60748/tinto-verano-zero-limon-cason-historico-0-alcohol-0-azucar-botella~60748~2023-03-12 00:13:29.153177
Sangría Don Simón~Botella~1,5 L~| 1,534 €/L~2.3~/ud.~Bodega >~Tinto de verano y sangría~https://tienda.mercadona.es/product/66944/sangria-don-simon-botella~66944~2023-03-12 00:13:29.616727
Tinto de verano 0,0% sin alcohol limón Don Simón~Botella~1,5 L~| 1,034 €/L~1.55~/ud.~Bodega >~Tinto de verano y sangría~https://tienda.mercadona.es/product/66746/tinto-verano-00-sin-alcohol-limon-don-simon-botella~66746~2023-03-12 00:13:30.069294
Tinto de verano sabor limón Casón Histórico~Botella~1,5 L~| 0,767 €/L~1.15~/ud.~Bodega >~Tinto de verano y sangría~https://tienda.mercadona.es/product/67818/tinto-verano-sabor-limon-cason-historico-botella~67818~2023-03-12 00:13:30.528776
Tinto de verano classic Casón Histórico~Botella~1,5 L~| 0,767 €/L~1.15~/ud.~Bodega >~Tinto de verano y sangría~https://tienda.mercadona.es/product/67819/tinto-verano-classic-cason-historico-botella~67819~2023-03-12 00:13:31.025828
Tinto de verano sabor limón La Casera~2 botellas x 1,5 L~| 1,467 €/L~Not available~4.4~/pack~Bodega >~Tinto de verano y sangría~https://tienda.mercadona.es/product/28059/tinto-verano-sabor-limon-casera-pack-2~28059~2023-03-12 00:13:31.445914
Tinto de verano sabor limón La Casera~Botella~1,5 L~| 1,50 €/L~2.25~/ud.~Bodega >~Tinto de verano y sangría~https://tienda.mercadona.es/product/27843/tinto-verano-sabor-limon-casera-botella~27843~2023-03-12 00:13:31.914471
Vino blanco Casón Histórico~Brick~1 L~| 0,90 €/L~0.9~/ud.~Bodega >~Vino blanco~https://tienda.mercadona.es/product/66127/vino-blanco-cason-historico-brick~66127~2023-03-12 00:14:18.426179
Vino blanco Don Simón chardonnay airén~3 mini bricks x 250 ml~| 2,00 €/L~Not available~1.5~/pack~Bodega >~Vino blanco~https://tienda.mercadona.es/product/66124/vino-blanco-don-simon-chardonnay-airen-pack-3~66124~2023-03-12 00:14:18.973901
Bebida aromatizada a base de vino para cocinar Abuela Carola~Botella~750 ml~| 3,00 €/L~2.25~/ud.~Aceite, especias y salsas >~Aceite, vinagre y sal~https://tienda.mercadona.es/product/66905/bebida-aromatizada-base-vino-cocinar-abuela-carola-botella~66905~2023-03-12 00:14:19.508264
Vino blanco Don Simón~Brick~1 L~| 1,60 €/L~1.6~/ud.~Bodega >~Vino blanco~https://tienda.mercadona.es/product/66105/vino-blanco-don-simon-brick~66105~2023-03-12 00:14:20.042455
Vino blanco turbio Teluro~Botella~750 ml~| 2,667 €/L~2.0~/ud.~Bodega >~Vino blanco~https://tienda.mercadona.es/product/66823/vino-blanco-turbio-teluro-botella~66823~2023-03-12 00:14:20.564929
Vino blanco D.O La Mancha Fidencio~Botella~750 ml~| 1,934 €/L~1.45~/ud.~Bodega >~Vino blanco~https://tienda.mercadona.es/product/37138/vino-blanco-do-mancha-fidencio-botella~37138~2023-03-12 00:14:21.113968
Vino blanco Chardonnay Indómito~Botella~750 ml~| 2,667 €/L~2.0~/ud.~Bodega >~Vino blanco~https://tienda.mercadona.es/product/37111/vino-blanco-chardonnay-indomito-botella~37111~2023-03-12 00:14:21.651369
Vino blanco D.O Rioja El Coto~Botella~750 ml~| 5,534 €/L~4.15~/ud.~Bodega >~Vino blanco~https://tienda.mercadona.es/product/66324/vino-blanco-do-rioja-coto-botella~66324~2023-03-12 00:14:22.193094
Vino blanco fresco y suave Caperucita blanca~Botella~750 ml~| 2,867 €/L~2.15~/ud.~Bodega >~Vino blanco~https://tienda.mercadona.es/product/80463/vino-blanco-fresco-suave-caperucita-blanca-botella~80463~2023-03-12 00:14:22.709046
Vino blanco D.O Rioja Arteso~Botella~750 ml~| 4,00 €/L~3.0~/ud.~Bodega >~Vino blanco~https://tienda.mercadona.es/product/67118/vino-blanco-do-rioja-arteso-botella~67118~2023-03-12 00:14:23.261594
Vino blanco crianza D.O Valdepeñas Señorío de los Llanos~Botella~750 ml~| 2,667 €/L~2.0~/ud.~Bodega >~Vino blanco~https://tienda.mercadona.es/product/37110/vino-blanco-crianza-do-valdepenas-senorio-llanos-botella~37110~2023-03-12 00:14:23.782574
Vino blanco seco D.O Catalunya Vinya del Mar Azul~Botella~750 ml~| 2,80 €/L~2.1~/ud.~Bodega >~Vino blanco~https://tienda.mercadona.es/product/66523/vino-blanco-seco-do-catalunya-vinya-mar-azul-botella~66523~2023-03-12 00:14:24.325046
Vino blanco D.O Catalunya Perelada Blanc de Blancs~Botella~750 ml~| 5,187 €/L~3.89~/ud.~Bodega >~Vino blanco~https://tienda.mercadona.es/product/66517/vino-blanco-do-catalunya-perelada-blanc-blancs-botella~66517~2023-03-12 00:14:24.856516
Vino blanco D.O Catalunya Bodegas Torres Viña Sol~Botella~750 ml~| 8,80 €/L~6.6~/ud.~Bodega >~Vino blanco~https://tienda.mercadona.es/product/66532/vino-blanco-do-catalunya-bodegas-torres-vina-sol-botella~66532~2023-03-12 00:14:25.514993
Vino blanco albariño D.O Rías Baixas Pazo de Orantes~Botella~750 ml~| 7,067 €/L~5.3~/ud.~Bodega >~Vino blanco~https://tienda.mercadona.es/product/67125/vino-blanco-albarino-do-rias-baixas-pazo-orantes-botella~67125~2023-03-12 00:14:26.130659
Vino blanco D.O Valencia Finca La Malcriada dulce~Botella~750 ml~| 3,467 €/L~2.6~/ud.~Bodega >~Vino blanco~https://tienda.mercadona.es/product/67123/vino-blanco-do-valencia-finca-malcriada-dulce-botella~67123~2023-03-12 00:14:26.689781
Vino blanco Gewürztraminer Mar de Uvas~Botella~750 ml~| 6,20 €/L~4.65~/ud.~Bodega >~Vino blanco~https://tienda.mercadona.es/product/67018/vino-blanco-gewurztraminer-mar-uvas-botella~67018~2023-03-12 00:14:27.190338
Vino blanco D.O Somontano Atardecer Chardonnay~Botella~750 ml~| 4,667 €/L~3.5~/ud.~Bodega >~Vino blanco~https://tienda.mercadona.es/product/16819/vino-blanco-do-somontano-atardecer-chardonnay-botella~16819~2023-03-12 00:14:27.753021
Vino blanco verdejo D.O Rueda Arribeño~Botella~750 ml~| 3,00 €/L~2.25~/ud.~Bodega >~Vino blanco~https://tienda.mercadona.es/product/37229/vino-blanco-verdejo-do-rueda-arribeno-botella~37229~2023-03-12 00:14:28.286879
Vino blanco verdejo D.O Rueda Abadía Mantrús~Botella~750 ml~| 3,00 €/L~2.25~/ud.~Bodega >~Vino blanco~https://tienda.mercadona.es/product/66369/vino-blanco-verdejo-do-rueda-abadia-mantrus-botella~66369~2023-03-12 00:14:28.828871
Vino blanco D.O. Rueda Arribeño sauvignon blanc~Botella~750 ml~| 4,00 €/L~3.0~/ud.~Bodega >~Vino blanco~https://tienda.mercadona.es/product/37220/vino-blanco-do-rueda-arribeno-sauvignon-blanc-botella~37220~2023-03-12 00:14:29.358481
Vino blanco verdejo D.O Rueda Condado de Teón~Botella~750 ml~| 5,067 €/L~3.8~/ud.~Bodega >~Vino blanco~https://tienda.mercadona.es/product/23279/vino-blanco-verdejo-do-rueda-condado-teon-botella~23279~2023-03-12 00:14:29.871547
Vino blanco suave y afrutado El Pescaito~Botella~750 ml~| 2,934 €/L~2.2~/ud.~Bodega >~Vino blanco~https://tienda.mercadona.es/product/66495/vino-blanco-suave-afrutado-pescaito-botella~66495~2023-03-12 00:14:30.489071
Vino blanco semidulce Diamante D.O Rioja~Botella~750 ml~| 5,734 €/L~4.3~/ud.~Bodega >~Vino blanco~https://tienda.mercadona.es/product/66352/vino-blanco-semidulce-diamante-do-rioja-botella~66352~2023-03-12 00:14:31.023424
Vino blanco semidulce Bach D.O Catalunya~Botella~750 ml~| 6,067 €/L~4.55~/ud.~Bodega >~Vino blanco~https://tienda.mercadona.es/product/66531/vino-blanco-semidulce-bach-do-catalunya-botella~66531~2023-03-12 00:14:31.595136
Vino blanco semidulce Vinya del Mar Azul D.O Catalunya~Botella~750 ml~| 2,80 €/L~2.1~/ud.~Bodega >~Vino blanco~https://tienda.mercadona.es/product/66519/vino-blanco-semidulce-vinya-mar-azul-do-catalunya-botella~66519~2023-03-12 00:14:32.138245
Vino blanco D.O Valencia semidulce Allegretto Alba~Botella~750 ml~| 2,667 €/L~2.0~/ud.~Bodega >~Vino blanco~https://tienda.mercadona.es/product/67144/vino-blanco-do-valencia-semidulce-allegretto-alba-botella~67144~2023-03-12 00:14:32.695652
Vino dulce Pedro Ximénez Real Tesoro D.O Jerez de la frontera~Botella~750 ml~| 7,667 €/L~5.75~/ud.~Bodega >~Vino blanco~https://tienda.mercadona.es/product/66912/vino-dulce-pedro-ximenez-real-tesoro-do-jerez-frontera-botella~66912~2023-03-12 00:14:33.267292
Mistela de moscatel Mig Segle D.O Valencia~Botella~750 ml~| 4,80 €/L~3.6~/ud.~Bodega >~Vino blanco~https://tienda.mercadona.es/product/23287/mistela-moscatel-mig-segle-do-valencia-botella~23287~2023-03-12 00:14:33.819778
Bebida refrescante aromatizada sin alcohol light Yemavin~Botella~1 L~| 1,35 €/L~1.35~/ud.~Bodega >~Vino blanco~https://tienda.mercadona.es/product/39412/bebida-refrescante-aromatizada-sin-alcohol-light-yemavin-botella~39412~2023-03-12 00:14:34.363243
Mosto tinto Casón Histórico~Botella~1,5 L~| 1,334 €/L~2.0~/ud.~Bodega >~Vino blanco~https://tienda.mercadona.es/product/39896/mosto-tinto-cason-historico-botella~39896~2023-03-12 00:14:34.907654
Vino fino Corredera D.O Montilla-Moriles~Botella~750 ml~| 3,20 €/L~2.4~/ud.~Bodega >~Vino blanco~https://tienda.mercadona.es/product/66907/vino-fino-corredera-do-montilla-moriles-botella~66907~2023-03-12 00:14:35.488096
Manzanilla Finca las Hermanillas D.O Sanlúcar de Barrameda~Botella~750 ml~| 5,134 €/L~3.85~/ud.~Bodega >~Vino blanco~https://tienda.mercadona.es/product/22079/manzanilla-finca-hermanillas-do-sanlucar-barrameda-botella~22079~2023-03-12 00:14:36.013635
Lambrusco dell'Emilia rosado espumoso Piccolo Giovanni~Botella~750 ml~| 2,40 €/L~1.8~/ud.~Bodega >~Vino lambrusco y espumoso~https://tienda.mercadona.es/product/23328/lambrusco-dellemilia-rosado-espumoso-piccolo-giovanni-botella~23328~2023-03-12 00:15:38.598068
Vino tinto dulce de aguja Sangue di Giuda Cueva peccato~Botella~750 ml~| 5,40 €/L~4.05~/ud.~Bodega >~Vino lambrusco y espumoso~https://tienda.mercadona.es/product/66673/vino-tinto-dulce-aguja-sangue-di-giuda-cueva-peccato-botella~66673~2023-03-12 00:15:39.083611
Vino blanco espumoso verdejo DulZ.Ze frizzante~Botella~750 ml~| 3,534 €/L~2.65~/ud.~Bodega >~Vino lambrusco y espumoso~https://tienda.mercadona.es/product/66332/vino-blanco-espumoso-verdejo-dulzze-frizzante-botella~66332~2023-03-12 00:15:39.555600
Lambrusco Dell'Emilia rojo espumoso Piccolo Giovanni~Botella~750 ml~| 3,067 €/L~2.3~/ud.~Bodega >~Vino lambrusco y espumoso~https://tienda.mercadona.es/product/15870/lambrusco-dellemilia-rojo-espumoso-piccolo-giovanni-botella~15870~2023-03-12 00:15:40.000582
Vino blanco de aguja espumoso Blanc Pescador~Botella~750 ml~| 5,667 €/L~4.25~/ud.~Bodega >~Vino lambrusco y espumoso~https://tienda.mercadona.es/product/66505/vino-blanco-aguja-espumoso-blanc-pescador-botella~66505~2023-03-12 00:15:40.504525
Vino dulce Blue moscato V.Cristina espumoso~Botella~750 ml~| 2,534 €/L~1.9~/ud.~Bodega >~Vino lambrusco y espumoso~https://tienda.mercadona.es/product/66682/vino-dulce-blue-moscato-vcristina-espumoso-botella~66682~2023-03-12 00:15:40.951742
Vino rosado afrutado espumoso Peñascal~Botella~750 ml~| 4,867 €/L~3.65~/ud.~Bodega >~Vino lambrusco y espumoso~https://tienda.mercadona.es/product/37212/vino-rosado-afrutado-espumoso-penascal-botella~37212~2023-03-12 00:15:41.432402
Vino blanco dulce Moscato espumoso Cueva Peccato~Botella~750 ml~| 4,667 €/L~3.5~/ud.~Bodega >~Vino lambrusco y espumoso~https://tienda.mercadona.es/product/66675/vino-blanco-dulce-moscato-espumoso-cueva-peccato-botella~66675~2023-03-12 00:15:41.877524
Vino rosado Alicia en el país de las uvas suave y goloso~Botella~750 ml~| 2,934 €/L~2.2~/ud.~Bodega >~Vino rosado~https://tienda.mercadona.es/product/66580/vino-rosado-alicia-pais-uvas-suave-goloso-botella~66580~2023-03-12 00:16:46.308869
Vino rosado Casón Histórico~Brick~1 L~| 1,05 €/L~1.05~/ud.~Bodega >~Vino rosado~https://tienda.mercadona.es/product/66126/vino-rosado-cason-historico-brick~66126~2023-03-12 00:16:46.747752
Vino rosado D.O Navarra Hypatia~Botella~750 ml~| 2,80 €/L~2.1~/ud.~Bodega >~Vino rosado~https://tienda.mercadona.es/product/37002/vino-rosado-do-navarra-hypatia-botella~37002~2023-03-12 00:16:47.184187
Vino rosado D.O Rioja Comportillo cosecha~Botella~750 ml~| 3,20 €/L~2.4~/ud.~Bodega >~Vino rosado~https://tienda.mercadona.es/product/67115/vino-rosado-do-rioja-comportillo-cosecha-botella~67115~2023-03-12 00:16:47.583648
Vino rosado D.O La Mancha Fidencio~Botella~750 ml~| 1,934 €/L~1.45~/ud.~Bodega >~Vino rosado~https://tienda.mercadona.es/product/37153/vino-rosado-do-mancha-fidencio-botella~37153~2023-03-12 00:16:48.054008
Vino rosado Dominio de Borgia~Garrafa~5 L~| 1,13 €/L~5.65~/ud.~Bodega >~Vino rosado~https://tienda.mercadona.es/product/37806/vino-rosado-dominio-borgia-garrafa~37806~2023-03-12 00:16:48.476717
Vino rosado D.O Rioja Arteso Clarete~Botella~750 ml~| 4,334 €/L~3.25~/ud.~Bodega >~Vino rosado~https://tienda.mercadona.es/product/67119/vino-rosado-do-rioja-arteso-clarete-botella~67119~2023-03-12 00:16:48.919683
Vino rosado D.O Cigales ValdeSalud~Botella~750 ml~| 3,467 €/L~2.6~/ud.~Bodega >~Vino rosado~https://tienda.mercadona.es/product/66427/vino-rosado-do-cigales-valdesalud-botella~66427~2023-03-12 00:16:49.323085
Vino tinto Casón Histórico~Brick~1 L~| 1,15 €/L~1.15~/ud.~Bodega >~Vino tinto~https://tienda.mercadona.es/product/66211/vino-tinto-cason-historico-brick~66211~2023-03-12 00:37:35.907366
Vino tinto Don Simón~Brick~1 L~| 1,60 €/L~1.6~/ud.~Bodega >~Vino tinto~https://tienda.mercadona.es/product/66107/vino-tinto-don-simon-brick~66107~2023-03-12 00:37:36.541420
Vino tinto tempranillo Elegido~Botella~1 L~| 2,00 €/L~2.0~/ud.~Bodega >~Vino tinto~https://tienda.mercadona.es/product/66710/vino-tinto-tempranillo-elegido-botella~66710~2023-03-12 00:37:37.140916
Vino tinto Dominio de Borgia~Garrafa~5 L~| 1,05 €/L~5.25~/ud.~Bodega >~Vino tinto~https://tienda.mercadona.es/product/37805/vino-tinto-dominio-borgia-garrafa~37805~2023-03-12 00:37:37.736619
Vino tinto D.O Rioja El Coto crianza~Botella~750 ml~| 8,40 €/L~6.3~/ud.~Bodega >~Vino tinto~https://tienda.mercadona.es/product/66320/vino-tinto-do-rioja-coto-crianza-botella~66320~2023-03-12 00:37:38.341003
Vino tinto D.O Rioja Comportillo cosecha~Botella~750 ml~| 3,067 €/L~2.3~/ud.~Bodega >~Vino tinto~https://tienda.mercadona.es/product/67112/vino-tinto-do-rioja-comportillo-cosecha-botella~67112~2023-03-12 00:37:38.968581
Vino tinto D.O Rioja Cune crianza~Botella~750 ml~| 9,267 €/L~6.95~/ud.~Bodega >~Vino tinto~https://tienda.mercadona.es/product/66314/vino-tinto-do-rioja-cune-crianza-botella~66314~2023-03-12 00:37:39.569753
Vino tinto D.O Rioja Comportillo crianza~Botella~750 ml~| 4,267 €/L~3.2~/ud.~Bodega >~Vino tinto~https://tienda.mercadona.es/product/67113/vino-tinto-do-rioja-comportillo-crianza-botella~67113~2023-03-12 00:37:40.169482
Vino tinto D.O Rioja Comportillo reserva~Botella~750 ml~| 5,467 €/L~4.1~/ud.~Bodega >~Vino tinto~https://tienda.mercadona.es/product/66325/vino-tinto-do-rioja-comportillo-reserva-botella~66325~2023-03-12 00:37:40.792081
Vino tinto D.O Rioja Coto de Imaz reserva~Botella~750 ml~| 11,467 €/L~8.6~/ud.~Bodega >~Vino tinto~https://tienda.mercadona.es/product/66346/vino-tinto-do-rioja-coto-imaz-reserva-botella~66346~2023-03-12 00:37:41.401531
Vino tinto D.O Rioja Arteso crianza~Botella~750 ml~| 5,60 €/L~4.2~/ud.~Bodega >~Vino tinto~https://tienda.mercadona.es/product/67117/vino-tinto-do-rioja-arteso-crianza-botella~67117~2023-03-12 00:37:42.022914
Vino tinto Caperucita tinta Torre Oria suave tempranillo~Botella~750 ml~| 2,60 €/L~1.95~/ud.~Bodega >~Vino tinto~https://tienda.mercadona.es/product/66349/vino-tinto-caperucita-tinta-torre-oria-suave-tempranillo-botella~66349~2023-03-12 00:37:42.644114
Vino tinto D.O Catalunya Vinya del Mar Azul~Botella~750 ml~| 2,80 €/L~2.1~/ud.~Bodega >~Vino tinto~https://tienda.mercadona.es/product/66524/vino-tinto-do-catalunya-vinya-mar-azul-botella~66524~2023-03-12 00:37:43.257475
Vino tinto D.O Catalunya Bodegas Torres Sangre de Toro~Botella~750 ml~| 7,067 €/L~5.3~/ud.~Bodega >~Vino tinto~https://tienda.mercadona.es/product/66510/vino-tinto-do-catalunya-bodegas-torres-sangre-toro-botella~66510~2023-03-12 00:37:43.871072
Vino tinto D.O Priorat Arc de Pedra~Botella~750 ml~| 10,40 €/L~7.8~/ud.~Bodega >~Vino tinto~https://tienda.mercadona.es/product/22108/vino-tinto-do-priorat-arc-pedra-botella~22108~2023-03-12 00:37:44.558263
Vino tinto D.O La Mancha Fidencio~Botella~750 ml~| 1,934 €/L~1.45~/ud.~Bodega >~Vino tinto~https://tienda.mercadona.es/product/37139/vino-tinto-do-mancha-fidencio-botella~37139~2023-03-12 00:37:45.174147
Vino tinto D.O Valdepeñas Viña Albali crianza~Botella~750 ml~| 4,20 €/L~3.15~/ud.~Bodega >~Vino tinto~https://tienda.mercadona.es/product/37134/vino-tinto-do-valdepenas-vina-albali-crianza-botella~37134~2023-03-12 00:37:45.800550
Vino tinto D.O Valdepeñas Pata Negra reserva~Botella~750 ml~| 3,667 €/L~2.75~/ud.~Bodega >~Vino tinto~https://tienda.mercadona.es/product/13875/vino-tinto-do-valdepenas-pata-negra-reserva-botella~13875~2023-03-12 00:37:46.401229
Vino tinto D.O Valdepeñas Viña Albali reserva~Botella~750 ml~| 5,267 €/L~3.95~/ud.~Bodega >~Vino tinto~https://tienda.mercadona.es/product/37114/vino-tinto-do-valdepenas-vina-albali-reserva-botella~37114~2023-03-12 00:37:47.089875
Vino tinto D.O Valdepeñas Señorío de los Llanos crianza~Botella~1 L~| 2,95 €/L~2.95~/ud.~Bodega >~Vino tinto~https://tienda.mercadona.es/product/37137/vino-tinto-do-valdepenas-senorio-llanos-crianza-botella~37137~2023-03-12 00:37:47.721793
Vino tinto D.O Valdepeñas Condado de Egara reserva tempranillo~Botella~750 ml~| 3,20 €/L~2.4~/ud.~Bodega >~Vino tinto~https://tienda.mercadona.es/product/37160/vino-tinto-do-valdepenas-condado-egara-reserva-tempranillo-botella~37160~2023-03-12 00:37:48.376146
Vino tinto D.O La Mancha Fidencio crianza~Botella~750 ml~| 2,20 €/L~1.65~/ud.~Bodega >~Vino tinto~https://tienda.mercadona.es/product/37164/vino-tinto-do-mancha-fidencio-crianza-botella~37164~2023-03-12 00:37:49.019987
Vino tinto D.O Ribera del Duero Abadía Mantrús crianza~Botella~750 ml~| 6,134 €/L~4.6~/ud.~Bodega >~Vino tinto~https://tienda.mercadona.es/product/37276/vino-tinto-do-ribera-duero-abadia-mantrus-crianza-botella~37276~2023-03-12 00:37:49.634007
Vino tinto D.O Ribera del Duero Condado de Teón crianza~Botella~750 ml~| 7,20 €/L~5.4~/ud.~Bodega >~Vino tinto~https://tienda.mercadona.es/product/37281/vino-tinto-do-ribera-duero-condado-teon-crianza-botella~37281~2023-03-12 00:37:50.254533
Vino tinto D.O Ribera del Duero Abadía Mantrús reserva~Botella~750 ml~| 8,00 €/L~6.0~/ud.~Bodega >~Vino tinto~https://tienda.mercadona.es/product/37277/vino-tinto-do-ribera-duero-abadia-mantrus-reserva-botella~37277~2023-03-12 00:37:50.888001
Vino tinto D.O Ribera del Duero Arribeño roble~Botella~750 ml~| 5,067 €/L~3.8~/ud.~Bodega >~Vino tinto~https://tienda.mercadona.es/product/37262/vino-tinto-do-ribera-duero-arribeno-roble-botella~37262~2023-03-12 00:37:51.528422
Vino tinto D.O Ribera del Duero Arribeño roble~Benjamín~187 ml~| 10,696 €/L~2.0~/ud.~Bodega >~Vino tinto~https://tienda.mercadona.es/product/15526/vino-tinto-do-ribera-duero-arribeno-roble-benjamin~15526~2023-03-12 00:37:52.146063
Vino tinto D.O Ribera del Duero Deidad crianza~Botella~750 ml~| 13,20 €/L~9.9~/ud.~Bodega >~Vino tinto~https://tienda.mercadona.es/product/23119/vino-tinto-do-ribera-duero-deidad-crianza-botella~23119~2023-03-12 00:37:52.769739
Vino tinto D.O Campo de Borja Borsao barrica~Botella~750 ml~| 3,00 €/L~2.25~/ud.~Bodega >~Vino tinto~https://tienda.mercadona.es/product/67024/vino-tinto-do-campo-borja-borsao-barrica-botella~67024~2023-03-12 00:37:53.393896
Vino tinto dulce de aguja Sangue di Giuda Cueva peccato~Botella~750 ml~| 5,40 €/L~4.05~/ud.~Bodega >~Vino lambrusco y espumoso~https://tienda.mercadona.es/product/66673/vino-tinto-dulce-aguja-sangue-di-giuda-cueva-peccato-botella~66673~2023-03-12 00:37:54.032583
Vino tinto tempranillo El Mandamás The Guv'Nor~Botella~750 ml~| 3,80 €/L~2.85~/ud.~Bodega >~Vino tinto~https://tienda.mercadona.es/product/37156/vino-tinto-tempranillo-mandamas-the-guvnor-botella~37156~2023-03-12 00:37:54.656618
Vino tinto tempranillo Fin del Río Fariña~Botella~1 L~| 2,20 €/L~2.2~/ud.~Bodega >~Vino tinto~https://tienda.mercadona.es/product/37201/vino-tinto-tempranillo-fin-rio-farina-botella~37201~2023-03-12 00:37:55.281428
Vino tinto D.O Toro Conquero roble~Botella~750 ml~| 3,867 €/L~2.9~/ud.~Bodega >~Vino tinto~https://tienda.mercadona.es/product/37259/vino-tinto-do-toro-conquero-roble-botella~37259~2023-03-12 00:37:55.918096
Vino tinto sin sulfitos añadidos Davida D.O. Navarra vegano~Botella~750 ml~| 5,20 €/L~3.9~/ud.~Bodega >~Vino tinto~https://tienda.mercadona.es/product/37005/vino-tinto-sin-sulfitos-anadidos-davida-do-navarra-vegano-botella~37005~2023-03-12 00:37:56.548512
Vino tinto D.O Costers del Segre Raimat Abadía tempranillo~Botella~750 ml~| 9,934 €/L~7.45~/ud.~Bodega >~Vino tinto~https://tienda.mercadona.es/product/66540/vino-tinto-do-costers-segre-raimat-abadia-tempranillo-botella~66540~2023-03-12 00:37:57.179599
Vino tinto D.O Montsant Racó del Convent~Botella~750 ml~| 5,334 €/L~4.0~/ud.~Bodega >~Vino tinto~https://tienda.mercadona.es/product/67936/vino-tinto-do-montsant-raco-convent-botella~67936~2023-03-12 00:37:57.800305
Vino tinto Porto Tawny Almeida Dias~Botella~750 ml~| 8,00 €/L~6.0~/ud.~Bodega >~Vino tinto~https://tienda.mercadona.es/product/67901/vino-tinto-porto-tawny-almeida-dias-botella~67901~2023-03-12 00:37:58.434987
Vino tinto D.O Navarra Embrujada roble~Botella~750 ml~| 2,934 €/L~2.2~/ud.~Bodega >~Vino tinto~https://tienda.mercadona.es/product/37012/vino-tinto-do-navarra-embrujada-roble-botella~37012~2023-03-12 00:37:59.081567
Vino tinto Merlot Mar de Uvas~Botella~750 ml~| 3,20 €/L~2.4~/ud.~Bodega >~Vino tinto~https://tienda.mercadona.es/product/23677/vino-tinto-merlot-mar-uvas-botella~23677~2023-03-12 00:37:59.727931
Vino tinto Syrah Mar de Uvas~Botella~750 ml~| 3,134 €/L~2.35~/ud.~Bodega >~Vino tinto~https://tienda.mercadona.es/product/23676/vino-tinto-syrah-mar-uvas-botella~23676~2023-03-12 00:38:00.473024
Vino tinto D.O Toro Arribeño joven~Botella~750 ml~| 2,934 €/L~2.2~/ud.~Bodega >~Vino tinto~https://tienda.mercadona.es/product/37263/vino-tinto-do-toro-arribeno-joven-botella~37263~2023-03-12 00:38:01.112403
Vino tinto D.O Cariñena Sierra de Viento roble~Botella~750 ml~| 2,134 €/L~1.6~/ud.~Bodega >~Vino tinto~https://tienda.mercadona.es/product/67507/vino-tinto-do-carinena-sierra-viento-roble-botella~67507~2023-03-12 00:38:01.758468
Vino tinto D.O Somontano Llanto de uva reserva~Botella~750 ml~| 6,067 €/L~4.55~/ud.~Bodega >~Vino tinto~https://tienda.mercadona.es/product/13866/vino-tinto-do-somontano-llanto-uva-reserva-botella~13866~2023-03-12 00:38:02.509546
Vino tinto monastrell Hacienda Antica criado en tinaja~Botella~750 ml~| 5,20 €/L~3.9~/ud.~Bodega >~Vino tinto~https://tienda.mercadona.es/product/86833/vino-tinto-monastrell-hacienda-antica-criado-tinaja-botella~86833~2023-03-12 00:38:03.168813
Vino tinto D.O Campo de Borja Borsao Tres Lagunas~Botella~750 ml~| 7,60 €/L~5.7~/ud.~Bodega >~Vino tinto~https://tienda.mercadona.es/product/80470/vino-tinto-do-campo-borja-borsao-tres-lagunas-botella~80470~2023-03-12 00:38:03.749530
Cacao soluble instantáneo Nesquik~Paquete~1 kg~| 5,99 €/kg~5.99~/ud.~Cacao, café e infusiones >~Cacao soluble y chocolate a la taza~https://tienda.mercadona.es/product/13204/cacao-soluble-instantaneo-nesquik-paquete~13204~2023-03-12 00:38:45.768073
Cacao soluble instantáneo Nesquik~Bote~390 g~| 7,667 €/kg~2.99~/ud.~Cacao, café e infusiones >~Cacao soluble y chocolate a la taza~https://tienda.mercadona.es/product/13216/cacao-soluble-instantaneo-nesquik-bote~13216~2023-03-12 00:38:46.418319
Cacao soluble 0% azúcares añadidos ColaCao~Bote~325 g~| 12,277 €/kg~3.99~/ud.~Cacao, café e infusiones >~Cacao soluble y chocolate a la taza~https://tienda.mercadona.es/product/13006/cacao-soluble-0-azucares-anadidos-colacao-bote~13006~2023-03-12 00:38:46.919447
Cacao soluble ColaCao original~Bote~760 g~| 7,882 €/kg~5.99~/ud.~Cacao, café e infusiones >~Cacao soluble y chocolate a la taza~https://tienda.mercadona.es/product/13021/cacao-soluble-colacao-original-bote~13021~2023-03-12 00:38:47.459512
Cacao soluble ColaCao original~Bote~383 g~| 9,113 €/kg~3.49~/ud.~Cacao, café e infusiones >~Cacao soluble y chocolate a la taza~https://tienda.mercadona.es/product/13019/cacao-soluble-colacao-original-bote~13019~2023-03-12 00:38:47.981589
Cacao soluble instantáneo Hacendado~Paquete~1 kg~| 3,70 €/kg~3.7~/ud.~Cacao, café e infusiones >~Cacao soluble y chocolate a la taza~https://tienda.mercadona.es/product/13213/cacao-soluble-instantaneo-hacendado-paquete~13213~2023-03-12 00:38:48.673383
Cacao soluble Hacendado~Bote~850 g~| 3,53 €/kg~3.0~/ud.~Cacao, café e infusiones >~Cacao soluble y chocolate a la taza~https://tienda.mercadona.es/product/12584/cacao-soluble-hacendado-bote~12584~2023-03-12 00:38:49.145605
Cacao soluble Hacendado~Bote~480 g~| 5,00 €/kg~2.4~/ud.~Cacao, café e infusiones >~Cacao soluble y chocolate a la taza~https://tienda.mercadona.es/product/12519/cacao-soluble-hacendado-bote~12519~2023-03-12 00:38:49.668507
Cacao soluble ColaCao original~Caja~2,5 kg~| 6,196 €/kg~15.49~/ud.~Cacao, café e infusiones >~Cacao soluble y chocolate a la taza~https://tienda.mercadona.es/product/86469/cacao-soluble-colacao-original-caja~86469~2023-03-12 00:38:50.205843
Cacao soluble 0% azúcares añadidos Hacendado~Bote~450 g~| 7,334 €/kg~3.3~/ud.~Cacao, café e infusiones >~Cacao soluble y chocolate a la taza~https://tienda.mercadona.es/product/22849/cacao-soluble-0-azucares-anadidos-hacendado-bote~22849~2023-03-12 00:38:50.785541
Cacao soluble instantáneo Nesquik~Caja~2,7 kg~| 4,982 €/kg~13.45~/ud.~Cacao, café e infusiones >~Cacao soluble y chocolate a la taza~https://tienda.mercadona.es/product/67739/cacao-soluble-instantaneo-nesquik-caja~67739~2023-03-12 00:38:51.350406
Cacao soluble instantáneo Hacendado~Bote~500 g~| 4,90 €/kg~2.45~/ud.~Cacao, café e infusiones >~Cacao soluble y chocolate a la taza~https://tienda.mercadona.es/product/13212/cacao-soluble-instantaneo-hacendado-bote~13212~2023-03-12 00:38:51.923140
Cacao soluble en sobres Hacendado~Caja~6 sobres (108 g)~| 11,112 €/kg~1.2~/ud.~Cacao, café e infusiones >~Cacao soluble y chocolate a la taza~https://tienda.mercadona.es/product/23231/cacao-soluble-sobres-hacendado-caja~23231~2023-03-12 00:38:52.503558
Cacao puro en polvo La Chocolatera 0% azúcares añadidos~Bote~265 g~| 10,755 €/kg~2.85~/ud.~Cacao, café e infusiones >~Cacao soluble y chocolate a la taza~https://tienda.mercadona.es/product/22580/cacao-puro-polvo-chocolatera-0-azucares-anadidos-bote~22580~2023-03-12 00:38:53.093583
Cacao en polvo a la taza Valor~Paquete~500 g~| 5,70 €/kg~2.85~/ud.~Cacao, café e infusiones >~Cacao soluble y chocolate a la taza~https://tienda.mercadona.es/product/12017/cacao-polvo-taza-valor-paquete~12017~2023-03-12 00:38:53.717060
Chocolate líquido a la taza Hacendado~Brick~1 L~| 1,90 €/L~1.9~/ud.~Cacao, café e infusiones >~Cacao soluble y chocolate a la taza~https://tienda.mercadona.es/product/10005/chocolate-liquido-taza-hacendado-brick~10005~2023-03-12 00:38:54.260819
Cacao en polvo a la taza Hacendado~Paquete~400 g~| 4,25 €/kg~1.7~/ud.~Cacao, café e infusiones >~Cacao soluble y chocolate a la taza~https://tienda.mercadona.es/product/12585/cacao-polvo-taza-hacendado-paquete~12585~2023-03-12 00:38:54.880656
Café en cápsula extra fuerte Hacendado compatibles máquinas Nespresso~Caja~20 cápsulas (104 g)~| 34,616 €/kg~3.6~/ud.~Cacao, café e infusiones >~Café cápsula y monodosis~https://tienda.mercadona.es/product/10350/cafe-capsula-extra-fuerte-hacendado-compatibles-maquinas-nespresso-caja~10350~2023-03-12 00:39:35.321992
Café en cápsula descafeinado Hacendado compatibles máquinas Nespresso~Caja~20 cápsulas (104 g)~| 34,616 €/kg~3.6~/ud.~Cacao, café e infusiones >~Café cápsula y monodosis~https://tienda.mercadona.es/product/10355/cafe-capsula-descafeinado-hacendado-compatibles-maquinas-nespresso-caja~10355~2023-03-12 00:39:35.916900
Café en cápsula Colombia Hacendado compatibles máquinas Nespresso~Caja~20 cápsulas (104 g)~| 35,097 €/kg~3.65~/ud.~Cacao, café e infusiones >~Café cápsula y monodosis~https://tienda.mercadona.es/product/10354/cafe-capsula-colombia-hacendado-compatibles-maquinas-nespresso-caja~10354~2023-03-12 00:39:36.467845
Café en cápsula espresso Hacendado compatibles máquinas Nespresso~Caja~20 cápsulas (104 g)~| 34,616 €/kg~3.6~/ud.~Cacao, café e infusiones >~Café cápsula y monodosis~https://tienda.mercadona.es/product/10352/cafe-capsula-espresso-hacendado-compatibles-maquinas-nespresso-caja~10352~2023-03-12 00:39:37.079119
Café en cápsula ristretto Hacendado compatibles máquinas Nespresso~Caja~20 cápsulas (106 g)~| 33,963 €/kg~3.6~/ud.~Cacao, café e infusiones >~Café cápsula y monodosis~https://tienda.mercadona.es/product/10351/cafe-capsula-ristretto-hacendado-compatibles-maquinas-nespresso-caja~10351~2023-03-12 00:39:37.654197
Café en cápsula doble espresso Hacendado compatibles máquinas Nespresso~Caja~20 cápsulas (110 g)~| 32,728 €/kg~3.6~/ud.~Cacao, café e infusiones >~Café cápsula y monodosis~https://tienda.mercadona.es/product/10353/cafe-capsula-doble-espresso-hacendado-compatibles-maquinas-nespresso-caja~10353~2023-03-12 00:39:38.264253
Café en cápsula descafeinado espresso Hacendado compatibles máquinas Nespresso~Caja~20 cápsulas (104 g)~| 34,616 €/kg~3.6~/ud.~Cacao, café e infusiones >~Café cápsula y monodosis~https://tienda.mercadona.es/product/13596/cafe-capsula-descafeinado-espresso-hacendado-compatibles-maquinas-nespresso-caja~13596~2023-03-12 00:39:38.873563
Café en cápsula espresso intenso Dolce Gusto compatibles máquinas Dolce gusto~Caja~16 cápsulas (112 g)~| 43,661 €/kg~4.89~/ud.~Cacao, café e infusiones >~Café cápsula y monodosis~https://tienda.mercadona.es/product/11931/cafe-capsula-espresso-intenso-dolce-gusto-compatibles-maquinas-dolce-gusto-caja~11931~2023-03-12 00:39:39.503813
Café en cápsula extra forte Hacendado compatibles máquinas Dolce gusto~Caja~16 cápsulas (112 g)~| 29,018 €/kg~3.25~/ud.~Cacao, café e infusiones >~Café cápsula y monodosis~https://tienda.mercadona.es/product/13636/cafe-capsula-extra-forte-hacendado-compatibles-maquinas-dolce-gusto-caja~13636~2023-03-12 00:39:40.219041
Café en cápsula forte Hacendado compatibles máquinas Dolce gusto~Caja~16 cápsulas (112 g)~| 29,018 €/kg~3.25~/ud.~Cacao, café e infusiones >~Café cápsula y monodosis~https://tienda.mercadona.es/product/13635/cafe-capsula-forte-hacendado-compatibles-maquinas-dolce-gusto-caja~13635~2023-03-12 00:39:40.815670
Café en cápsula classic Hacendado compatibles máquinas Dolce gusto~Caja~16 cápsulas (112 g)~| 29,018 €/kg~3.25~/ud.~Cacao, café e infusiones >~Café cápsula y monodosis~https://tienda.mercadona.es/product/13634/cafe-capsula-classic-hacendado-compatibles-maquinas-dolce-gusto-caja~13634~2023-03-12 00:39:41.403122
Café en cápsula descafeinado espresso intenso Dolce Gusto compatibles máquinas Dolce gusto~Caja~16 cápsulas (112 g)~| 43,661 €/kg~4.89~/ud.~Cacao, café e infusiones >~Café cápsula y monodosis~https://tienda.mercadona.es/product/11869/cafe-capsula-descafeinado-espresso-intenso-dolce-gusto-compatibles-maquinas-dolce-gusto-caja~11869~2023-03-12 00:39:41.977033
Café con leche en cápsula Dolce Gusto compatibles máquinas Dolce gusto~Caja~16 cápsulas (160 g)~| 30,563 €/kg~4.89~/ud.~Cacao, café e infusiones >~Café cápsula y monodosis~https://tienda.mercadona.es/product/11801/cafe-con-leche-capsula-dolce-gusto-compatibles-maquinas-dolce-gusto-caja~11801~2023-03-12 00:39:42.558729
Café con leche en cápsula Hacendado compatibles máquinas Dolce gusto~Caja~16 cápsulas (152 g)~| 20,313 €/kg~3.25~/ud.~Cacao, café e infusiones >~Café cápsula y monodosis~https://tienda.mercadona.es/product/11062/cafe-con-leche-capsula-hacendado-compatibles-maquinas-dolce-gusto-caja~11062~2023-03-12 00:39:43.120253
Café en cápsula ristretto napoli Dolce Gusto compatibles máquinas Dolce gusto~Caja~16 cápsulas (128 g)~| 38,204 €/kg~4.89~/ud.~Cacao, café e infusiones >~Café cápsula y monodosis~https://tienda.mercadona.es/product/11918/cafe-capsula-ristretto-napoli-dolce-gusto-compatibles-maquinas-dolce-gusto-caja~11918~2023-03-12 00:39:43.671199
Café en cápsula cortado Dolce Gusto espresso macchiato compatibles máquinas Dolce gusto~Caja~16 cápsulas (100,8 g)~| 48,90 €/kg~4.89~/ud.~Cacao, café e infusiones >~Café cápsula y monodosis~https://tienda.mercadona.es/product/11785/cafe-capsula-cortado-dolce-gusto-espresso-macchiato-compatibles-maquinas-dolce-gusto-caja~11785~2023-03-12 00:39:44.287941
Café en cápsula descafeinado Hacendado compatibles máquinas Dolce gusto~Caja~16 cápsulas (112 g)~| 29,018 €/kg~3.25~/ud.~Cacao, café e infusiones >~Café cápsula y monodosis~https://tienda.mercadona.es/product/23293/cafe-capsula-descafeinado-hacendado-compatibles-maquinas-dolce-gusto-caja~23293~2023-03-12 00:39:44.862384
Café cortado en cápsula Hacendado compatibles máquinas Dolce gusto~Caja~16 cápsulas (92,8 g)~| 32,243 €/kg~3.25~/ud.~Cacao, café e infusiones >~Café cápsula y monodosis~https://tienda.mercadona.es/product/11065/cafe-cortado-capsula-hacendado-compatibles-maquinas-dolce-gusto-caja~11065~2023-03-12 00:39:45.439473
Café en cápsula cappuccino Dolce Gusto compatibles máquinas Dolce gusto~Caja~16 cápsulas (186,4 g)~| 26,291 €/kg~4.89~/ud.~Cacao, café e infusiones >~Café cápsula y monodosis~https://tienda.mercadona.es/product/11899/cafe-capsula-cappuccino-dolce-gusto-compatibles-maquinas-dolce-gusto-caja~11899~2023-03-12 00:39:46.039706
Café con leche en cápsula descafeinado Hacendado compatibles máquinas Dolce gusto~Caja~16 cápsulas (152 g)~| 21,382 €/kg~3.25~/ud.~Cacao, café e infusiones >~Café cápsula y monodosis~https://tienda.mercadona.es/product/23405/cafe-con-leche-capsula-descafeinado-hacendado-compatibles-maquinas-dolce-gusto-caja~23405~2023-03-12 00:39:46.606958
Cortado en cápsula descafeinado Hacendado compatibles máquinas Dolce gusto~Caja~16 cápsulas (91,2 g)~| 35,636 €/kg~3.25~/ud.~Cacao, café e infusiones >~Café cápsula y monodosis~https://tienda.mercadona.es/product/23404/cortado-capsula-descafeinado-hacendado-compatibles-maquinas-dolce-gusto-caja~23404~2023-03-12 00:39:47.221459
Preparado de leche en cápsula Hacendado compatibles máquinas Dolce gusto~Caja~16 cápsulas (259 g)~| 11,949 €/kg~3.25~/ud.~Cacao, café e infusiones >~Café cápsula y monodosis~https://tienda.mercadona.es/product/11067/preparado-leche-capsula-hacendado-compatibles-maquinas-dolce-gusto-caja~11067~2023-03-12 00:39:47.838890
Café en cápsula doble espresso Hacendado compatibles máquinas Dolce gusto~Caja~16 cápsulas (128 g)~| 25,391 €/kg~3.25~/ud.~Cacao, café e infusiones >~Café cápsula y monodosis~https://tienda.mercadona.es/product/22801/cafe-capsula-doble-espresso-hacendado-compatibles-maquinas-dolce-gusto-caja~22801~2023-03-12 00:39:48.562163
Café en cápsula espresso Tassimo compatibles máquinas Tassimo~Paquete~16 cápsulas (118,4 g)~| 44,764 €/kg~5.3~/ud.~Cacao, café e infusiones >~Café cápsula y monodosis~https://tienda.mercadona.es/product/11873/cafe-capsula-espresso-tassimo-compatibles-maquinas-tassimo-paquete~11873~2023-03-12 00:39:49.155422
Café en cápsula largo Tassimo compatibles máquinas Tassimo~Paquete~16 cápsulas (132,8 g)~| 39,91 €/kg~5.3~/ud.~Cacao, café e infusiones >~Café cápsula y monodosis~https://tienda.mercadona.es/product/11872/cafe-capsula-largo-tassimo-compatibles-maquinas-tassimo-paquete~11872~2023-03-12 00:39:49.771112
Café en cápsula cortado Tassimo compatibles máquinas Tassimo~Paquete~16 cápsulas (184 g)~| 28,805 €/kg~5.3~/ud.~Cacao, café e infusiones >~Café cápsula y monodosis~https://tienda.mercadona.es/product/11875/cafe-capsula-cortado-tassimo-compatibles-maquinas-tassimo-paquete~11875~2023-03-12 00:39:50.384291
Café en cápsula descafeinado Tassimo compatibles máquinas Tassimo~Paquete~16 cápsulas (118,4 g)~| 44,764 €/kg~5.3~/ud.~Cacao, café e infusiones >~Café cápsula y monodosis~https://tienda.mercadona.es/product/11874/cafe-capsula-descafeinado-tassimo-compatibles-maquinas-tassimo-paquete~11874~2023-03-12 00:39:50.972587
Café con leche en cápsula Tassimo compatibles máquinas Tassimo~Paquete~16 cápsulas (184 g)~| 28,805 €/kg~5.3~/ud.~Cacao, café e infusiones >~Café cápsula y monodosis~https://tienda.mercadona.es/product/11871/cafe-con-leche-capsula-tassimo-compatibles-maquinas-tassimo-paquete~11871~2023-03-12 00:39:51.577426
Café monodosis natural Hacendado compatibles sistema Senseo~Paquete~32 dosis (224 g)~| 9,599 €/kg~2.15~/ud.~Cacao, café e infusiones >~Café cápsula y monodosis~https://tienda.mercadona.es/product/11770/cafe-monodosis-natural-hacendado-compatibles-sistema-senseo-paquete~11770~2023-03-12 00:39:52.233622
Café monodosis mezcla Hacendado 50% natural / 50% torrefacto compatibles sistema Senseo~Paquete~32 dosis (224 g)~| 11,608 €/kg~2.6~/ud.~Cacao, café e infusiones >~Café cápsula y monodosis~https://tienda.mercadona.es/product/11730/cafe-monodosis-mezcla-hacendado-50-natural-50-torrefacto-compatibles-sistema-senseo-paquete~11730~2023-03-12 00:39:52.861173
Café monodosis intenso Hacendado compatibles sistema Senseo~Paquete~32 dosis (224 g)~| 12,947 €/kg~2.9~/ud.~Cacao, café e infusiones >~Café cápsula y monodosis~https://tienda.mercadona.es/product/11732/cafe-monodosis-intenso-hacendado-compatibles-sistema-senseo-paquete~11732~2023-03-12 00:39:53.441989
Café monodosis descafeinado natural Hacendado compatibles sistema Senseo~Paquete~32 dosis (224 g)~| 10,268 €/kg~2.3~/ud.~Cacao, café e infusiones >~Café cápsula y monodosis~https://tienda.mercadona.es/product/11777/cafe-monodosis-descafeinado-natural-hacendado-compatibles-sistema-senseo-paquete~11777~2023-03-12 00:39:54.049808
Café molido natural Hacendado~Paquete~500 g~| 6,40 €/kg~3.2~/ud.~Cacao, café e infusiones >~Café molido y en grano~https://tienda.mercadona.es/product/11178/cafe-molido-natural-hacendado-paquete~11178~2023-03-12 00:40:42.005569
Café molido natural Hacendado~Paquete~250 g~| 7,00 €/kg~1.75~/ud.~Cacao, café e infusiones >~Café molido y en grano~https://tienda.mercadona.es/product/11172/cafe-molido-natural-hacendado-paquete~11172~2023-03-12 00:40:42.607765
Café molido mezcla fuerte Hacendado~Paquete~500 g~| 5,80 €/kg~2.9~/ud.~Cacao, café e infusiones >~Café molido y en grano~https://tienda.mercadona.es/product/15922/cafe-molido-mezcla-fuerte-hacendado-paquete~15922~2023-03-12 00:40:43.099281
Café molido mezcla fuerte Hacendado~Paquete~250 g~| 6,40 €/kg~1.6~/ud.~Cacao, café e infusiones >~Café molido y en grano~https://tienda.mercadona.es/product/15923/cafe-molido-mezcla-fuerte-hacendado-paquete~15923~2023-03-12 00:40:43.618268
Café molido natural fuerte Hacendado~Paquete~500 g~| 5,60 €/kg~2.8~/ud.~Cacao, café e infusiones >~Café molido y en grano~https://tienda.mercadona.es/product/13700/cafe-molido-natural-fuerte-hacendado-paquete~13700~2023-03-12 00:40:44.143973
Café molido natural fuerte Hacendado~Paquete~250 g~| 6,00 €/kg~1.5~/ud.~Cacao, café e infusiones >~Café molido y en grano~https://tienda.mercadona.es/product/11171/cafe-molido-natural-fuerte-hacendado-paquete~11171~2023-03-12 00:40:44.688411
Café molido descafeinado natural Hacendado~Paquete~500 g~| 6,30 €/kg~3.15~/ud.~Cacao, café e infusiones >~Café molido y en grano~https://tienda.mercadona.es/product/13593/cafe-molido-descafeinado-natural-hacendado-paquete~13593~2023-03-12 00:40:45.223430
Café molido descafeinado natural Hacendado~Paquete~250 g~| 6,60 €/kg~1.65~/ud.~Cacao, café e infusiones >~Café molido y en grano~https://tienda.mercadona.es/product/13592/cafe-molido-descafeinado-natural-hacendado-paquete~13592~2023-03-12 00:40:45.754003
Café molido descafeinado mezcla Hacendado~Paquete~500 g~| 6,30 €/kg~3.15~/ud.~Cacao, café e infusiones >~Café molido y en grano~https://tienda.mercadona.es/product/11719/cafe-molido-descafeinado-mezcla-hacendado-paquete~11719~2023-03-12 00:40:46.275576
Café molido descafeinado mezcla Hacendado~Paquete~250 g~| 6,60 €/kg~1.65~/ud.~Cacao, café e infusiones >~Café molido y en grano~https://tienda.mercadona.es/product/11711/cafe-molido-descafeinado-mezcla-hacendado-paquete~11711~2023-03-12 00:40:46.845539
Café molido natural Hacendado Espresso~Paquete~250 g~| 7,80 €/kg~1.95~/ud.~Cacao, café e infusiones >~Café molido y en grano~https://tienda.mercadona.es/product/11714/cafe-molido-natural-hacendado-espresso-paquete~11714~2023-03-12 00:40:47.480005
Café molido mezcla Hacendado Espresso 80% natural / 20% torrefacto~Paquete~250 g~| 7,80 €/kg~1.95~/ud.~Cacao, café e infusiones >~Café molido y en grano~https://tienda.mercadona.es/product/11752/cafe-molido-mezcla-hacendado-espresso-80-natural-20-torrefacto-paquete~11752~2023-03-12 00:40:48.041200
Café molido Colombia Hacendado~Paquete~250 g~| 12,20 €/kg~3.05~/ud.~Cacao, café e infusiones >~Café molido y en grano~https://tienda.mercadona.es/product/11715/cafe-molido-colombia-hacendado-paquete~11715~2023-03-12 00:40:48.584659
Café molido descafeinado Hacendado Espresso~Paquete~250 g~| 10,20 €/kg~2.55~/ud.~Cacao, café e infusiones >~Café molido y en grano~https://tienda.mercadona.es/product/11744/cafe-molido-descafeinado-hacendado-espresso-paquete~11744~2023-03-12 00:40:49.111179
Café molido natural Marcilla gran aroma~Caja~250 g~| 12,80 €/kg~3.2~/ud.~Cacao, café e infusiones >~Café molido y en grano~https://tienda.mercadona.es/product/11848/cafe-molido-natural-marcilla-gran-aroma-caja~11848~2023-03-12 00:40:49.623753
Café molido mezcla Marcilla crème express~Caja~250 g~| 16,00 €/kg~4.0~/ud.~Cacao, café e infusiones >~Café molido y en grano~https://tienda.mercadona.es/product/11845/cafe-molido-mezcla-marcilla-creme-express-caja~11845~2023-03-12 00:40:50.218273
Café molido mezcla Marcilla gran aroma~Caja~250 g~| 12,80 €/kg~3.2~/ud.~Cacao, café e infusiones >~Café molido y en grano~https://tienda.mercadona.es/product/11847/cafe-molido-mezcla-marcilla-gran-aroma-caja~11847~2023-03-12 00:40:50.740831
Café en grano natural Hacendado~Paquete~1 kg~| 7,40 €/kg~7.4~/ud.~Cacao, café e infusiones >~Café molido y en grano~https://tienda.mercadona.es/product/13594/cafe-grano-natural-hacendado-paquete~13594~2023-03-12 00:40:51.261830
Café en grano mezcla fuerte Hacendado~Paquete~1 kg~| 6,95 €/kg~6.95~/ud.~Cacao, café e infusiones >~Café molido y en grano~https://tienda.mercadona.es/product/11007/cafe-grano-mezcla-fuerte-hacendado-paquete~11007~2023-03-12 00:40:51.845544
Café en grano descafeinado natural Hacendado~Paquete~500 g~| 8,40 €/kg~4.2~/ud.~Cacao, café e infusiones >~Café molido y en grano~https://tienda.mercadona.es/product/11021/cafe-grano-descafeinado-natural-hacendado-paquete~11021~2023-03-12 00:40:52.417039
Café en grano extra fuerte Hacendado~Paquete~1 kg~| 6,95 €/kg~6.95~/ud.~Cacao, café e infusiones >~Café molido y en grano~https://tienda.mercadona.es/product/11077/cafe-grano-extra-fuerte-hacendado-paquete~11077~2023-03-12 00:40:52.995323
Café soluble Classic Hacendado~Bote~200 g~| 12,50 €/kg~2.5~/ud.~Cacao, café e infusiones >~Café soluble y otras bebidas~https://tienda.mercadona.es/product/22163/cafe-soluble-classic-hacendado-bote~22163~2023-03-12 00:41:58.530148
Café soluble Classic Hacendado~Bote~100 g~| 18,00 €/kg~1.8~/ud.~Cacao, café e infusiones >~Café soluble y otras bebidas~https://tienda.mercadona.es/product/22718/cafe-soluble-classic-hacendado-bote~22718~2023-03-12 00:41:59.216911
Café soluble clásico Hacendado en sobres~Caja~10 sobres (20 g)~| 4,75 €/100 g~0.95~/ud.~Cacao, café e infusiones >~Café soluble y otras bebidas~https://tienda.mercadona.es/product/11049/cafe-soluble-clasico-hacendado-sobres-caja~11049~2023-03-12 00:41:59.809474
Café soluble natural Nescafé classic~Tarro~200 g~| 33,25 €/kg~6.65~/ud.~Cacao, café e infusiones >~Café soluble y otras bebidas~https://tienda.mercadona.es/product/11136/cafe-soluble-natural-nescafe-classic-tarro~11136~2023-03-12 00:42:00.403915
Café soluble natural Nescafé classic~Tarro~100 g~| 43,00 €/kg~4.3~/ud.~Cacao, café e infusiones >~Café soluble y otras bebidas~https://tienda.mercadona.es/product/11111/cafe-soluble-natural-nescafe-classic-tarro~11111~2023-03-12 00:42:01.012040
Café soluble descafeinado Hacendado~Bote~200 g~| 15,00 €/kg~3.0~/ud.~Cacao, café e infusiones >~Café soluble y otras bebidas~https://tienda.mercadona.es/product/22164/cafe-soluble-descafeinado-hacendado-bote~22164~2023-03-12 00:42:01.560187
Café soluble descafeinado Hacendado~Bote~100 g~| 18,50 €/kg~1.85~/ud.~Cacao, café e infusiones >~Café soluble y otras bebidas~https://tienda.mercadona.es/product/22719/cafe-soluble-descafeinado-hacendado-bote~22719~2023-03-12 00:42:02.157065
Café soluble en sobres descafeinado Hacendado~Caja~10 sobres (20 g)~| 5,25 €/100 g~1.05~/ud.~Cacao, café e infusiones >~Café soluble y otras bebidas~https://tienda.mercadona.es/product/11051/cafe-soluble-sobres-descafeinado-hacendado-caja~11051~2023-03-12 00:42:02.806381
Café soluble descafeinado Nescafé classic~Tarro~200 g~| 33,25 €/kg~6.65~/ud.~Cacao, café e infusiones >~Café soluble y otras bebidas~https://tienda.mercadona.es/product/11101/cafe-soluble-descafeinado-nescafe-classic-tarro~11101~2023-03-12 00:42:03.319891
Café soluble descafeinado Nescafé classic~Tarro~100 g~| 43,00 €/kg~4.3~/ud.~Cacao, café e infusiones >~Café soluble y otras bebidas~https://tienda.mercadona.es/product/11104/cafe-soluble-descafeinado-nescafe-classic-tarro~11104~2023-03-12 00:42:03.877283
Café soluble espresso Creme Hacendado~Bote~80 g~| 32,50 €/kg~2.6~/ud.~Cacao, café e infusiones >~Café soluble y otras bebidas~https://tienda.mercadona.es/product/11123/cafe-soluble-espresso-creme-hacendado-bote~11123~2023-03-12 00:42:04.414623
Café soluble cappuccino Hacendado~Bote~250 g~| 10,80 €/kg~2.7~/ud.~Cacao, café e infusiones >~Café soluble y otras bebidas~https://tienda.mercadona.es/product/23406/cafe-soluble-cappuccino-hacendado-bote~23406~2023-03-12 00:42:04.927547
Café soluble cappuccino caramelo Hacendado~Bote~250 g~| 11,80 €/kg~2.95~/ud.~Cacao, café e infusiones >~Café soluble y otras bebidas~https://tienda.mercadona.es/product/67660/cafe-soluble-cappuccino-caramelo-hacendado-bote~67660~2023-03-12 00:42:05.464379
Café soluble cappuccino vienés Hacendado con pepitas de chocolate~Bote~300 g~| 9,167 €/kg~2.75~/ud.~Cacao, café e infusiones >~Café soluble y otras bebidas~https://tienda.mercadona.es/product/11134/cafe-soluble-cappuccino-vienes-hacendado-con-pepitas-chocolate-bote~11134~2023-03-12 00:42:06.009084
Café soluble selección Hacendado~Bote~100 g~| 31,50 €/kg~3.15~/ud.~Cacao, café e infusiones >~Café soluble y otras bebidas~https://tienda.mercadona.es/product/11115/cafe-soluble-seleccion-hacendado-bote~11115~2023-03-12 00:42:06.544623
Café soluble cappuccino descafeinado Hacendado~Bote~250 g~| 12,80 €/kg~3.2~/ud.~Cacao, café e infusiones >~Café soluble y otras bebidas~https://tienda.mercadona.es/product/23407/cafe-soluble-cappuccino-descafeinado-hacendado-bote~23407~2023-03-12 00:42:07.141907
Café con leche cappuccino Hacendado~Vaso~250 ml~| 3,40 €/L~0.85~/ud.~Cacao, café e infusiones >~Café soluble y otras bebidas~https://tienda.mercadona.es/product/10666/cafe-con-leche-cappuccino-hacendado-vaso~10666~2023-03-12 00:42:07.665978
Café con leche light sin lactosa Hacendado~Vaso~250 ml~| 3,80 €/L~0.95~/ud.~Cacao, café e infusiones >~Café soluble y otras bebidas~https://tienda.mercadona.es/product/10642/cafe-con-leche-light-sin-lactosa-hacendado-vaso~10642~2023-03-12 00:42:08.219375
Café con leche espresso Hacendado~Vaso~250 ml~| 3,40 €/L~0.85~/ud.~Cacao, café e infusiones >~Café soluble y otras bebidas~https://tienda.mercadona.es/product/10644/cafe-con-leche-espresso-hacendado-vaso~10644~2023-03-12 00:42:08.792973
Café con leche descafeinado Hacendado~Vaso~250 ml~| 3,40 €/L~0.85~/ud.~Cacao, café e infusiones >~Café soluble y otras bebidas~https://tienda.mercadona.es/product/10672/cafe-con-leche-descafeinado-hacendado-vaso~10672~2023-03-12 00:42:09.382263
Crema de leche para café Campina~Paquete~20 ud. (200 ml)~| 5,50 €/L~1.1~/ud.~Cacao, café e infusiones >~Café soluble y otras bebidas~https://tienda.mercadona.es/product/10449/crema-leche-cafe-campina-paquete~10449~2023-03-12 00:42:10.085913
Cereales solubles con achicoria Hacendado~Bote~150 g~| 13,667 €/kg~2.05~/ud.~Cacao, café e infusiones >~Café soluble y otras bebidas~https://tienda.mercadona.es/product/11187/cereales-solubles-con-achicoria-hacendado-bote~11187~2023-03-12 00:42:10.680464
Filtros de café para cafeteras tamaño 2 y 4 Bosque Verde~Caja~100 filtros~| 0,02 €/ud~1.95~/ud.~Cacao, café e infusiones >~Café soluble y otras bebidas~https://tienda.mercadona.es/product/60515/filtros-cafe-cafeteras-tamano-2-4-bosque-verde-caja~60515~2023-03-12 00:42:11.278554
Té verde Hacendado~Caja~20 bolsitas (30 g)~| 2,667 €/100 g~0.8~/ud.~Cacao, café e infusiones >~Té e infusiones~https://tienda.mercadona.es/product/13651/te-verde-hacendado-caja~13651~2023-03-12 00:48:49.174100
Té rojo Hacendado~Caja~20 bolsitas (40 g)~| 2,875 €/100 g~1.15~/ud.~Cacao, café e infusiones >~Té e infusiones~https://tienda.mercadona.es/product/11054/te-rojo-hacendado-caja~11054~2023-03-12 00:48:49.751673
Té Chai Hacendado~Caja~20 bolsitas (40 g)~| 3,50 €/100 g~1.4~/ud.~Cacao, café e infusiones >~Té e infusiones~https://tienda.mercadona.es/product/11433/te-chai-hacendado-caja~11433~2023-03-12 00:48:50.330748
Té verde con limón Hacendado~Caja~20 bolsitas (40 g)~| 3,375 €/100 g~1.35~/ud.~Cacao, café e infusiones >~Té e infusiones~https://tienda.mercadona.es/product/13657/te-verde-con-limon-hacendado-caja~13657~2023-03-12 00:48:50.846482
Té negro PG tips~Caja~40 bolsitas (116 g)~| 15,087 €/kg~1.75~/ud.~Cacao, café e infusiones >~Té e infusiones~https://tienda.mercadona.es/product/11327/te-negro-pg-tips-caja~11327~2023-03-12 00:48:51.372664
Té matcha en polvo Hacendado~Caja~10 sobres (15 g)~| 21,334 €/100 g~3.2~/ud.~Cacao, café e infusiones >~Té e infusiones~https://tienda.mercadona.es/product/11440/te-matcha-polvo-hacendado-caja~11440~2023-03-12 00:48:51.892665
Té verde con hierbabuena Hacendado~Caja~20 bolsitas (40 g)~| 3,375 €/100 g~1.35~/ud.~Cacao, café e infusiones >~Té e infusiones~https://tienda.mercadona.es/product/11175/te-verde-con-hierbabuena-hacendado-caja~11175~2023-03-12 00:48:52.409431
Infusión manzanilla Hacendado~Caja~20 bolsitas (33,4 g)~| 1,797 €/100 g~0.6~/ud.~Cacao, café e infusiones >~Té e infusiones~https://tienda.mercadona.es/product/67973/infusion-manzanilla-hacendado-caja~67973~2023-03-12 00:48:52.908679
Infusión Menta Poleo Hacendado~Caja~20 bolsitas (30 g)~| 2,167 €/100 g~0.65~/ud.~Cacao, café e infusiones >~Té e infusiones~https://tienda.mercadona.es/product/13395/infusion-menta-poleo-hacendado-caja~13395~2023-03-12 00:48:53.423334
Infusión Tila Hacendado~Caja~20 bolsitas (24 g)~| 3,125 €/100 g~0.75~/ud.~Cacao, café e infusiones >~Té e infusiones~https://tienda.mercadona.es/product/60958/infusion-tila-hacendado-caja~60958~2023-03-12 00:48:53.937684
Infusión Cola de caballo Hacendado~Caja~20 bolsitas (30 g)~| 4,167 €/100 g~1.25~/ud.~Cacao, café e infusiones >~Té e infusiones~https://tienda.mercadona.es/product/11447/infusion-cola-caballo-hacendado-caja~11447~2023-03-12 00:48:54.449847
Infusión Manzanilla con anís Hacendado~Caja~20 bolsitas (26 g)~| 3,27 €/100 g~0.85~/ud.~Cacao, café e infusiones >~Té e infusiones~https://tienda.mercadona.es/product/11430/infusion-manzanilla-con-anis-hacendado-caja~11430~2023-03-12 00:48:54.971705
Infusión Relax Hacendado con tila, azahar, melisa y hierba Luisa~Caja~20 bolsitas (30 g)~| 3,667 €/100 g~1.1~/ud.~Cacao, café e infusiones >~Té e infusiones~https://tienda.mercadona.es/product/11408/infusion-relax-hacendado-con-tila-azahar-melisa-hierba-luisa-caja~11408~2023-03-12 00:48:55.499226
Infusión Laxsen sabor menta Hacendado~Caja~20 bolsitas (30 g)~| 4,50 €/100 g~1.35~/ud.~Cacao, café e infusiones >~Té e infusiones~https://tienda.mercadona.es/product/11470/infusion-laxsen-sabor-menta-hacendado-caja~11470~2023-03-12 00:48:56.009112
Infusión Tomillo Hacendado~Caja~20 bolsitas (24 g)~| 4,375 €/100 g~1.05~/ud.~Cacao, café e infusiones >~Té e infusiones~https://tienda.mercadona.es/product/11453/infusion-tomillo-hacendado-caja~11453~2023-03-12 00:48:56.520059
Infusión Dormir Hacendado~Caja~20 bolsitas (30 g)~| 3,667 €/100 g~1.1~/ud.~Cacao, café e infusiones >~Té e infusiones~https://tienda.mercadona.es/product/11427/infusion-dormir-hacendado-caja~11427~2023-03-12 00:48:57.038854
Infusión Rooibos cítricos Hacendado~Caja~20 bolsitas (40 g)~| 2,875 €/100 g~1.15~/ud.~Cacao, café e infusiones >~Té e infusiones~https://tienda.mercadona.es/product/13652/infusion-rooibos-citricos-hacendado-caja~13652~2023-03-12 00:48:57.626137
Infusión Figura Hacendado~Caja~20 bolsitas (30 g)~| 4,167 €/100 g~1.25~/ud.~Cacao, café e infusiones >~Té e infusiones~https://tienda.mercadona.es/product/11426/infusion-figura-hacendado-caja~11426~2023-03-12 00:48:58.138901
Infusión Digest Hacendado~Caja~20 bolsitas (40 g)~| 2,75 €/100 g~1.1~/ud.~Cacao, café e infusiones >~Té e infusiones~https://tienda.mercadona.es/product/15726/infusion-digest-hacendado-caja~15726~2023-03-12 00:48:58.666088
Infusión Respir Hacendado con tomillo, eucalipto, romero y menta~Caja~20 bolsitas (30 g)~| 4,667 €/100 g~1.4~/ud.~Cacao, café e infusiones >~Té e infusiones~https://tienda.mercadona.es/product/11415/infusion-respir-hacendado-con-tomillo-eucalipto-romero-menta-caja~11415~2023-03-12 00:48:59.181211
Infusión yerba mate Taragüi~Paquete~500 g~| 5,60 €/kg~2.8~/ud.~Cacao, café e infusiones >~Té e infusiones~https://tienda.mercadona.es/product/11326/infusion-yerba-mate-taragui-paquete~11326~2023-03-12 00:48:59.687954
Infusión Jengibre Hacendado~Caja~20 bolsitas (40 g)~| 3,375 €/100 g~1.35~/ud.~Cacao, café e infusiones >~Té e infusiones~https://tienda.mercadona.es/product/11400/infusion-jengibre-hacendado-caja~11400~2023-03-12 00:49:00.212326
Infusión Manzanilla sabor a miel Hacendado con edulcorante~Caja~20 bolsitas (26 g)~| 4,424 €/100 g~1.15~/ud.~Cacao, café e infusiones >~Té e infusiones~https://tienda.mercadona.es/product/11454/infusion-manzanilla-sabor-miel-hacendado-con-edulcorante-caja~11454~2023-03-12 00:49:00.724844
Infusión frutos rojos Hacendado~Caja~20 bolsitas (40 g)~| 3,50 €/100 g~1.4~/ud.~Cacao, café e infusiones >~Té e infusiones~https://tienda.mercadona.es/product/11061/infusion-frutos-rojos-hacendado-caja~11061~2023-03-12 00:49:01.260336
Infusión Cúrcuma Hacendado~Caja~20 bolsitas (34 g)~| 4,118 €/100 g~1.4~/ud.~Cacao, café e infusiones >~Té e infusiones~https://tienda.mercadona.es/product/11438/infusion-curcuma-hacendado-caja~11438~2023-03-12 00:49:01.794348
Infusión Quema grasas Hacendado~Caja~20 bolsitas (30 g)~| 4,167 €/100 g~1.25~/ud.~Cacao, café e infusiones >~Té e infusiones~https://tienda.mercadona.es/product/11443/infusion-quema-grasas-hacendado-caja~11443~2023-03-12 00:49:02.316955
Infusión Hinojo Hacendado~Not available~Not available~Not available~1.2~/ud.~Cacao, café e infusiones >~Té e infusiones~https://tienda.mercadona.es/product/11468/infusion-hinojo-hacendado-caja~11468~2023-03-12 00:49:02.797725
Infusión sabor piña colada Hacendado fría o caliente~Caja~20 bolsitas (40 g)~| 3,375 €/100 g~1.35~/ud.~Cacao, café e infusiones >~Té e infusiones~https://tienda.mercadona.es/product/11167/infusion-sabor-pina-colada-hacendado-fria-caliente-caja~11167~2023-03-12 00:49:03.322723
Infusión Rooibos y mango Hacendado fría o caliente~Caja~20 bolsitas (40 g)~| 3,50 €/100 g~1.4~/ud.~Cacao, café e infusiones >~Té e infusiones~https://tienda.mercadona.es/product/13459/infusion-rooibos-mango-hacendado-fria-caliente-caja~13459~2023-03-12 00:49:03.882144
Infusión manzana y canela Hacendado~Caja~20 bolsitas (40 g)~| 3,50 €/100 g~1.4~/ud.~Cacao, café e infusiones >~Té e infusiones~https://tienda.mercadona.es/product/13460/infusion-manzana-canela-hacendado-caja~13460~2023-03-12 00:49:04.414171
Arreglo para puchero vacuno, cerdo y pollo~Bandeja~1 kg aprox.~| 5,60 €/kg~5.6~/ud.~Carne >~Arreglos~https://tienda.mercadona.es/product/3497/arreglo-puchero-vacuno-cerdo-pollo-bandeja~3497~2023-03-12 00:49:58.518486
Pelota de cerdo y vacuno~Bandeja~2 ud. (280 g)~| 9,643 €/kg~2.7~/ud.~Carne >~Arreglos~https://tienda.mercadona.es/product/35269/pelota-cerdo-vacuno-bandeja~35269~2023-03-12 00:49:59.114273
Mini pelotas de cerdo y vacuno~Bandeja~300 g aprox.~| 11,50 €/kg~3.45~/ud.~Carne >~Arreglos~https://tienda.mercadona.es/product/35427/mini-pelotas-cerdo-vacuno-bandeja~35427~2023-03-12 00:49:59.619209
Hueso garrón Incarlopsa~290 g aprox.~| 2,99 €/kg~Not available~0.87~/pack~Carne >~Arreglos~https://tienda.mercadona.es/product/58307/hueso-garron-incarlopsa-pieza~58307~2023-03-12 00:50:00.041220
Hueso vacuno~Bandeja~250 g aprox.~| 4,20 €/kg~1.05~/ud.~Carne >~Arreglos~https://tienda.mercadona.es/product/3496/hueso-vacuno-bandeja~3496~2023-03-12 00:50:00.480911
Trozo de vacuno para cocido~Bandeja~300 g aprox.~| 12,79 €/kg~3.84~/ud.~Carne >~Arreglos~https://tienda.mercadona.es/product/2692/trozo-vacuno-cocido-bandeja~2692~2023-03-12 00:50:00.931262
Compango asturiano~Paquete~250 g~| 10,60 €/kg~2.65~/ud.~Carne >~Arreglos~https://tienda.mercadona.es/product/53011/compango-asturiano-paquete~53011~2023-03-12 00:50:01.350762
Osobuco de cerdo~Bandeja~150 g aprox.~| 5,95 €/kg~0.89~/ud.~Carne >~Arreglos~https://tienda.mercadona.es/product/2690/osobuco-cerdo-bandeja~2690~2023-03-12 00:50:01.797089
Espinazo de cerdo~Bandeja~180 g aprox.~| 4,30 €/kg~0.77~/ud.~Carne >~Arreglos~https://tienda.mercadona.es/product/2689/espinazo-cerdo-bandeja~2689~2023-03-12 00:50:02.272991
Manos de cerdo~Bandeja~500 g aprox.~| 5,20 €/kg~2.6~/ud.~Carne >~Arreglos~https://tienda.mercadona.es/product/2851/manos-cerdo-bandeja~2851~2023-03-12 00:50:02.758235
Costilla de vacuno~Bandeja~250 g aprox.~| 9,95 €/kg~2.49~/ud.~Carne >~Arreglos~https://tienda.mercadona.es/product/3499/costilla-vacuno-bandeja~3499~2023-03-12 00:50:03.235615
Tocino de cerdo~Bandeja~150 g aprox.~| 4,50 €/kg~0.67~/ud.~Carne >~Arreglos~https://tienda.mercadona.es/product/2688/tocino-cerdo-bandeja~2688~2023-03-12 00:50:03.704104
Chorizo asturiano~Paquete~250 g~| 10,60 €/kg~2.65~/ud.~Carne >~Arreglos~https://tienda.mercadona.es/product/59154/chorizo-asturiano-paquete~59154~2023-03-12 00:50:04.171737
Hueso blanco de cerdo salado~Bandeja~350 g aprox.~| 4,25 €/kg~1.49~/ud.~Carne >~Arreglos~https://tienda.mercadona.es/product/1892/hueso-blanco-cerdo-salado-bandeja~1892~2023-03-12 00:50:04.650905
Preparado de cerdo salado~Bandeja~500 g aprox.~| 4,70 €/kg~2.35~/ud.~Carne >~Arreglos~https://tienda.mercadona.es/product/1423/preparado-cerdo-salado-bandeja~1423~2023-03-12 00:50:05.130233
Arreglo para escudella~Bandeja~1 kg aprox.~| 6,25 €/kg~6.25~/ud.~Carne >~Arreglos~https://tienda.mercadona.es/product/3739/arreglo-escudella-bandeja~3739~2023-03-12 00:50:05.606747
Media gallina~Bandeja~450 g aprox.~| 4,90 €/kg~2.21~/ud.~Carne >~Arreglos~https://tienda.mercadona.es/product/3795/media-gallina-bandeja~3795~2023-03-12 00:50:06.098927
Filetes pechuga de pavo~Bandeja~600 g aprox.~| 8,29 €/kg~4.97~/ud.~Carne >~Aves y pollo~https://tienda.mercadona.es/product/2794/filetes-pechuga-pavo-bandeja~2794~2023-03-12 01:06:49.759421
Filetes pechuga de pavo Procavi corte fino~Bandeja~570 g aprox.~| 10,19 €/kg~5.81~/ud.~Carne >~Aves y pollo~https://tienda.mercadona.es/product/4524/filetes-pechuga-pavo-procavi-corte-fino-bandeja~4524~2023-03-12 01:06:50.463893
Chuletas de pavo contramuslo~Bandeja~760 g aprox.~| 7,53 €/kg~5.72~/ud.~Carne >~Aves y pollo~https://tienda.mercadona.es/product/4523/chuletas-pavo-contramuslo-bandeja~4523~2023-03-12 01:06:51.137994
Tacos de pavo~Bandeja~600 g aprox.~| 7,90 €/kg~4.74~/ud.~Carne >~Aves y pollo~https://tienda.mercadona.es/product/2792/tacos-pavo-bandeja~2792~2023-03-12 01:06:51.738248
Solomillo de pavo~Bandeja~600 g aprox.~| 8,20 €/kg~4.92~/ud.~Carne >~Aves y pollo~https://tienda.mercadona.es/product/25926/solomillo-pavo-bandeja~25926~2023-03-12 01:06:52.359974
Chuletas de pavo al ajillo~Bandeja~600 g aprox.~| 7,10 €/kg~4.26~/ud.~Carne >~Aves y pollo~https://tienda.mercadona.es/product/2837/chuletas-pavo-ajillo-bandeja~2837~2023-03-12 01:06:53.100631
Brochetas de pavo~Bandeja~500 g aprox.~| 8,70 €/kg~4.35~/ud.~Carne >~Aves y pollo~https://tienda.mercadona.es/product/4156/brochetas-pavo-bandeja~4156~2023-03-12 01:06:53.768744
Pechugas de pavo pimentón~Bandeja~580 g aprox.~| 8,65 €/kg~5.02~/ud.~Carne >~Aves y pollo~https://tienda.mercadona.es/product/2836/pechugas-pavo-pimenton-bandeja~2836~2023-03-12 01:06:54.440474
Tacos de pavo al ajillo~Bandeja~600 g aprox.~| 6,35 €/kg~3.81~/ud.~Carne >~Aves y pollo~https://tienda.mercadona.es/product/3443/tacos-pavo-ajillo-bandeja~3443~2023-03-12 01:06:55.108950
Filetes de pavo contramuslo Procavi~Bandeja~500 g aprox.~| 8,20 €/kg~4.1~/ud.~Carne >~Aves y pollo~https://tienda.mercadona.es/product/4109/filetes-pavo-contramuslo-procavi-bandeja~4109~2023-03-12 01:06:55.782073
Codornices abiertas~Bandeja~300 g aprox.~| 12,90 €/kg~3.87~/ud.~Carne >~Aves y pollo~https://tienda.mercadona.es/product/3508/codornices-abiertas-bandeja~3508~2023-03-12 01:06:56.441348
Foie gras de pato fresco Martiko~Paquete~135 g~| 58,889 €/kg~7.95~/ud.~Carne >~Aves y pollo~https://tienda.mercadona.es/product/35396/foie-gras-pato-fresco-martiko-paquete~35396~2023-03-12 01:06:57.088061
Codornices~Bandeja~350 g aprox.~| 11,90 €/kg~4.16~/ud.~Carne >~Aves y pollo~https://tienda.mercadona.es/product/2796/codornices-bandeja~2796~2023-03-12 01:06:57.961842
Magret de pato~Pieza~380 g aprox.~| 25,00 €/kg~9.5~/ud.~Carne >~Aves y pollo~https://tienda.mercadona.es/product/25629/magret-pato-pieza~25629~2023-03-12 01:06:58.641865
Medallones solomillo de pavo Procavi~Bandeja~300 g aprox.~| 11,28 €/kg~3.38~/ud.~Carne >~Aves y pollo~https://tienda.mercadona.es/product/4384/medallones-solomillo-pavo-procavi-bandeja~4384~2023-03-12 01:06:59.248581
Filetes pechuga de pollo corte fino mínimo 10 filetes~Bandeja~500 g aprox.~| 8,99 €/kg~4.5~/ud.~Carne >~Aves y pollo~https://tienda.mercadona.es/product/3400/filetes-pechuga-pollo-corte-fino-minimo-10-filetes-bandeja~3400~2023-03-12 01:06:59.889687
Filetes pechuga de pollo~Bandeja~650 g aprox.~| 7,85 €/kg~5.1~/ud.~Carne >~Aves y pollo~https://tienda.mercadona.es/product/2787/filetes-pechuga-pollo-bandeja~2787~2023-03-12 01:07:00.512017
Contramuslos de pollo deshuesados y sin piel~Bandeja~550 g aprox.~| 7,35 €/kg~4.04~/ud.~Carne >~Aves y pollo~https://tienda.mercadona.es/product/2789/contramuslos-pollo-deshuesados-sin-piel-bandeja~2789~2023-03-12 01:07:01.098746
Solomillos de pollo~Bandeja~500 g aprox.~| 8,40 €/kg~4.2~/ud.~Carne >~Aves y pollo~https://tienda.mercadona.es/product/2786/solomillos-pollo-bandeja~2786~2023-03-12 01:07:01.695340
Pechugas enteras de pollo~Bandeja~1,2 kg aprox.~| 5,79 €/kg~6.95~/ud.~Carne >~Aves y pollo~https://tienda.mercadona.es/product/3682/pechugas-enteras-pollo-bandeja~3682~2023-03-12 01:07:02.301948
Cuartos traseros familiar de pollo~Bandeja~1,6 kg aprox.~| 3,20 €/kg~5.12~/ud.~Carne >~Aves y pollo~https://tienda.mercadona.es/product/3680/cuartos-traseros-familiar-pollo-bandeja~3680~2023-03-12 01:07:02.930057
Cuartos traseros de pollo~Bandeja~800 g aprox.~| 3,60 €/kg~2.88~/ud.~Carne >~Aves y pollo~https://tienda.mercadona.es/product/3727/cuartos-traseros-pollo-bandeja~3727~2023-03-12 01:07:03.545508
Muslos de pollo deshuesados con piel~Bandeja~500 g aprox.~| 5,75 €/kg~2.88~/ud.~Carne >~Aves y pollo~https://tienda.mercadona.es/product/2788/muslos-pollo-deshuesados-con-piel-bandeja~2788~2023-03-12 01:07:04.155278
Pechugas enteras de pollo~Bandeja~500 g aprox.~| 7,15 €/kg~3.58~/ud.~Carne >~Aves y pollo~https://tienda.mercadona.es/product/3724/pechugas-enteras-pollo-bandeja~3724~2023-03-12 01:07:04.771165
Medio pollo troceado~Bandeja~900 g aprox.~| 4,29 €/kg~3.86~/ud.~Carne >~Aves y pollo~https://tienda.mercadona.es/product/2779/medio-pollo-troceado-bandeja~2779~2023-03-12 01:07:05.441429
Brochetas de pollo~Bandeja~345 g~| 9,16 €/kg~3.16~/ud.~Carne >~Aves y pollo~https://tienda.mercadona.es/product/2842/brochetas-pollo-bandeja~2842~2023-03-12 01:07:06.071295
Jamoncitos de pollo~Bandeja~920 g aprox.~| 4,49 €/kg~4.13~/ud.~Carne >~Aves y pollo~https://tienda.mercadona.es/product/2778/jamoncitos-pollo-bandeja~2778~2023-03-12 01:07:06.667276
Alas partidas de pollo~Bandeja~700 g aprox.~| 5,59 €/kg~3.91~/ud.~Carne >~Aves y pollo~https://tienda.mercadona.es/product/2785/alas-partidas-pollo-bandeja~2785~2023-03-12 01:07:07.292446
Carcasa y espinazo de pollo~Bandeja~1 kg aprox.~| 1,50 €/kg~1.5~/ud.~Carne >~Aves y pollo~https://tienda.mercadona.es/product/2853/carcasa-espinazo-pollo-bandeja~2853~2023-03-12 01:07:07.972475
Pechugas de pollo marinadas empanadas sin gluten~Bandeja~360 g aprox.~| 7,87 €/kg~2.83~/ud.~Carne >~Aves y pollo~https://tienda.mercadona.es/product/21227/pechugas-pollo-marinadas-empanadas-sin-gluten-bandeja~21227~2023-03-12 01:07:08.641332
Filetes pechuga de pollo certificado alimentado con un 50% de maíz~Bandeja~500 g aprox.~| 9,17 €/kg~4.59~/ud.~Carne >~Aves y pollo~https://tienda.mercadona.es/product/2791/filetes-pechuga-pollo-certificado-alimentado-con-50-maiz-bandeja~2791~2023-03-12 01:07:09.261292
Flautas de pollo y queso~Bandeja~280 g~| 7,143 €/kg~1.95~/ud.~Carne >~Aves y pollo~https://tienda.mercadona.es/product/2137/flautas-pollo-queso-bandeja~2137~2023-03-12 01:07:09.974244
Pechugas de pollo finas hierbas marinadas~Bandeja~650 g aprox.~| 7,60 €/kg~4.94~/ud.~Carne >~Aves y pollo~https://tienda.mercadona.es/product/2833/pechugas-pollo-finas-hierbas-marinadas-bandeja~2833~2023-03-12 01:07:10.669179
Pollo entero~Bandeja~1,9 kg aprox.~| 3,25 €/kg~6.17~/ud.~Carne >~Aves y pollo~https://tienda.mercadona.es/product/2781/pollo-entero-bandeja~2781~2023-03-12 01:07:11.427724
Hígados y corazones de pollo~Tarrina~450 g aprox.~| 3,85 €/kg~1.73~/ud.~Carne >~Aves y pollo~https://tienda.mercadona.es/product/2857/higados-corazones-pollo-tarrina~2857~2023-03-12 01:07:12.175898
Cuartos traseros de pollo certificado alimentado con un 50% de maíz~Bandeja~900 g aprox.~| 4,90 €/kg~4.41~/ud.~Carne >~Aves y pollo~https://tienda.mercadona.es/product/2783/cuartos-traseros-pollo-certificado-alimentado-con-50-maiz-bandeja~2783~2023-03-12 01:07:12.939938
Nuggets de pollo sin gluten~Bandeja~312 g~| 8,013 €/kg~2.5~/ud.~Carne >~Aves y pollo~https://tienda.mercadona.es/product/21234/nuggets-pollo-sin-gluten-bandeja~21234~2023-03-12 01:07:13.638425
Medallones pechuga de pollo marinado~Bandeja~650 g aprox.~| 6,95 €/kg~4.52~/ud.~Carne >~Aves y pollo~https://tienda.mercadona.es/product/2831/medallones-pechuga-pollo-marinado-bandeja~2831~2023-03-12 01:07:14.387545
Contramuslos de pollo sin piel~Bandeja~900 g aprox.~| 4,80 €/kg~4.32~/ud.~Carne >~Aves y pollo~https://tienda.mercadona.es/product/2777/contramuslos-pollo-sin-piel-bandeja~2777~2023-03-12 01:07:15.077819
Alas de pollo adobadas~Bandeja~680 g aprox.~| 4,90 €/kg~3.33~/ud.~Carne >~Aves y pollo~https://tienda.mercadona.es/product/2832/alas-pollo-adobadas-bandeja~2832~2023-03-12 01:07:15.790122
Fajitas pollo y verduras~Bandeja~400 g~| 9,975 €/kg~3.99~/ud.~Carne >~Aves y pollo~https://tienda.mercadona.es/product/4284/fajitas-pollo-verduras-bandeja~4284~2023-03-12 01:07:16.444822
Alas de pollo~Bandeja~980 g aprox.~| 4,45 €/kg~4.36~/ud.~Carne >~Aves y pollo~https://tienda.mercadona.es/product/2784/alas-pollo-bandeja~2784~2023-03-12 01:07:17.206203
Contramuslos de pollo marinados con piel~Bandeja~600 g aprox.~| 7,25 €/kg~4.35~/ud.~Carne >~Aves y pollo~https://tienda.mercadona.es/product/2970/contramuslos-pollo-marinados-con-piel-bandeja~2970~2023-03-12 01:07:17.970448
Carcasa de pollo certificado alimentado con un 50% de maíz~Bandeja~750 g aprox.~| 3,10 €/kg~2.33~/ud.~Carne >~Aves y pollo~https://tienda.mercadona.es/product/2855/carcasa-pollo-certificado-alimentado-con-50-maiz-bandeja~2855~2023-03-12 01:07:18.758012
Pollo entero troceado~Bandeja~1,5 kg aprox.~| 4,00 €/kg~6.0~/ud.~Carne >~Aves y pollo~https://tienda.mercadona.es/product/25252/pollo-entero-troceado-bandeja~25252~2023-03-12 01:07:19.478010
Jamoncitos de pollo certificado alimentado con un 50% de maíz~Bandeja~850 g aprox.~| 6,22 €/kg~5.29~/ud.~Carne >~Aves y pollo~https://tienda.mercadona.es/product/25461/jamoncitos-pollo-certificado-alimentado-con-50-maiz-bandeja~25461~2023-03-12 01:07:20.215872
Pollo certificado entero alimentado con un 50% de maíz~Bandeja~1,8 kg aprox.~| 4,52 €/kg~8.14~/ud.~Carne >~Aves y pollo~https://tienda.mercadona.es/product/2782/pollo-certificado-entero-alimentado-con-50-maiz-bandeja~2782~2023-03-12 01:07:20.916842
Medio pollo certificado troceado alimentado con un 50% de maíz~Bandeja~950 g aprox.~| 5,70 €/kg~5.41~/ud.~Carne >~Aves y pollo~https://tienda.mercadona.es/product/10000/medio-pollo-certificado-troceado-alimentado-con-50-maiz-bandeja~10000~2023-03-12 01:07:21.623371
Pechugas enteras de pollo certificado alimentado con un 50% de maíz~Bandeja~550 g aprox.~| 8,86 €/kg~4.87~/ud.~Carne >~Aves y pollo~https://tienda.mercadona.es/product/25460/pechugas-enteras-pollo-certificado-alimentado-con-50-maiz-bandeja~25460~2023-03-12 01:07:22.330272
Alas partidas de pollo certificado alimentado con un 50% de maíz~Bandeja~590 g aprox.~| 7,37 €/kg~4.35~/ud.~Carne >~Aves y pollo~https://tienda.mercadona.es/product/3791/alas-partidas-pollo-certificado-alimentado-con-50-maiz-bandeja~3791~2023-03-12 01:07:23.029904
Mollejas de pollo~Tarrina~300 g aprox.~| 5,25 €/kg~1.57~/ud.~Carne >~Aves y pollo~https://tienda.mercadona.es/product/2856/mollejas-pollo-tarrina~2856~2023-03-12 01:07:23.722313
Patas de pollo~Bandeja~700 g aprox.~| 4,05 €/kg~2.83~/ud.~Carne >~Aves y pollo~https://tienda.mercadona.es/product/25243/patas-pollo-bandeja~25243~2023-03-12 01:07:24.443585
Picantones de pollo~Bandeja~800 g aprox.~| 9,20 €/kg~7.36~/ud.~Carne >~Aves y pollo~https://tienda.mercadona.es/product/2795/picantones-pollo-bandeja~2795~2023-03-12 01:07:25.166700
Contramuslos deshuesados y sin piel de pollo certificado alimentado con un 50% de maíz~Bandeja~550 g aprox.~| 8,32 €/kg~4.58~/ud.~Carne >~Aves y pollo~https://tienda.mercadona.es/product/25258/contramuslos-deshuesados-sin-piel-pollo-certificado-alimentado-con-50-maiz-bandeja~25258~2023-03-12 01:07:25.923678
Pinchos de pollo con varilla~Bandeja~4 pinchos (320 g aprox.)~| 10,85 €/kg~3.47~/ud.~Carne >~Aves y pollo~https://tienda.mercadona.es/product/5245/pinchos-pollo-con-varilla-bandeja~5245~2023-03-12 01:07:26.625713
Pollo churrasco~Bandeja~950 g aprox.~| 3,90 €/kg~3.7~/ud.~Carne >~Aves y pollo~https://tienda.mercadona.es/product/30045/pollo-churrasco-bandeja~30045~2023-03-12 01:07:27.341977
Muslos deshuesados con piel de pollo certificado alimentado con un 50% de maíz~Bandeja~600 g aprox.~| 8,30 €/kg~4.98~/ud.~Carne >~Aves y pollo~https://tienda.mercadona.es/product/25208/muslos-deshuesados-con-piel-pollo-certificado-alimentado-con-50-maiz-bandeja~25208~2023-03-12 01:07:28.056224
Filetes pechuga de pollo extra tiernos~Bandeja~560 g aprox.~| 7,96 €/kg~4.46~/ud.~Carne >~Aves y pollo~https://tienda.mercadona.es/product/3653/filetes-pechuga-pollo-extra-tiernos-bandeja~3653~2023-03-12 01:07:28.755715
Pinchos de pollo adobados~Bandeja~500 g aprox.~| 7,95 €/kg~3.98~/ud.~Carne >~Aves y pollo~https://tienda.mercadona.es/product/3456/pinchos-pollo-adobados-bandeja~3456~2023-03-12 01:07:29.463278
Solomillos de pollo certificado alimentado con un 50% de maíz~Bandeja~500 g aprox.~| 11,05 €/kg~5.53~/ud.~Carne >~Aves y pollo~https://tienda.mercadona.es/product/2830/solomillos-pollo-certificado-alimentado-con-50-maiz-bandeja~2830~2023-03-12 01:07:30.305700
Pechugas de pollo rellenas de jamón y queso empanadas sin gluten~Bandeja~450 g aprox.~| 10,10 €/kg~4.55~/ud.~Carne >~Aves y pollo~https://tienda.mercadona.es/product/21257/pechugas-pollo-rellenas-jamon-queso-empanadas-sin-gluten-bandeja~21257~2023-03-12 01:07:31.026094
Lagrimitas de pollo al limón empanadas sin gluten~Bandeja~340 g aprox.~| 8,70 €/kg~2.96~/ud.~Carne >~Aves y pollo~https://tienda.mercadona.es/product/21235/lagrimitas-pollo-limon-empanadas-sin-gluten-bandeja~21235~2023-03-12 01:07:31.736915
Solomillos de pollo marinados empanados sin gluten~Bandeja~450 g aprox.~| 9,55 €/kg~4.3~/ud.~Carne >~Aves y pollo~https://tienda.mercadona.es/product/21243/solomillos-pollo-marinados-empanados-sin-gluten-bandeja~21243~2023-03-12 01:07:32.451119
Jamoncitos de pollo congelados~Paquete~1 kg~| 3,30 €/kg~3.3~/ud.~Carne >~Carne congelada~https://tienda.mercadona.es/product/25183/jamoncitos-pollo-congelados-paquete~25183~2023-03-12 01:08:15.312783
Alas de pollo congeladas~Paquete~1 kg~| 3,65 €/kg~3.65~/ud.~Carne >~Carne congelada~https://tienda.mercadona.es/product/25184/alas-pollo-congeladas-paquete~25184~2023-03-12 01:08:15.857801
Medallones preparado de solomillo cerdo congelados marinados~Paquete~300 g aprox.~| 10,36 €/kg~3.11~/ud.~Carne >~Carne congelada~https://tienda.mercadona.es/product/4176/medallones-preparado-solomillo-cerdo-congelados-marinados-paquete~4176~2023-03-12 01:08:16.363848
Solomillo de pavo marinado congelado~Paquete~350 g aprox.~| 7,90 €/kg~2.76~/ud.~Carne >~Carne congelada~https://tienda.mercadona.es/product/25353/solomillo-pavo-marinado-congelado-paquete~25353~2023-03-12 01:08:16.848621
Cuartos traseros de pollo congelados~Paquete~2 kg~| 2,90 €/kg~5.8~/ud.~Carne >~Carne congelada~https://tienda.mercadona.es/product/25182/cuartos-traseros-pollo-congelados-paquete~25182~2023-03-12 01:08:17.441771
Solomillo de cerdo marinado congelado~Paquete~800 g aprox.~| 7,55 €/kg~6.04~/ud.~Carne >~Carne congelada~https://tienda.mercadona.es/product/2228/solomillo-cerdo-marinado-congelado-paquete~2228~2023-03-12 01:08:17.976396
Paletilla de cordero entera congelada~Pieza~1,2 kg aprox.~| 15,90 €/kg~19.08~/ud.~Carne >~Carne congelada~https://tienda.mercadona.es/product/4022/paletilla-cordero-entera-congelada-pieza~4022~2023-03-12 01:08:18.502145
Paletilla de lechal entera congelada~Pieza~600 g aprox.~| 25,90 €/kg~15.54~/ud.~Carne >~Carne congelada~https://tienda.mercadona.es/product/4072/paletilla-lechal-entera-congelada-pieza~4072~2023-03-12 01:08:19.033953
Pierna de lechal entera congelada~Pieza~650 g aprox.~| 18,90 €/kg~12.29~/ud.~Carne >~Carne congelada~https://tienda.mercadona.es/product/4073/pierna-lechal-entera-congelada-pieza~4073~2023-03-12 01:08:19.536471
Medio cochinillo congelado~Pieza~3,4 kg aprox.~| 12,50 €/kg~42.5~/ud.~Carne >~Carne congelada~https://tienda.mercadona.es/product/2120/medio-cochinillo-congelado-pieza~2120~2023-03-12 01:08:20.019133
Chuletas cordero de lechal congeladas~Paquete~550 g aprox.~| 23,00 €/kg~12.65~/ud.~Carne >~Carne congelada~https://tienda.mercadona.es/product/4334/chuletas-cordero-lechal-congeladas-paquete~4334~2023-03-12 01:08:20.541601
Paletilla de cabrito congelada~Pieza~425 g aprox.~| 26,90 €/kg~11.43~/ud.~Carne >~Carne congelada~https://tienda.mercadona.es/product/5041/paletilla-cabrito-congelada-pieza~5041~2023-03-12 01:08:21.001821
Chuletas de cabrito~Paquete~430 g aprox.~| 25,90 €/kg~11.14~/ud.~Carne >~Carne congelada~https://tienda.mercadona.es/product/5034/chuletas-cabrito-paquete~5034~2023-03-12 01:08:21.511988
Pierna de cabrito congelada~Pieza~530 g aprox.~| 19,90 €/kg~10.55~/ud.~Carne >~Carne congelada~https://tienda.mercadona.es/product/4599/pierna-cabrito-congelada-pieza~4599~2023-03-12 01:08:21.975868
Carrillada de cerdo congelada~Paquete~460 g aprox.~| 9,50 €/kg~4.37~/ud.~Carne >~Carne congelada~https://tienda.mercadona.es/product/4425/carrillada-cerdo-congelada-paquete~4425~2023-03-12 01:08:22.530547
Costillas de cerdo carnosas a tacos~Bandeja~530 g aprox.~| 7,49 €/kg~3.97~/ud.~Carne >~Cerdo~https://tienda.mercadona.es/product/2811/costillas-cerdo-carnosas-tacos-bandeja~2811~2023-03-12 01:14:49.728494
Filetes lomo de cerdo~Bandeja~400 g aprox.~| 6,70 €/kg~2.68~/ud.~Carne >~Cerdo~https://tienda.mercadona.es/product/2714/filetes-lomo-cerdo-bandeja~2714~2023-03-12 01:14:50.361596
Filetes lomo de cerdo familiar~Bandeja~900 g aprox.~| 6,60 €/kg~5.94~/ud.~Carne >~Cerdo~https://tienda.mercadona.es/product/3395/filetes-lomo-cerdo-familiar-bandeja~3395~2023-03-12 01:14:50.920390
Carrillada de cerdo~Bandeja~500 g aprox.~| 10,95 €/kg~5.48~/ud.~Carne >~Cerdo~https://tienda.mercadona.es/product/2810/carrillada-cerdo-bandeja~2810~2023-03-12 01:14:51.522006
Costilla de cerdo ibérico adobada~Bandeja~600 g aprox.~| 6,65 €/kg~3.99~/ud.~Carne >~Cerdo~https://tienda.mercadona.es/product/1564/costilla-cerdo-iberico-adobada-bandeja~1564~2023-03-12 01:14:52.136083
Chuletas de cerdo sajonia~Bandeja~290 g aprox.~| 9,55 €/kg~2.77~/ud.~Carne >~Cerdo~https://tienda.mercadona.es/product/23305/chuletas-cerdo-sajonia-bandeja~23305~2023-03-12 01:14:52.724375
Costilla de cerdo churrasco~Pieza~1 kg aprox.~| 6,30 €/kg~6.3~/ud.~Carne >~Cerdo~https://tienda.mercadona.es/product/35286/costilla-cerdo-churrasco-pieza~35286~2023-03-12 01:14:53.312990
Panceta~Bandeja~500 g aprox.~| 6,90 €/kg~3.45~/ud.~Carne >~Cerdo~https://tienda.mercadona.es/product/2815/panceta-bandeja~2815~2023-03-12 01:14:53.882651
Manos de cerdo~Bandeja~500 g aprox.~| 5,20 €/kg~2.6~/ud.~Carne >~Arreglos~https://tienda.mercadona.es/product/2851/manos-cerdo-bandeja~2851~2023-03-12 01:14:54.510151
Cerdo a tacos~Bandeja~560 g aprox.~| 5,75 €/kg~3.22~/ud.~Carne >~Cerdo~https://tienda.mercadona.es/product/2813/cerdo-tacos-bandeja~2813~2023-03-12 01:14:55.108611
Lomo de cerdo adobado~Bandeja~470 g aprox.~| 6,95 €/kg~3.27~/ud.~Carne >~Cerdo~https://tienda.mercadona.es/product/2715/lomo-cerdo-adobado-bandeja~2715~2023-03-12 01:14:55.695068
San Jacobos de cerdo sin gluten~Bandeja~400 g~| 6,55 €/kg~2.62~/ud.~Carne >~Cerdo~https://tienda.mercadona.es/product/21119/san-jacobos-cerdo-sin-gluten-bandeja~21119~2023-03-12 01:14:56.333747
Filetes lomo de cerdo cabeza~Bandeja~550 g aprox.~| 6,30 €/kg~3.47~/ud.~Carne >~Cerdo~https://tienda.mercadona.es/product/2817/filetes-lomo-cerdo-cabeza-bandeja~2817~2023-03-12 01:14:56.950503
Flautas de bacón y queso~Bandeja~280 g~| 7,066 €/kg~1.95~/ud.~Carne >~Cerdo~https://tienda.mercadona.es/product/2169/flautas-bacon-queso-bandeja~2169~2023-03-12 01:14:57.581384
Secreto de cerdo~Bandeja~400 g aprox.~| 6,39 €/kg~2.56~/ud.~Carne >~Cerdo~https://tienda.mercadona.es/product/2685/secreto-cerdo-bandeja~2685~2023-03-12 01:14:58.198391
Media careta de cerdo sin oreja~Bandeja~420 g aprox.~| 5,56 €/kg~2.34~/ud.~Carne >~Cerdo~https://tienda.mercadona.es/product/2812/media-careta-cerdo-sin-oreja-bandeja~2812~2023-03-12 01:14:58.826064
Manteca de cerdo Mont-Palau para cocinar~Tarrina~400 g~| 5,125 €/kg~2.05~/ud.~Carne >~Cerdo~https://tienda.mercadona.es/product/53130/manteca-cerdo-mont-palau-cocinar-tarrina~53130~2023-03-12 01:14:59.523498
Fiambre de magro de cerdo adobado~Paquete~370 g~| 7,244 €/kg~2.68~/ud.~Carne >~Cerdo~https://tienda.mercadona.es/product/23308/fiambre-magro-cerdo-adobado-paquete~23308~2023-03-12 01:15:00.180252
Filetes de cerdo magro jamón~Bandeja~520 g aprox.~| 6,10 €/kg~3.17~/ud.~Carne >~Cerdo~https://tienda.mercadona.es/product/2819/filetes-cerdo-magro-jamon-bandeja~2819~2023-03-12 01:15:00.783568
Codillo de cerdo~Bandeja~480 g aprox.~| 5,20 €/kg~2.5~/ud.~Carne >~Cerdo~https://tienda.mercadona.es/product/2684/codillo-cerdo-bandeja~2684~2023-03-12 01:15:01.341650
Filetes hígado de cerdo~Bandeja~450 g aprox.~| 5,35 €/kg~2.41~/ud.~Carne >~Cerdo~https://tienda.mercadona.es/product/2859/filetes-higado-cerdo-bandeja~2859~2023-03-12 01:15:01.898868
Filetes lomo al ajillo~Bandeja~500 g aprox.~| 7,50 €/kg~3.75~/ud.~Carne >~Cerdo~https://tienda.mercadona.es/product/3440/filetes-lomo-ajillo-bandeja~3440~2023-03-12 01:15:02.531815
Filetes de cerdo empanados sin gluten~Bandeja~450 g aprox.~| 8,32 €/kg~3.74~/ud.~Carne >~Cerdo~https://tienda.mercadona.es/product/21168/filetes-cerdo-empanados-sin-gluten-bandeja~21168~2023-03-12 01:15:03.143278
Pinchos de cerdo con varilla~Bandeja~4 pinchos (302 g aprox.)~| 11,91 €/kg~3.6~/ud.~Carne >~Cerdo~https://tienda.mercadona.es/product/2840/pinchos-cerdo-con-varilla-bandeja~2840~2023-03-12 01:15:03.755183
Lomo de cerdo grueso~Bandeja~300 g aprox.~| 7,29 €/kg~2.19~/ud.~Carne >~Cerdo~https://tienda.mercadona.es/product/3553/lomo-cerdo-grueso-bandeja~3553~2023-03-12 01:15:04.397522
Libritos lomo de cerdo~Bandeja~450 g aprox.~| 7,34 €/kg~3.3~/ud.~Carne >~Cerdo~https://tienda.mercadona.es/product/2678/libritos-lomo-cerdo-bandeja~2678~2023-03-12 01:15:05.190629
Presa de cerdo ibérico~Bandeja~240 g aprox.~| 28,40 €/kg~6.82~/ud.~Carne >~Cerdo~https://tienda.mercadona.es/product/4915/presa-cerdo-iberico-bandeja~4915~2023-03-12 01:15:05.818886
Lomo de cerdo ibérico adobado~Paquete~220 g aprox.~| 21,90 €/kg~4.82~/ud.~Carne >~Cerdo~https://tienda.mercadona.es/product/1886/lomo-cerdo-iberico-adobado-paquete~1886~2023-03-12 01:15:06.419804
Secreto de cerdo ibérico~Bandeja~250 g aprox.~| 23,70 €/kg~5.93~/ud.~Carne >~Cerdo~https://tienda.mercadona.es/product/4919/secreto-cerdo-iberico-bandeja~4919~2023-03-12 01:15:07.064259
Sesos de cerdo~Bandeja~130 g~| 22,693 €/kg~2.95~/ud.~Carne >~Cerdo~https://tienda.mercadona.es/product/2858/sesos-cerdo-bandeja~2858~2023-03-12 01:15:07.721795
Medallones preparado de solomillo cerdo provenzal~Bandeja~400 g aprox.~| 10,50 €/kg~4.2~/ud.~Carne >~Cerdo~https://tienda.mercadona.es/product/4152/medallones-preparado-solomillo-cerdo-provenzal-bandeja~4152~2023-03-12 01:15:08.372053
Pinchos de cerdo sin varilla~Bandeja~510 g aprox.~| 8,50 €/kg~4.34~/ud.~Carne >~Cerdo~https://tienda.mercadona.es/product/2839/pinchos-cerdo-sin-varilla-bandeja~2839~2023-03-12 01:15:09.030564
Chuletas lomo de cerdo~Bandeja~480 g aprox.~| 6,05 €/kg~2.9~/ud.~Carne >~Cerdo~https://tienda.mercadona.es/product/4901/chuletas-lomo-cerdo-bandeja~4901~2023-03-12 01:15:09.675295
Chuletas aguja de cerdo~Bandeja~650 g aprox.~| 5,90 €/kg~3.84~/ud.~Carne >~Cerdo~https://tienda.mercadona.es/product/4900/chuletas-aguja-cerdo-bandeja~4900~2023-03-12 01:15:10.299973
Lomo de cerdo ibérico~Bandeja~285 g aprox.~| 21,95 €/kg~6.26~/ud.~Carne >~Cerdo~https://tienda.mercadona.es/product/4918/lomo-cerdo-iberico-bandeja~4918~2023-03-12 01:15:10.916337
Solomillo de cerdo marinado con romero~Pieza~700 g aprox.~| 10,30 €/kg~7.21~/ud.~Carne >~Cerdo~https://tienda.mercadona.es/product/4351/solomillo-cerdo-marinado-con-romero-pieza~4351~2023-03-12 01:15:11.555575
Solomillo de cerdo marinado con setas~Pieza~700 g aprox.~| 10,30 €/kg~7.21~/ud.~Carne >~Cerdo~https://tienda.mercadona.es/product/4353/solomillo-cerdo-marinado-con-setas-pieza~4353~2023-03-12 01:15:12.199996
Solomillo de cerdo~Paquete~500 g aprox.~| 6,99 €/kg~3.5~/ud.~Carne >~Cerdo~https://tienda.mercadona.es/product/4570/solomillo-cerdo-paquete~4570~2023-03-12 01:15:12.852684
Fiambre lomo de cerdo adobado~Bandeja~370 g~| 9,46 €/kg~3.5~/ud.~Carne >~Cerdo~https://tienda.mercadona.es/product/23309/fiambre-lomo-cerdo-adobado-bandeja~23309~2023-03-12 01:15:13.546967
Oreja de cerdo~Bandeja~520 g aprox.~| 6,99 €/kg~3.63~/ud.~Carne >~Cerdo~https://tienda.mercadona.es/product/2570/oreja-cerdo-bandeja~2570~2023-03-12 01:15:14.168275
Riñones de cerdo~Bandeja~600 g aprox.~| 5,65 €/kg~3.39~/ud.~Carne >~Cerdo~https://tienda.mercadona.es/product/3448/rinones-cerdo-bandeja~3448~2023-03-12 01:15:14.843271
Carrillada de cerdo con hueso~Bandeja~700 g aprox.~| 6,95 €/kg~4.86~/ud.~Carne >~Cerdo~https://tienda.mercadona.es/product/3548/carrillada-cerdo-con-hueso-bandeja~3548~2023-03-12 01:15:15.513803
Costilla de cerdo a tiras~Bandeja~800 g aprox.~| 7,15 €/kg~5.72~/ud.~Carne >~Cerdo~https://tienda.mercadona.es/product/4854/costilla-cerdo-tiras-bandeja~4854~2023-03-12 01:15:16.260393
Filetes lomo de cerdo extra tiernos~Bandeja~460 g aprox.~| 7,08 €/kg~3.26~/ud.~Carne >~Cerdo~https://tienda.mercadona.es/product/2849/filetes-lomo-cerdo-extra-tiernos-bandeja~2849~2023-03-12 01:15:16.903249
Libritos de cerdo rellenos de pimiento verde y jamón curado empanados sin gluten~Bandeja~380 g aprox.~| 10,10 €/kg~3.84~/ud.~Carne >~Cerdo~https://tienda.mercadona.es/product/21272/libritos-cerdo-rellenos-pimiento-verde-jamon-curado-empanados-sin-gluten-bandeja~21272~2023-03-12 01:15:17.566594
Lomo de cerdo trozo~Pieza~800 g aprox.~| 4,90 €/kg~3.92~/ud.~Carne >~Cerdo~https://tienda.mercadona.es/product/4590/lomo-cerdo-trozo-pieza~4590~2023-03-12 01:15:18.154981
Pieza magro cabeza de cerdo~Pieza~1,2 kg aprox.~| 4,99 €/kg~5.99~/ud.~Carne >~Cerdo~https://tienda.mercadona.es/product/3554/pieza-magro-cabeza-cerdo-pieza~3554~2023-03-12 01:15:18.722207
Solomillo de cerdo ibérico~Paquete~440 g aprox.~| 18,90 €/kg~8.32~/ud.~Carne >~Cerdo~https://tienda.mercadona.es/product/67599/solomillo-cerdo-iberico-paquete~67599~2023-03-12 01:15:19.283057
Medio conejo troceado~Bandeja~600 g aprox.~| 8,95 €/kg~5.37~/ud.~Carne >~Conejo y cordero~https://tienda.mercadona.es/product/25972/medio-conejo-troceado-bandeja~25972~2023-03-12 01:16:05.101452
Conejo entero~Pieza~1,3 kg aprox.~| 7,65 €/kg~9.95~/ud.~Carne >~Conejo y cordero~https://tienda.mercadona.es/product/2797/conejo-entero-pieza~2797~2023-03-12 01:16:05.645576
Conejo entero troceado~Bandeja~1,3 kg aprox.~| 8,95 €/kg~11.64~/ud.~Carne >~Conejo y cordero~https://tienda.mercadona.es/product/25994/conejo-entero-troceado-bandeja~25994~2023-03-12 01:16:06.182981
Paletillas de conejo~Bandeja~400 g aprox.~| 16,95 €/kg~6.78~/ud.~Carne >~Conejo y cordero~https://tienda.mercadona.es/product/25191/paletillas-conejo-bandeja~25191~2023-03-12 01:16:06.788603
Muslos de conejo~Bandeja~400 g aprox.~| 11,95 €/kg~4.78~/ud.~Carne >~Conejo y cordero~https://tienda.mercadona.es/product/25192/muslos-conejo-bandeja~25192~2023-03-12 01:16:07.334992
Lomos de conejo~Bandeja~400 g aprox.~| 13,25 €/kg~5.3~/ud.~Carne >~Conejo y cordero~https://tienda.mercadona.es/product/25193/lomos-conejo-bandeja~25193~2023-03-12 01:16:07.860845
Costillas de conejo partidas~Bandeja~400 g aprox.~| 8,45 €/kg~3.38~/ud.~Carne >~Conejo y cordero~https://tienda.mercadona.es/product/5070/costillas-conejo-partidas-bandeja~5070~2023-03-12 01:16:08.392993
Chuletas de cordero palo y riñonada~Bandeja~760 g aprox.~| 24,95 €/kg~18.96~/ud.~Carne >~Conejo y cordero~https://tienda.mercadona.es/product/4363/chuletas-cordero-palo-rinonada-bandeja~4363~2023-03-12 01:16:08.920228
Chuletas de cordero mixtas~Bandeja~850 g aprox.~| 16,20 €/kg~13.77~/ud.~Carne >~Conejo y cordero~https://tienda.mercadona.es/product/4366/chuletas-cordero-mixtas-bandeja~4366~2023-03-12 01:16:09.423723
Chuletas de cordero pierna~Bandeja~800 g aprox.~| 17,90 €/kg~14.32~/ud.~Carne >~Conejo y cordero~https://tienda.mercadona.es/product/4364/chuletas-cordero-pierna-bandeja~4364~2023-03-12 01:16:09.961688
Chuletas de cordero paletilla~Bandeja~540 g aprox.~| 17,90 €/kg~9.67~/ud.~Carne >~Conejo y cordero~https://tienda.mercadona.es/product/4362/chuletas-cordero-paletilla-bandeja~4362~2023-03-12 01:16:10.479464
Filetes hígado de cordero~Bandeja~200 g aprox.~| 10,80 €/kg~2.16~/ud.~Carne >~Conejo y cordero~https://tienda.mercadona.es/product/2860/filetes-higado-cordero-bandeja~2860~2023-03-12 01:16:10.994465
Garretas brazuelo de cordero~Bandeja~460 g aprox.~| 10,95 €/kg~5.04~/ud.~Carne >~Conejo y cordero~https://tienda.mercadona.es/product/4361/garretas-brazuelo-cordero-bandeja~4361~2023-03-12 01:16:11.523754
Cuello de cordero~Bandeja~410 g aprox.~| 10,95 €/kg~4.49~/ud.~Carne >~Conejo y cordero~https://tienda.mercadona.es/product/4360/cuello-cordero-bandeja~4360~2023-03-12 01:16:12.049967
Churrasco de cordero~Bandeja~500 g aprox.~| 10,95 €/kg~5.48~/ud.~Carne >~Conejo y cordero~https://tienda.mercadona.es/product/4282/churrasco-cordero-bandeja~4282~2023-03-12 01:16:12.578078
Longaniza magro fresca~Bandeja~570 g aprox.~| 5,99 €/kg~3.41~/ud.~Carne >~Embutido~https://tienda.mercadona.es/product/6040/longaniza-magro-fresca-bandeja~6040~2023-03-12 01:17:13.364685
Longaniza fresca sin tripa~Bandeja~560 g~| 5,322 €/kg~2.98~/ud.~Carne >~Embutido~https://tienda.mercadona.es/product/6043/longaniza-fresca-sin-tripa-bandeja~6043~2023-03-12 01:17:13.920748
Longaniza fresca de pollo~Bandeja~550 g aprox.~| 6,99 €/kg~3.84~/ud.~Carne >~Embutido~https://tienda.mercadona.es/product/6041/longaniza-fresca-pollo-bandeja~6041~2023-03-12 01:17:14.375509
Morcilla de cebolla oreada~Bandeja~280 g aprox.~| 6,26 €/kg~1.75~/ud.~Carne >~Embutido~https://tienda.mercadona.es/product/35049/morcilla-cebolla-oreada-bandeja~35049~2023-03-12 01:17:14.885446
Morcilla de cebolla~Bandeja~600 g aprox.~| 5,25 €/kg~3.15~/ud.~Carne >~Embutido~https://tienda.mercadona.es/product/4117/morcilla-cebolla-bandeja~4117~2023-03-12 01:17:15.411611
Chorizo oreado~Bandeja~360 g aprox.~| 6,99 €/kg~2.52~/ud.~Carne >~Embutido~https://tienda.mercadona.es/product/6048/chorizo-oreado-bandeja~6048~2023-03-12 01:17:15.884677
Chistorra~Paquete~220 g~| 6,682 €/kg~1.47~/ud.~Carne >~Embutido~https://tienda.mercadona.es/product/2864/chistorra-paquete~2864~2023-03-12 01:17:16.357987
Longaniza roja fresca rosca~Bandeja~400 g aprox.~| 7,28 €/kg~2.91~/ud.~Carne >~Embutido~https://tienda.mercadona.es/product/4114/longaniza-roja-fresca-rosca-bandeja~4114~2023-03-12 01:17:16.893220
Longaniza fresca estilo criollo~Bandeja~380 g aprox.~| 8,12 €/kg~3.09~/ud.~Carne >~Embutido~https://tienda.mercadona.es/product/6045/longaniza-fresca-estilo-criollo-bandeja~6045~2023-03-12 01:17:17.442746
Butifarra fresca~Bandeja~640 g aprox.~| 5,30 €/kg~3.39~/ud.~Carne >~Embutido~https://tienda.mercadona.es/product/6044/butifarra-fresca-bandeja~6044~2023-03-12 01:17:17.942312
Butifarra fresca de pagés con pimienta~Bandeja~650 g aprox.~| 6,50 €/kg~4.23~/ud.~Carne >~Embutido~https://tienda.mercadona.es/product/4416/butifarra-fresca-pages-con-pimienta-bandeja~4416~2023-03-12 01:17:18.465684
Embutido surtido barbacoa~Bandeja~500 g aprox.~| 7,04 €/kg~3.52~/ud.~Carne >~Embutido~https://tienda.mercadona.es/product/5158/embutido-surtido-barbacoa-bandeja~5158~2023-03-12 01:17:18.995947
Morcilla de arroz y cebolla~Paquete~300 g aprox.~| 4,80 €/kg~1.44~/ud.~Carne >~Embutido~https://tienda.mercadona.es/product/2876/morcilla-arroz-cebolla-paquete~2876~2023-03-12 01:17:19.518727
Chorizo aperitivo~Bandeja~300 g aprox.~| 8,40 €/kg~2.52~/ud.~Carne >~Embutido~https://tienda.mercadona.es/product/6046/chorizo-aperitivo-bandeja~6046~2023-03-12 01:17:20.055904
Chorizo picante aperitivo~Bandeja~375 g aprox.~| 8,40 €/kg~3.15~/ud.~Carne >~Embutido~https://tienda.mercadona.es/product/6047/chorizo-picante-aperitivo-bandeja~6047~2023-03-12 01:17:20.591582
Burger de vacuno y cerdo~Bandeja~6 ud. (540 g)~| 7,223 €/kg~3.9~/ud.~Carne >~Hamburguesas y picadas~https://tienda.mercadona.es/product/2872/burger-vacuno-cerdo-bandeja~2872~2023-03-12 01:18:20.564120
Burger de vacuno~Bandeja~6 ud. (540 g)~| 8,519 €/kg~4.6~/ud.~Carne >~Hamburguesas y picadas~https://tienda.mercadona.es/product/2873/burger-vacuno-bandeja~2873~2023-03-12 01:18:21.097780
Burger de pollo~Bandeja~6 ud. (540 g)~| 7,945 €/kg~4.29~/ud.~Carne >~Hamburguesas y picadas~https://tienda.mercadona.es/product/2622/burger-pollo-bandeja~2622~2023-03-12 01:18:21.587555
Burger de vacuno gruesas~Bandeja~2 ud. (360 g)~| 10,50 €/kg~3.78~/ud.~Carne >~Hamburguesas y picadas~https://tienda.mercadona.es/product/3547/burger-vacuno-gruesas-bandeja~3547~2023-03-12 01:18:22.102538
Burger de vacuno y cerdo con jamón y cebolla caramelizada~Bandeja~2 ud. (240 g)~| 10,417 €/kg~2.5~/ud.~Carne >~Hamburguesas y picadas~https://tienda.mercadona.es/product/4155/burger-vacuno-cerdo-con-jamon-cebolla-caramelizada-bandeja~4155~2023-03-12 01:18:22.664672
Burger de pavo y espinacas~Bandeja~2 ud. (240 g)~| 9,584 €/kg~2.3~/ud.~Carne >~Hamburguesas y picadas~https://tienda.mercadona.es/product/3976/burger-pavo-espinacas-bandeja~3976~2023-03-12 01:18:23.202557
Burger de pavo y pollo~Bandeja~6 ud. (540 g)~| 7,612 €/kg~4.11~/ud.~Carne >~Hamburguesas y picadas~https://tienda.mercadona.es/product/3561/burger-pavo-pollo-bandeja~3561~2023-03-12 01:18:23.750785
Mini burgers de pollo~Bandeja~8 ud. (280 g)~| 9,643 €/kg~2.7~/ud.~Carne >~Hamburguesas y picadas~https://tienda.mercadona.es/product/10467/mini-burgers-pollo-bandeja~10467~2023-03-12 01:18:24.395555
Mini burgers de vacuno y cerdo~Bandeja~8 ud. (280 g)~| 9,25 €/kg~2.59~/ud.~Carne >~Hamburguesas y picadas~https://tienda.mercadona.es/product/10453/mini-burgers-vacuno-cerdo-bandeja~10453~2023-03-12 01:18:24.960832
Burger de vacuno y cerdo gruesas~Bandeja~2 ud. (360 g)~| 8,75 €/kg~3.15~/ud.~Carne >~Hamburguesas y picadas~https://tienda.mercadona.es/product/3979/burger-vacuno-cerdo-gruesas-bandeja~3979~2023-03-12 01:18:25.530072
Burger de pollo certificado gruesas alimentado con un 50% de maíz~Bandeja~2 ud. (360 g)~| 9,778 €/kg~3.52~/ud.~Carne >~Hamburguesas y picadas~https://tienda.mercadona.es/product/5147/burger-pollo-certificado-gruesas-alimentado-con-50-maiz-bandeja~5147~2023-03-12 01:18:26.086480
Burger de cerdo ibérico gruesas~Bandeja~2 ud. (360 g)~| 8,723 €/kg~3.14~/ud.~Carne >~Hamburguesas y picadas~https://tienda.mercadona.es/product/5139/burger-cerdo-iberico-gruesas-bandeja~5139~2023-03-12 01:18:26.649635
Burger de vacuno y cerdo con ajo y perejil~Bandeja~2 ud. (240 g)~| 9,75 €/kg~2.34~/ud.~Carne >~Hamburguesas y picadas~https://tienda.mercadona.es/product/3978/burger-vacuno-cerdo-con-ajo-perejil-bandeja~3978~2023-03-12 01:18:27.209302
Burger de pollo y zanahoria~Bandeja~2 ud. (240 g)~| 9,625 €/kg~2.31~/ud.~Carne >~Hamburguesas y picadas~https://tienda.mercadona.es/product/8122/burger-pollo-zanahoria-bandeja~8122~2023-03-12 01:18:27.774945
Burger de vacuno angus gruesa~Bandeja~2 ud. (360 g)~| 13,362 €/kg~4.81~/ud.~Carne >~Hamburguesas y picadas~https://tienda.mercadona.es/product/4110/burger-vacuno-angus-gruesa-bandeja~4110~2023-03-12 01:18:28.392636
Burger Crunchy Chicken~Bandeja~2 ud. (240 g)~| 9,375 €/kg~2.25~/ud.~Carne >~Hamburguesas y picadas~https://tienda.mercadona.es/product/4079/burger-crunchy-chicken-bandeja~4079~2023-03-12 01:18:28.960357
Burger de pollo y verduras~Paquete~2 ud. (240 g)~| 10,667 €/kg~2.56~/ud.~Carne >~Hamburguesas y picadas~https://tienda.mercadona.es/product/4111/burger-pollo-verduras-paquete~4111~2023-03-12 01:18:29.535282
Burger de pollo y queso~Paquete~2 ud. (240 g)~| 11,042 €/kg~2.65~/ud.~Carne >~Hamburguesas y picadas~https://tienda.mercadona.es/product/4112/burger-pollo-queso-paquete~4112~2023-03-12 01:18:30.142197
Preparado de carne picada vacuno y cerdo~Bandeja~500 g~| 7,60 €/kg~3.8~/ud.~Carne >~Hamburguesas y picadas~https://tienda.mercadona.es/product/2869/preparado-carne-picada-vacuno-cerdo-bandeja~2869~2023-03-12 01:18:30.650351
Preparado de carne picada vacuno y cerdo~Bandeja~1 kg~| 6,70 €/kg~6.7~/ud.~Carne >~Hamburguesas y picadas~https://tienda.mercadona.es/product/3453/preparado-carne-picada-vacuno-cerdo-bandeja~3453~2023-03-12 01:18:31.155929
Preparado de carne picada cerdo~Bandeja~500 g~| 5,90 €/kg~2.95~/ud.~Carne >~Hamburguesas y picadas~https://tienda.mercadona.es/product/2867/preparado-carne-picada-cerdo-bandeja~2867~2023-03-12 01:18:31.671869
Preparado de carne picada cerdo~Bandeja~1 kg~| 5,60 €/kg~5.6~/ud.~Carne >~Hamburguesas y picadas~https://tienda.mercadona.es/product/3451/preparado-carne-picada-cerdo-bandeja~3451~2023-03-12 01:18:32.234358
Preparado de carne picada vacuno~Bandeja~500 g~| 8,30 €/kg~4.15~/ud.~Carne >~Hamburguesas y picadas~https://tienda.mercadona.es/product/2868/preparado-carne-picada-vacuno-bandeja~2868~2023-03-12 01:18:32.845588
Preparado de carne picada vacuno~Bandeja~1 kg~| 7,45 €/kg~7.45~/ud.~Carne >~Hamburguesas y picadas~https://tienda.mercadona.es/product/3454/preparado-carne-picada-vacuno-bandeja~3454~2023-03-12 01:18:33.346060
Preparado de carne picada pollo y pavo~Bandeja~500 g~| 7,40 €/kg~3.7~/ud.~Carne >~Hamburguesas y picadas~https://tienda.mercadona.es/product/2870/preparado-carne-picada-pollo-pavo-bandeja~2870~2023-03-12 01:18:33.836736
Preparado de carne picada pollo y pavo~Bandeja~1 kg~| 7,00 €/kg~7.0~/ud.~Carne >~Hamburguesas y picadas~https://tienda.mercadona.es/product/3452/preparado-carne-picada-pollo-pavo-bandeja~3452~2023-03-12 01:18:34.382273
Albóndigas de cerdo~Bandeja~24 ud. (840 g)~| 5,655 €/kg~4.75~/ud.~Carne >~Hamburguesas y picadas~https://tienda.mercadona.es/product/2871/albondigas-cerdo-bandeja~2871~2023-03-12 01:18:34.899087
Albóndigas de pollo~Bandeja~840 g~| 7,50 €/kg~6.3~/ud.~Carne >~Hamburguesas y picadas~https://tienda.mercadona.es/product/23632/albondigas-pollo-bandeja~23632~2023-03-12 01:18:35.476813
Tacos de vacuno añojo para guisar~Bandeja~600 g aprox.~| 11,99 €/kg~7.19~/ud.~Carne >~Vacuno~https://tienda.mercadona.es/product/2807/tacos-vacuno-anojo-guisar-bandeja~2807~2023-03-12 01:19:30.053169
Lomo de vacuno añojo para plancha~Bandeja~400 g aprox.~| 18,50 €/kg~7.4~/ud.~Carne >~Vacuno~https://tienda.mercadona.es/product/3754/lomo-vacuno-anojo-plancha-bandeja~3754~2023-03-12 01:19:30.655422
Filetes de vacuno al ajillo~Bandeja~450 g aprox.~| 15,79 €/kg~7.11~/ud.~Carne >~Vacuno~https://tienda.mercadona.es/product/2834/filetes-vacuno-ajillo-bandeja~2834~2023-03-12 01:19:31.168300
Solomillo de vacuno añojo para plancha~Bandeja~400 g aprox.~| 36,90 €/kg~14.76~/ud.~Carne >~Vacuno~https://tienda.mercadona.es/product/3758/solomillo-vacuno-anojo-plancha-bandeja~3758~2023-03-12 01:19:31.697883
Carpaccio de vacuno~Bandeja~110 g~| 34,091 €/kg~3.75~/ud.~Carne >~Vacuno~https://tienda.mercadona.es/product/2632/carpaccio-vacuno-bandeja~2632~2023-03-12 01:19:32.284084
Filetes de vacuno añojo para plancha~Bandeja~500 g aprox.~| 14,99 €/kg~7.5~/ud.~Carne >~Vacuno~https://tienda.mercadona.es/product/2900/filetes-vacuno-anojo-plancha-bandeja~2900~2023-03-12 01:19:32.808844
Entrecot de vacuno fino añojo para barbacoa o plancha~Bandeja~400 g aprox.~| 21,90 €/kg~8.76~/ud.~Carne >~Vacuno~https://tienda.mercadona.es/product/3756/entrecot-vacuno-fino-anojo-barbacoa-plancha-bandeja~3756~2023-03-12 01:19:33.358187
Entrecot de vacuno grueso añojo para barbacoa o plancha~Bandeja~400 g aprox.~| 21,90 €/kg~8.76~/ud.~Carne >~Vacuno~https://tienda.mercadona.es/product/3755/entrecot-vacuno-grueso-anojo-barbacoa-plancha-bandeja~3755~2023-03-12 01:19:33.877320
Churrasco de vacuno añojo para barbacoa o plancha~Bandeja~500 g aprox.~| 11,90 €/kg~5.95~/ud.~Carne >~Vacuno~https://tienda.mercadona.es/product/3737/churrasco-vacuno-anojo-barbacoa-plancha-bandeja~3737~2023-03-12 01:19:34.400279
Entrecot de ternera blanca para plancha~Bandeja~500 g aprox.~| 27,40 €/kg~13.7~/ud.~Carne >~Vacuno~https://tienda.mercadona.es/product/2808/entrecot-ternera-blanca-plancha-bandeja~2808~2023-03-12 01:19:34.921062
Filetes hígado de vacuno añojo~Bandeja~600 g aprox.~| 9,20 €/kg~5.52~/ud.~Carne >~Vacuno~https://tienda.mercadona.es/product/2861/filetes-higado-vacuno-anojo-bandeja~2861~2023-03-12 01:19:35.450970
Filetes de vacuno añojo para empanar~Bandeja~550 g aprox.~| 14,80 €/kg~8.14~/ud.~Carne >~Vacuno~https://tienda.mercadona.es/product/4448/filetes-vacuno-anojo-empanar-bandeja~4448~2023-03-12 01:19:35.986680
Chuletón de vacuno añojo para barbacoa o plancha~Bandeja~550 g aprox.~| 19,00 €/kg~10.45~/ud.~Carne >~Vacuno~https://tienda.mercadona.es/product/2155/chuleton-vacuno-anojo-barbacoa-plancha-bandeja~2155~2023-03-12 01:19:36.513476
Callos de vacuno~Bandeja~550 g aprox.~| 9,90 €/kg~5.45~/ud.~Carne >~Vacuno~https://tienda.mercadona.es/product/3743/callos-vacuno-bandeja~3743~2023-03-12 01:19:37.035694
Filetes de vacuno añojo fricandó para plancha o guisar~Bandeja~500 g aprox.~| 12,99 €/kg~6.5~/ud.~Carne >~Vacuno~https://tienda.mercadona.es/product/3738/filetes-vacuno-anojo-fricando-plancha-guisar-bandeja~3738~2023-03-12 01:19:37.558347
Escalopín de vacuno añojo para plancha o guisar~Bandeja~400 g aprox.~| 12,99 €/kg~5.2~/ud.~Carne >~Vacuno~https://tienda.mercadona.es/product/3751/escalopin-vacuno-anojo-plancha-guisar-bandeja~3751~2023-03-12 01:19:38.028050
Nuggets de pollo Hacendado ultracongelados~Paquete~500 g~| 5,40 €/kg~2.7~/ud.~Carne >~Empanados y elaborados~https://tienda.mercadona.es/product/63323/nuggets-pollo-hacendado-ultracongelados-paquete~63323~2023-03-12 01:35:40.855302
Delicias de pollo Hacendado ultracongeladas con empanado a base de maíz~Paquete~500 g~| 7,60 €/kg~3.8~/ud.~Carne >~Empanados y elaborados~https://tienda.mercadona.es/product/63322/delicias-pollo-hacendado-ultracongeladas-con-empanado-base-maiz-paquete~63322~2023-03-12 01:35:41.425233
Croquetas de cocido Hacendado ultracongeladas~Paquete~350 g~| 5,429 €/kg~1.9~/ud.~Carne >~Empanados y elaborados~https://tienda.mercadona.es/product/13496/croquetas-cocido-hacendado-ultracongeladas-paquete~13496~2023-03-12 01:35:41.932506
Nuggets de pavo Hacendado ultracongelados~Paquete~400 g~| 8,00 €/kg~3.2~/ud.~Carne >~Empanados y elaborados~https://tienda.mercadona.es/product/63007/nuggets-pavo-hacendado-ultracongelados-paquete~63007~2023-03-12 01:35:42.464775
Brochetas de pollo~Bandeja~345 g~| 9,16 €/kg~3.16~/ud.~Carne >~Aves y pollo~https://tienda.mercadona.es/product/2842/brochetas-pollo-bandeja~2842~2023-03-12 01:35:42.982951
Flautas de pollo y queso~Bandeja~280 g~| 7,143 €/kg~1.95~/ud.~Carne >~Aves y pollo~https://tienda.mercadona.es/product/2137/flautas-pollo-queso-bandeja~2137~2023-03-12 01:35:43.521325
Flautas de bacón y queso~Bandeja~280 g~| 7,066 €/kg~1.95~/ud.~Carne >~Cerdo~https://tienda.mercadona.es/product/2169/flautas-bacon-queso-bandeja~2169~2023-03-12 01:35:44.073149
Lomo de cerdo adobado~Bandeja~470 g aprox.~| 6,95 €/kg~3.27~/ud.~Carne >~Cerdo~https://tienda.mercadona.es/product/2715/lomo-cerdo-adobado-bandeja~2715~2023-03-12 01:35:44.568500
San Jacobos de cerdo sin gluten~Bandeja~400 g~| 6,55 €/kg~2.62~/ud.~Carne >~Cerdo~https://tienda.mercadona.es/product/21119/san-jacobos-cerdo-sin-gluten-bandeja~21119~2023-03-12 01:35:45.102243
Pechugas de pollo finas hierbas marinadas~Bandeja~650 g aprox.~| 7,60 €/kg~4.94~/ud.~Carne >~Aves y pollo~https://tienda.mercadona.es/product/2833/pechugas-pollo-finas-hierbas-marinadas-bandeja~2833~2023-03-12 01:35:45.657881
Medallones pechuga de pollo marinado~Bandeja~650 g aprox.~| 6,95 €/kg~4.52~/ud.~Carne >~Aves y pollo~https://tienda.mercadona.es/product/2831/medallones-pechuga-pollo-marinado-bandeja~2831~2023-03-12 01:35:46.205234
Pechugas de pollo marinadas empanadas sin gluten~Bandeja~360 g aprox.~| 7,87 €/kg~2.83~/ud.~Carne >~Aves y pollo~https://tienda.mercadona.es/product/21227/pechugas-pollo-marinadas-empanadas-sin-gluten-bandeja~21227~2023-03-12 01:35:46.761803
Pinchos de cerdo sin varilla~Bandeja~510 g aprox.~| 8,50 €/kg~4.34~/ud.~Carne >~Cerdo~https://tienda.mercadona.es/product/2839/pinchos-cerdo-sin-varilla-bandeja~2839~2023-03-12 01:35:47.314782
Medallones preparado de solomillo cerdo provenzal~Bandeja~400 g aprox.~| 10,50 €/kg~4.2~/ud.~Carne >~Cerdo~https://tienda.mercadona.es/product/4152/medallones-preparado-solomillo-cerdo-provenzal-bandeja~4152~2023-03-12 01:35:47.873808
Filetes de vacuno al ajillo~Bandeja~450 g aprox.~| 15,79 €/kg~7.11~/ud.~Carne >~Vacuno~https://tienda.mercadona.es/product/2834/filetes-vacuno-ajillo-bandeja~2834~2023-03-12 01:35:48.437295
Alas de pollo adobadas~Bandeja~680 g aprox.~| 4,90 €/kg~3.33~/ud.~Carne >~Aves y pollo~https://tienda.mercadona.es/product/2832/alas-pollo-adobadas-bandeja~2832~2023-03-12 01:35:49.043838
Fiambre de magro de cerdo adobado~Paquete~370 g~| 7,244 €/kg~2.68~/ud.~Carne >~Cerdo~https://tienda.mercadona.es/product/23308/fiambre-magro-cerdo-adobado-paquete~23308~2023-03-12 01:35:49.604950
Chuletas de pavo al ajillo~Bandeja~600 g aprox.~| 7,10 €/kg~4.26~/ud.~Carne >~Aves y pollo~https://tienda.mercadona.es/product/2837/chuletas-pavo-ajillo-bandeja~2837~2023-03-12 01:35:50.151170
Costilla de cerdo ibérico adobada~Bandeja~600 g aprox.~| 6,65 €/kg~3.99~/ud.~Carne >~Cerdo~https://tienda.mercadona.es/product/1564/costilla-cerdo-iberico-adobada-bandeja~1564~2023-03-12 01:35:50.717345
Brochetas de pavo~Bandeja~500 g aprox.~| 8,70 €/kg~4.35~/ud.~Carne >~Aves y pollo~https://tienda.mercadona.es/product/4156/brochetas-pavo-bandeja~4156~2023-03-12 01:35:51.300515
Filetes lomo al ajillo~Bandeja~500 g aprox.~| 7,50 €/kg~3.75~/ud.~Carne >~Cerdo~https://tienda.mercadona.es/product/3440/filetes-lomo-ajillo-bandeja~3440~2023-03-12 01:35:51.860610
Pechugas de pavo pimentón~Bandeja~580 g aprox.~| 8,65 €/kg~5.02~/ud.~Carne >~Aves y pollo~https://tienda.mercadona.es/product/2836/pechugas-pavo-pimenton-bandeja~2836~2023-03-12 01:35:52.426838
Fiambre de pechuga de pavo adobada~Bandeja~370 g~| 9,487 €/kg~3.51~/ud.~Carne >~Empanados y elaborados~https://tienda.mercadona.es/product/23306/fiambre-pechuga-pavo-adobada-bandeja~23306~2023-03-12 01:35:52.971863
Filetes de cerdo empanados sin gluten~Bandeja~450 g aprox.~| 8,32 €/kg~3.74~/ud.~Carne >~Cerdo~https://tienda.mercadona.es/product/21168/filetes-cerdo-empanados-sin-gluten-bandeja~21168~2023-03-12 01:35:53.523530
Pinchos de cerdo con varilla~Bandeja~4 pinchos (302 g aprox.)~| 11,91 €/kg~3.6~/ud.~Carne >~Cerdo~https://tienda.mercadona.es/product/2840/pinchos-cerdo-con-varilla-bandeja~2840~2023-03-12 01:35:54.080853
Contramuslos de pollo marinados con piel~Bandeja~600 g aprox.~| 7,25 €/kg~4.35~/ud.~Carne >~Aves y pollo~https://tienda.mercadona.es/product/2970/contramuslos-pollo-marinados-con-piel-bandeja~2970~2023-03-12 01:35:54.637610
Nuggets de pollo sin gluten~Bandeja~312 g~| 8,013 €/kg~2.5~/ud.~Carne >~Aves y pollo~https://tienda.mercadona.es/product/21234/nuggets-pollo-sin-gluten-bandeja~21234~2023-03-12 01:35:55.288012
Tacos de pavo al ajillo~Bandeja~600 g aprox.~| 6,35 €/kg~3.81~/ud.~Carne >~Aves y pollo~https://tienda.mercadona.es/product/3443/tacos-pavo-ajillo-bandeja~3443~2023-03-12 01:35:55.851351
Chuletas de cerdo sajonia~Bandeja~290 g aprox.~| 9,55 €/kg~2.77~/ud.~Carne >~Cerdo~https://tienda.mercadona.es/product/23305/chuletas-cerdo-sajonia-bandeja~23305~2023-03-12 01:35:56.388797
Lomo de cerdo ibérico adobado~Paquete~220 g aprox.~| 21,90 €/kg~4.82~/ud.~Carne >~Cerdo~https://tienda.mercadona.es/product/1886/lomo-cerdo-iberico-adobado-paquete~1886~2023-03-12 01:35:56.907374
Croquetas de jamón~Paquete~335 g~| 10,448 €/kg~3.5~/ud.~Carne >~Empanados y elaborados~https://tienda.mercadona.es/product/23271/croquetas-jamon-paquete~23271~2023-03-12 01:35:57.469229
Callos preparados de ternera Rogusa~Paquete~500 g~| 6,80 €/kg~3.4~/ud.~Carne >~Empanados y elaborados~https://tienda.mercadona.es/product/2179/callos-preparados-ternera-rogusa-paquete~2179~2023-03-12 01:35:58.040440
Oreja de cerdo cocida adobada Rogusa~Paquete~500 g~| 7,80 €/kg~3.9~/ud.~Carne >~Empanados y elaborados~https://tienda.mercadona.es/product/2185/oreja-cerdo-cocida-adobada-rogusa-paquete~2185~2023-03-12 01:35:58.601506
Pincho amarillo de cerdo con perejil~Bandeja~500 g aprox.~| 8,50 €/kg~4.25~/ud.~Carne >~Empanados y elaborados~https://tienda.mercadona.es/product/3455/pincho-amarillo-cerdo-con-perejil-bandeja~3455~2023-03-12 01:35:59.163115
Pinchos de pollo con varilla~Bandeja~4 pinchos (320 g aprox.)~| 10,85 €/kg~3.47~/ud.~Carne >~Aves y pollo~https://tienda.mercadona.es/product/5245/pinchos-pollo-con-varilla-bandeja~5245~2023-03-12 01:35:59.747841
Pinchos de pollo adobados~Bandeja~500 g aprox.~| 7,95 €/kg~3.98~/ud.~Carne >~Aves y pollo~https://tienda.mercadona.es/product/3456/pinchos-pollo-adobados-bandeja~3456~2023-03-12 01:36:00.330151
Lagrimitas de pollo al limón empanadas sin gluten~Bandeja~340 g aprox.~| 8,70 €/kg~2.96~/ud.~Carne >~Aves y pollo~https://tienda.mercadona.es/product/21235/lagrimitas-pollo-limon-empanadas-sin-gluten-bandeja~21235~2023-03-12 01:36:00.909638
Fiambre lomo de cerdo adobado~Bandeja~370 g~| 9,46 €/kg~3.5~/ud.~Carne >~Cerdo~https://tienda.mercadona.es/product/23309/fiambre-lomo-cerdo-adobado-bandeja~23309~2023-03-12 01:36:01.483957
Pechugas de pollo rellenas de jamón y queso empanadas sin gluten~Bandeja~450 g aprox.~| 10,10 €/kg~4.55~/ud.~Carne >~Aves y pollo~https://tienda.mercadona.es/product/21257/pechugas-pollo-rellenas-jamon-queso-empanadas-sin-gluten-bandeja~21257~2023-03-12 01:36:02.103659
Solomillos de pollo marinados empanados sin gluten~Bandeja~450 g aprox.~| 9,55 €/kg~4.3~/ud.~Carne >~Aves y pollo~https://tienda.mercadona.es/product/21243/solomillos-pollo-marinados-empanados-sin-gluten-bandeja~21243~2023-03-12 01:36:02.677990
Libritos de cerdo rellenos de pimiento verde y jamón curado empanados sin gluten~Bandeja~380 g aprox.~| 10,10 €/kg~3.84~/ud.~Carne >~Cerdo~https://tienda.mercadona.es/product/21272/libritos-cerdo-rellenos-pimiento-verde-jamon-curado-empanados-sin-gluten-bandeja~21272~2023-03-12 01:36:03.254442
Croquetas de pollo~Paquete~335 g~| 10,448 €/kg~3.5~/ud.~Carne >~Empanados y elaborados~https://tienda.mercadona.es/product/23270/croquetas-pollo-paquete~23270~2023-03-12 01:36:03.846130
Cereales rellenos de leche Hacendado~Caja~500 g~| 5,20 €/kg~2.6~/ud.~Cereales y galletas >~Cereales~https://tienda.mercadona.es/product/9264/cereales-rellenos-leche-hacendado-caja~9264~2023-03-12 01:48:40.503483
Mini cereales rellenos de leche Hacendado~Caja~5 bolsitas (175 g)~| 11,143 €/kg~1.95~/ud.~Cereales y galletas >~Cereales~https://tienda.mercadona.es/product/9333/mini-cereales-rellenos-leche-hacendado-caja~9333~2023-03-12 01:48:41.178118
Cereales rellenos de chocolate y avellana Hacendado~Paquete~500 g~| 4,30 €/kg~2.15~/ud.~Cereales y galletas >~Cereales~https://tienda.mercadona.es/product/9377/cereales-rellenos-chocolate-avellana-hacendado-paquete~9377~2023-03-12 01:48:41.710426
Cereales copos de maíz Miel Hacendado recubiertos con azúcar y miel mezclado con cacahuetes~Caja~400 g~| 6,00 €/kg~2.4~/ud.~Cereales y galletas >~Cereales~https://tienda.mercadona.es/product/23527/cereales-copos-maiz-miel-hacendado-recubiertos-con-azucar-miel-mezclado-con-cacahuetes-caja~23527~2023-03-12 01:48:42.257661
Cereales copos de maíz Corn Flakes Hacendado 0% azúcares añadidos~Caja~500 g~| 3,00 €/kg~1.5~/ud.~Cereales y galletas >~Cereales~https://tienda.mercadona.es/product/22966/cereales-copos-maiz-corn-flakes-hacendado-0-azucares-anadidos-caja~22966~2023-03-12 01:48:42.821679
Cereales de arroz inflado Choco Rice Hacendado con chocolate~Caja~500 g~| 4,20 €/kg~2.1~/ud.~Cereales y galletas >~Cereales~https://tienda.mercadona.es/product/9592/cereales-arroz-inflado-choco-rice-hacendado-con-chocolate-caja~9592~2023-03-12 01:48:43.416748
Cereales copos de maíz Corn Flakes Kellogg's~Caja~500 g~| 6,00 €/kg~3.0~/ud.~Cereales y galletas >~Cereales~https://tienda.mercadona.es/product/9210/cereales-copos-maiz-corn-flakes-kelloggs-caja~9210~2023-03-12 01:48:44.021279
Cereales de arroz inflado Choco Krispies Kellogg's con chocolate~Caja~450 g~| 6,667 €/kg~3.0~/ud.~Cereales y galletas >~Cereales~https://tienda.mercadona.es/product/60716/cereales-arroz-inflado-choco-krispies-kelloggs-con-chocolate-caja~60716~2023-03-12 01:48:44.615788
Cereales copos de trigo Chocodays Hacendado con chocolate~Caja~500 g~| 3,50 €/kg~1.75~/ud.~Cereales y galletas >~Cereales~https://tienda.mercadona.es/product/9508/cereales-copos-trigo-chocodays-hacendado-con-chocolate-caja~9508~2023-03-12 01:48:45.229484
Cereales copos de maíz Corn Flakes Harvest Home sin gluten Nestlé~Caja~375 g~| 6,907 €/kg~2.59~/ud.~Cereales y galletas >~Cereales~https://tienda.mercadona.es/product/9216/cereales-copos-maiz-corn-flakes-harvest-home-sin-gluten-nestle-caja~9216~2023-03-12 01:48:45.839889
Cereales rellenos de crema de cacao y avellana Hacendado sin gluten~Paquete~400 g~| 5,625 €/kg~2.25~/ud.~Cereales y galletas >~Cereales~https://tienda.mercadona.es/product/9547/cereales-rellenos-crema-cacao-avellana-hacendado-sin-gluten-paquete~9547~2023-03-12 01:48:46.447479
Cereales Peanut Balls Hacendado bolas de maíz y crema de cacahuete~Caja~400 g~| 6,25 €/kg~2.5~/ud.~Cereales y galletas >~Cereales~https://tienda.mercadona.es/product/60875/cereales-peanut-balls-hacendado-bolas-maiz-crema-cacahuete-caja~60875~2023-03-12 01:48:47.053414
Copos de avena Brüggen~Caja~500 g~| 2,00 €/kg~1.0~/ud.~Cereales y galletas >~Cereales~https://tienda.mercadona.es/product/9222/copos-avena-bruggen-caja~9222~2023-03-12 01:48:47.616270
Cereales copos de trigo integral y arroz Special K Classic Kellogg's~Caja~500 g~| 6,50 €/kg~3.25~/ud.~Cereales y galletas >~Cereales~https://tienda.mercadona.es/product/9284/cereales-copos-trigo-integral-arroz-special-k-classic-kelloggs-caja~9284~2023-03-12 01:48:48.237556
Muesli Crunchy Hacendado con chocolate 15% de chocolate~Paquete~500 g~| 4,20 €/kg~2.1~/ud.~Cereales y galletas >~Cereales~https://tienda.mercadona.es/product/9355/muesli-crunchy-hacendado-con-chocolate-15-chocolate-paquete~9355~2023-03-12 01:48:48.933772
Cereales copos de trigo integral y arroz Special K con chocolate negro Kellogg's~Caja~375 g~| 7,467 €/kg~2.8~/ud.~Cereales y galletas >~Cereales~https://tienda.mercadona.es/product/9275/cereales-copos-trigo-integral-arroz-special-k-con-chocolate-negro-kelloggs-caja~9275~2023-03-12 01:48:49.538899
Cereales copos de trigo integral y arroz Hacendado 0% azúcares añadidos Linnea V~Caja~500 g~| 4,20 €/kg~2.1~/ud.~Cereales y galletas >~Cereales~https://tienda.mercadona.es/product/9488/cereales-copos-trigo-integral-arroz-hacendado-0-azucares-anadidos-linnea-v-caja~9488~2023-03-12 01:48:50.134574
Cereales copos de trigo espelta integral Hacendado 0% azúcares añadidos~Paquete~400 g~| 4,50 €/kg~1.8~/ud.~Cereales y galletas >~Cereales~https://tienda.mercadona.es/product/9571/cereales-copos-trigo-espelta-integral-hacendado-0-azucares-anadidos-paquete~9571~2023-03-12 01:48:50.828583
Cereales integrales copos de trigo Chocapic Nestlé con chocolate~Caja~625 g~| 6,32 €/kg~3.95~/ud.~Cereales y galletas >~Cereales~https://tienda.mercadona.es/product/9257/cereales-integrales-copos-trigo-chocapic-nestle-con-chocolate-caja~9257~2023-03-12 01:48:51.446899
Muesli Crunchy Hacendado con frutos secos~Paquete~500 g~| 4,00 €/kg~2.0~/ud.~Cereales y galletas >~Cereales~https://tienda.mercadona.es/product/9357/muesli-crunchy-hacendado-con-frutos-secos-paquete~9357~2023-03-12 01:48:52.052983
Muesli Crunchy Hacendado sin azúcares añadidos~Paquete~500 g~| 3,90 €/kg~1.95~/ud.~Cereales y galletas >~Cereales~https://tienda.mercadona.es/product/9451/muesli-crunchy-hacendado-sin-azucares-anadidos-paquete~9451~2023-03-12 01:48:52.681034
Cereales copos de trigo integral y arroz Hacendado bañados en chocolate con leche Linnea V~Caja~375 g~| 6,40 €/kg~2.4~/ud.~Cereales y galletas >~Cereales~https://tienda.mercadona.es/product/9487/cereales-copos-trigo-integral-arroz-hacendado-banados-chocolate-con-leche-linnea-v-caja~9487~2023-03-12 01:48:53.255463
Cereales copos de trigo, arroz y cebada integral Hacendado con chocolate Linnea V~Caja~450 g~| 4,889 €/kg~2.2~/ud.~Cereales y galletas >~Cereales~https://tienda.mercadona.es/product/15609/cereales-copos-trigo-arroz-cebada-integral-hacendado-con-chocolate-linnea-v-caja~15609~2023-03-12 01:48:53.864928
Cereales copos de arroz y trigo integral Classic Hacendado Linnea V~Caja~500 g~| 3,60 €/kg~1.8~/ud.~Cereales y galletas >~Cereales~https://tienda.mercadona.es/product/15608/cereales-copos-arroz-trigo-integral-classic-hacendado-linnea-v-caja~15608~2023-03-12 01:48:54.430695
Muesli Crunchy Hacendado~Paquete~500 g~| 3,20 €/kg~1.6~/ud.~Cereales y galletas >~Cereales~https://tienda.mercadona.es/product/9548/muesli-crunchy-hacendado-paquete~9548~2023-03-12 01:48:55.007080
Cereales de trigo entero integral Weetabix~Caja~430 g~| 7,187 €/kg~3.09~/ud.~Cereales y galletas >~Cereales~https://tienda.mercadona.es/product/9281/cereales-trigo-entero-integral-weetabix-caja~9281~2023-03-12 01:48:55.601094
Muesli Crunchy Hacendado con fruta 20% de fruta~Paquete~500 g~| 4,00 €/kg~2.0~/ud.~Cereales y galletas >~Cereales~https://tienda.mercadona.es/product/9356/muesli-crunchy-hacendado-con-fruta-20-fruta-paquete~9356~2023-03-12 01:48:56.166158
Avena molida Hacendado~Paquete~500 g~| 2,22 €/kg~1.11~/ud.~Cereales y galletas >~Cereales~https://tienda.mercadona.es/product/9457/avena-molida-hacendado-paquete~9457~2023-03-12 01:48:56.715810
Cereales All-Bran Kellogg's con chocolate~Caja~375 g~| 8,00 €/kg~3.0~/ud.~Cereales y galletas >~Cereales~https://tienda.mercadona.es/product/9394/cereales-all-bran-kelloggs-con-chocolate-caja~9394~2023-03-12 01:48:57.319118
Salvado de avena Hacendado con 16% de fibra~Paquete~500 g~| 3,30 €/kg~1.65~/ud.~Cereales y galletas >~Cereales~https://tienda.mercadona.es/product/16808/salvado-avena-hacendado-con-16-fibra-paquete~16808~2023-03-12 01:48:57.924952
Cereales y semillas granola Hacendado con frutos secos bajo en azúcar~Paquete~400 g~| 6,00 €/kg~2.4~/ud.~Cereales y galletas >~Cereales~https://tienda.mercadona.es/product/9474/cereales-semillas-granola-hacendado-con-frutos-secos-bajo-azucar-paquete~9474~2023-03-12 01:48:58.497098
Cereales con salvado de trigo Fibra Sticks Hacendado~Caja~500 g~| 3,60 €/kg~1.8~/ud.~Cereales y galletas >~Cereales~https://tienda.mercadona.es/product/60236/cereales-con-salvado-trigo-fibra-sticks-hacendado-caja~60236~2023-03-12 01:48:59.087094
Muesli Hacendado con frutas~Paquete~1 kg~| 2,35 €/kg~2.35~/ud.~Cereales y galletas >~Cereales~https://tienda.mercadona.es/product/9491/muesli-hacendado-con-frutas-paquete~9491~2023-03-12 01:48:59.706826
Muesli Hacendado 50% frutas y frutos secos~Paquete~500 g~| 3,90 €/kg~1.95~/ud.~Cereales y galletas >~Cereales~https://tienda.mercadona.es/product/9492/muesli-hacendado-50-frutas-frutos-secos-paquete~9492~2023-03-12 01:49:00.319898
Salvado de trigo integral Hacendado con 45% de fibra~Paquete~250 g~| 5,40 €/kg~1.35~/ud.~Cereales y galletas >~Cereales~https://tienda.mercadona.es/product/29340/salvado-trigo-integral-hacendado-con-45-fibra-paquete~29340~2023-03-12 01:49:00.872880
Muesli Hacendado con quinoa, chía y chocolate negro~Paquete~400 g~| 5,75 €/kg~2.3~/ud.~Cereales y galletas >~Cereales~https://tienda.mercadona.es/product/9536/muesli-hacendado-con-quinoa-chia-chocolate-negro-paquete~9536~2023-03-12 01:49:01.508922
Cereales Cereal Mix Hacendado 0% azúcares añadidos~Paquete~375 g~| 7,20 €/kg~2.7~/ud.~Cereales y galletas >~Cereales~https://tienda.mercadona.es/product/9532/cereales-cereal-mix-hacendado-0-azucares-anadidos-paquete~9532~2023-03-12 01:49:02.158450
Cereales avena Crunchy Hacendado 85% avena integral y bajo contenido en azúcar~Caja~400 g~| 5,125 €/kg~2.05~/ud.~Cereales y galletas >~Cereales~https://tienda.mercadona.es/product/15611/cereales-avena-crunchy-hacendado-85-avena-integral-bajo-contenido-azucar-caja~15611~2023-03-12 01:49:02.800880
Cereales con salvado de trigo Fruta y Fibra Hacendado~Caja~450 g~| 5,223 €/kg~2.35~/ud.~Cereales y galletas >~Cereales~https://tienda.mercadona.es/product/79616/cereales-con-salvado-trigo-fruta-fibra-hacendado-caja~79616~2023-03-12 01:49:03.546279
Barritas de cereales Hacendado chocolate con leche~Caja~6 barritas (120 g)~| 12,084 €/kg~1.45~/ud.~Cereales y galletas >~Cereales~https://tienda.mercadona.es/product/9350/barritas-cereales-hacendado-chocolate-con-leche-caja~9350~2023-03-12 01:49:04.200230
Barritas de cereales Hacendado con chocolate blanco~Caja~6 barritas (127 g)~| 9,449 €/kg~1.2~/ud.~Cereales y galletas >~Cereales~https://tienda.mercadona.es/product/73249/barritas-cereales-hacendado-con-chocolate-blanco-caja~73249~2023-03-12 01:49:04.877221
Barritas de cereales muesli Hacendado con chocolate~Caja~6 barritas (138 g)~| 9,421 €/kg~1.3~/ud.~Cereales y galletas >~Cereales~https://tienda.mercadona.es/product/9349/barritas-cereales-muesli-hacendado-con-chocolate-caja~9349~2023-03-12 01:49:05.517902
Barritas de sésamo Schock's~Caja~6 barritas (75 g)~| 16,667 €/kg~1.25~/ud.~Cereales y galletas >~Cereales~https://tienda.mercadona.es/product/9453/barritas-sesamo-schocks-caja~9453~2023-03-12 01:49:06.140929
Barritas de cereales muesli Hacendado frutos secos~Caja~6 barritas (150 g)~| 8,667 €/kg~1.3~/ud.~Cereales y galletas >~Cereales~https://tienda.mercadona.es/product/9348/barritas-cereales-muesli-hacendado-frutos-secos-caja~9348~2023-03-12 01:49:06.757752
Barritas de cereales Hacendado con avena, chocolate negro y naranja 0% azúcares añadidos~Caja~6 barritas (168 g)~| 7,739 €/kg~1.3~/ud.~Cereales y galletas >~Cereales~https://tienda.mercadona.es/product/9468/barritas-cereales-hacendado-con-avena-chocolate-negro-naranja-0-azucares-anadidos-caja~9468~2023-03-12 01:49:07.385546
Barritas de cereales Hacendado con arándanos~Caja~6 barritas (120 g)~| 12,084 €/kg~1.45~/ud.~Cereales y galletas >~Cereales~https://tienda.mercadona.es/product/9374/barritas-cereales-hacendado-con-arandanos-caja~9374~2023-03-12 01:49:08.102483
Barritas Sustitutivo de comida Belladieta sabor avena y chocolate con leche Enervit~Caja~4 barritas (120 g)~| 25,834 €/kg~3.1~/ud.~Cereales y galletas >~Cereales~https://tienda.mercadona.es/product/86259/barritas-sustitutivo-comida-belladieta-sabor-avena-chocolate-con-leche-enervit-caja~86259~2023-03-12 01:49:08.739910
Barritas de frutos secos Hacendado~Caja~4 barritas (120 g)~| 16,25 €/kg~1.95~/ud.~Cereales y galletas >~Cereales~https://tienda.mercadona.es/product/9523/barritas-frutos-secos-hacendado-caja~9523~2023-03-12 01:49:09.402547
Barritas con proteínas Enervit Sport sabor coco y chocolate~Caja~3 barritas (120 g)~| 26,25 €/kg~3.15~/ud.~Cereales y galletas >~Cereales~https://tienda.mercadona.es/product/9445/barritas-con-proteinas-enervit-sport-sabor-coco-chocolate-caja~9445~2023-03-12 01:49:10.059896
Barritas Sustitutivo de comida Belladieta sabor chocolate negro Enervit~Caja~4 barritas (120 g)~| 25,834 €/kg~3.1~/ud.~Cereales y galletas >~Cereales~https://tienda.mercadona.es/product/86258/barritas-sustitutivo-comida-belladieta-sabor-chocolate-negro-enervit-caja~86258~2023-03-12 01:49:10.703894
Barritas de cereales muesli Hacendado con albaricoque y gotas sabor yogur~Caja~6 barritas (150 g)~| 8,667 €/kg~1.3~/ud.~Cereales y galletas >~Cereales~https://tienda.mercadona.es/product/9347/barritas-cereales-muesli-hacendado-con-albaricoque-gotas-sabor-yogur-caja~9347~2023-03-12 01:49:11.349896
Snack con proteínas Belladieta sabor coco y chocolate negro Enervit~3 barritas x 27 g~| 32,099 €/kg~Not available~2.6~/pack~Cereales y galletas >~Cereales~https://tienda.mercadona.es/product/23668/snack-con-proteinas-belladieta-sabor-coco-chocolate-negro-enervit-caja~23668~2023-03-12 01:49:11.985827
Barrita con proteínas Enervit Sport sabor chocolate negro~Caja~3 barritas (180 g)~| 27,223 €/kg~4.9~/ud.~Cereales y galletas >~Cereales~https://tienda.mercadona.es/product/23670/barrita-con-proteinas-enervit-sport-sabor-chocolate-negro-caja~23670~2023-03-12 01:49:12.642302
Galletas María dorada Hacendado~Paquete~4 ud. (800 g)~| 2,125 €/kg~1.7~/ud.~Cereales y galletas >~Galletas~https://tienda.mercadona.es/product/14132/galletas-maria-dorada-hacendado-paquete~14132~2023-03-12 01:55:35.180339
Galletas Dinosaurus con cereales Artiach~Caja~10 paquetes (411 g)~| 8,516 €/kg~3.5~/ud.~Cereales y galletas >~Galletas~https://tienda.mercadona.es/product/23570/galletas-dinosaurus-con-cereales-artiach-caja~23570~2023-03-12 01:55:35.753783
Galletas Divertidas con cereales Hacendado~Caja~10 paquetes (411 g)~| 5,232 €/kg~2.15~/ud.~Cereales y galletas >~Galletas~https://tienda.mercadona.es/product/22688/galletas-divertidas-con-cereales-hacendado-caja~22688~2023-03-12 01:55:36.291444
Galletas tostadas Tosta Rica Cuétara~Caja~3 paquetes (570 g)~| 5,264 €/kg~3.0~/ud.~Cereales y galletas >~Galletas~https://tienda.mercadona.es/product/14087/galletas-tostadas-tosta-rica-cuetara-caja~14087~2023-03-12 01:55:36.862274
Galletas tostadas Animadas Hacendado~Paquete~3 ud. (600 g)~| 3,00 €/kg~1.8~/ud.~Cereales y galletas >~Galletas~https://tienda.mercadona.es/product/14080/galletas-tostadas-animadas-hacendado-paquete~14080~2023-03-12 01:55:37.373769
Galletas Relieve Hacendado~Paquete~3 ud. (645 g)~| 2,481 €/kg~1.6~/ud.~Cereales y galletas >~Galletas~https://tienda.mercadona.es/product/14197/galletas-relieve-hacendado-paquete~14197~2023-03-12 01:55:37.915680
Galletas María dorada Hacendado 0% azúcares añadidos~Caja~2 paquetes (400 g)~| 3,875 €/kg~1.55~/ud.~Cereales y galletas >~Galletas~https://tienda.mercadona.es/product/13502/galletas-maria-dorada-hacendado-0-azucares-anadidos-caja~13502~2023-03-12 01:55:38.483553
Galletas María Fontaneda~Caja~4 paquetes (800 g)~| 3,688 €/kg~2.95~/ud.~Cereales y galletas >~Galletas~https://tienda.mercadona.es/product/14010/galletas-maria-fontaneda-caja~14010~2023-03-12 01:55:39.055145
Galletas María sin gluten y sin lactosa Hacendado~Paquete~205 g~| 7,561 €/kg~1.55~/ud.~Cereales y galletas >~Galletas~https://tienda.mercadona.es/product/14235/galletas-maria-sin-gluten-sin-lactosa-hacendado-paquete~14235~2023-03-12 01:55:39.631038
Galletas tradicionales Hacendado~Caja~2 paquetes (600 g)~| 3,667 €/kg~2.2~/ud.~Cereales y galletas >~Galletas~https://tienda.mercadona.es/product/14423/galletas-tradicionales-hacendado-caja~14423~2023-03-12 01:55:40.215143
Galletas María Hacendado~Paquete~4 ud. (800 g)~| 2,125 €/kg~1.7~/ud.~Cereales y galletas >~Galletas~https://tienda.mercadona.es/product/14102/galletas-maria-hacendado-paquete~14102~2023-03-12 01:55:40.788783
Galletas tostadas Hacendado~Paquete~4 ud. (800 g)~| 2,125 €/kg~1.7~/ud.~Cereales y galletas >~Galletas~https://tienda.mercadona.es/product/14324/galletas-tostadas-hacendado-paquete~14324~2023-03-12 01:55:41.361762
Galletas canela Hacendado~Caja~2 paquetes (500 g)~| 3,40 €/kg~1.7~/ud.~Cereales y galletas >~Galletas~https://tienda.mercadona.es/product/14430/galletas-canela-hacendado-caja~14430~2023-03-12 01:55:42.005930
Galletas con huevo y leche Hacendado~Caja~350 g~| 4,572 €/kg~1.6~/ud.~Cereales y galletas >~Galletas~https://tienda.mercadona.es/product/22292/galletas-con-huevo-leche-hacendado-caja~22292~2023-03-12 01:55:42.583529
Galletas Digestive Hacendado~Paquete~2 ud. (800 g)~| 2,25 €/kg~1.8~/ud.~Cereales y galletas >~Galletas~https://tienda.mercadona.es/product/14214/galletas-digestive-hacendado-paquete~14214~2023-03-12 01:55:43.146163
Galletas Digestive avena Hacendado~Paquete~425 g~| 2,824 €/kg~1.2~/ud.~Cereales y galletas >~Galletas~https://tienda.mercadona.es/product/14213/galletas-digestive-avena-hacendado-paquete~14213~2023-03-12 01:55:43.705205
Galletas Digestive 0% azúcares añadidos Hacendado~Paquete~400 g~| 3,625 €/kg~1.45~/ud.~Cereales y galletas >~Galletas~https://tienda.mercadona.es/product/14200/galletas-digestive-0-azucares-anadidos-hacendado-paquete~14200~2023-03-12 01:55:44.299832
Galletas Cereales & fibra Hacendado~Paquete~285 g~| 4,562 €/kg~1.3~/ud.~Cereales y galletas >~Galletas~https://tienda.mercadona.es/product/14198/galletas-cereales-fibra-hacendado-paquete~14198~2023-03-12 01:55:44.967536
Galletas de espelta Hacendado 0% azúcares añadidos~Paquete~200 g~| 6,50 €/kg~1.3~/ud.~Cereales y galletas >~Galletas~https://tienda.mercadona.es/product/14242/galletas-espelta-hacendado-0-azucares-anadidos-paquete~14242~2023-03-12 01:55:45.553159
Galletas Digestive fibra 23% Hacendado~Paquete~400 g~| 4,25 €/kg~1.7~/ud.~Cereales y galletas >~Galletas~https://tienda.mercadona.es/product/14113/galletas-digestive-fibra-23-hacendado-paquete~14113~2023-03-12 01:55:46.136641
Galletas María Integral Hacendado~Paquete~4 ud. (800 g)~| 2,125 €/kg~1.7~/ud.~Cereales y galletas >~Galletas~https://tienda.mercadona.es/product/14006/galletas-maria-integral-hacendado-paquete~14006~2023-03-12 01:55:46.738564
Galletas Digestive avena Hacendado~Caja~8 paquetes (384 g)~| 4,818 €/kg~1.85~/ud.~Cereales y galletas >~Galletas~https://tienda.mercadona.es/product/14210/galletas-digestive-avena-hacendado-caja~14210~2023-03-12 01:55:47.396326
Galletas Cookies Hacendado 40% pepitas de chocolate~Paquete~225 g~| 4,445 €/kg~1.0~/ud.~Cereales y galletas >~Galletas~https://tienda.mercadona.es/product/14212/galletas-cookies-hacendado-40-pepitas-chocolate-paquete~14212~2023-03-12 01:55:48.005648
Galletas rebuenas Hacendado rellenas de chocolate~Paquete~500 g~| 2,60 €/kg~1.3~/ud.~Cereales y galletas >~Galletas~https://tienda.mercadona.es/product/14157/galletas-rebuenas-hacendado-rellenas-chocolate-paquete~14157~2023-03-12 01:55:48.618435
Galletas mini Oreo Lu~Caja~4 paquetes (160 g)~| 11,875 €/kg~1.9~/ud.~Cereales y galletas >~Galletas~https://tienda.mercadona.es/product/14030/galletas-mini-oreo-lu-caja~14030~2023-03-12 01:55:49.209847
Galletas Chocominis sabor chocolate Hacendado~Caja~500 g~| 4,20 €/kg~2.1~/ud.~Cereales y galletas >~Galletas~https://tienda.mercadona.es/product/14159/galletas-chocominis-sabor-chocolate-hacendado-caja~14159~2023-03-12 01:55:49.827567
Galletas Digestive chocolate con leche Hacendado~Paquete~300 g~| 3,50 €/kg~1.05~/ud.~Cereales y galletas >~Galletas~https://tienda.mercadona.es/product/14131/galletas-digestive-chocolate-con-leche-hacendado-paquete~14131~2023-03-12 01:55:50.458714
Galletas Roditas bañadas con chocolate blanco Hacendado~Caja~4 paquetes (300 g)~| 4,834 €/kg~1.45~/ud.~Cereales y galletas >~Galletas~https://tienda.mercadona.es/product/13811/galletas-roditas-banadas-con-chocolate-blanco-hacendado-caja~13811~2023-03-12 01:55:51.046941
Galletas mini caritas Hacendado con crema de cacao~Caja~8 paquetes (329 g)~| 4,56 €/kg~1.5~/ud.~Cereales y galletas >~Galletas~https://tienda.mercadona.es/product/14085/galletas-mini-caritas-hacendado-con-crema-cacao-caja~14085~2023-03-12 01:55:51.610638
Galletas Caocream Hacendado rellenas de crema~Caja~10 paquetes (440 g)~| 3,75 €/kg~1.65~/ud.~Cereales y galletas >~Galletas~https://tienda.mercadona.es/product/15597/galletas-caocream-hacendado-rellenas-crema-caja~15597~2023-03-12 01:55:52.175474
Galletas Choco negro con chocolatina Hacendado~Caja~4 paquetes (150 g)~| 8,00 €/kg~1.2~/ud.~Cereales y galletas >~Galletas~https://tienda.mercadona.es/product/14639/galletas-choco-negro-con-chocolatina-hacendado-caja~14639~2023-03-12 01:55:52.785640
Barritas de galleta Chips Ahoy Lu~Caja~5 barritas (140 g)~| 8,215 €/kg~1.15~/ud.~Cereales y galletas >~Galletas~https://tienda.mercadona.es/product/14133/barritas-galleta-chips-ahoy-lu-caja~14133~2023-03-12 01:55:53.413322
Bizcochitos Monkeys Hacendado rellenos de crema de cacao~Caja~5 paquetes (150 g)~| 8,00 €/kg~1.2~/ud.~Cereales y galletas >~Galletas~https://tienda.mercadona.es/product/23118/bizcochitos-monkeys-hacendado-rellenos-crema-cacao-caja~23118~2023-03-12 01:55:54.051147
Galletas mini cookies Hacendado~Caja~4 paquetes (160 g)~| 8,125 €/kg~1.3~/ud.~Cereales y galletas >~Galletas~https://tienda.mercadona.es/product/14161/galletas-mini-cookies-hacendado-caja~14161~2023-03-12 01:55:54.637234
Galletas con chocolate y crema de leche Hacendado~Caja~8 paquetes (268 g)~| 8,396 €/kg~2.25~/ud.~Cereales y galletas >~Galletas~https://tienda.mercadona.es/product/14038/galletas-con-chocolate-crema-leche-hacendado-caja~14038~2023-03-12 01:55:55.229796
Galletas Caocream chocolate blanco Hacendado rellenas de crema~Caja~6 paquetes (252 g)~| 5,556 €/kg~1.4~/ud.~Cereales y galletas >~Galletas~https://tienda.mercadona.es/product/14153/galletas-caocream-chocolate-blanco-hacendado-rellenas-crema-caja~14153~2023-03-12 01:55:56.022967
Galletas rellenas de chocolate Hacendado 0% azúcares añadidos~Paquete~250 g~| 5,80 €/kg~1.45~/ud.~Cereales y galletas >~Galletas~https://tienda.mercadona.es/product/15844/galletas-rellenas-chocolate-hacendado-0-azucares-anadidos-paquete~15844~2023-03-12 01:55:56.693183
Barquillos rellenos sabor nata Hacendado~Paquete~210 g~| 4,762 €/kg~1.0~/ud.~Cereales y galletas >~Galletas~https://tienda.mercadona.es/product/14576/barquillos-rellenos-sabor-nata-hacendado-paquete~14576~2023-03-12 01:55:57.364620
Barquillos rellenos de chocolate Hacendado~Paquete~210 g~| 4,762 €/kg~1.0~/ud.~Cereales y galletas >~Galletas~https://tienda.mercadona.es/product/14135/barquillos-rellenos-chocolate-hacendado-paquete~14135~2023-03-12 01:55:58.050920
Galletas con chocolate blanco Hacendado~Caja~6 paquetes (235,8 g)~| 5,297 €/kg~1.25~/ud.~Cereales y galletas >~Galletas~https://tienda.mercadona.es/product/14151/galletas-con-chocolate-blanco-hacendado-caja~14151~2023-03-12 01:55:58.711422
Galletas Digestive avena Hacendado con chocolate~Paquete~300 g~| 4,667 €/kg~1.4~/ud.~Cereales y galletas >~Galletas~https://tienda.mercadona.es/product/14208/galletas-digestive-avena-hacendado-con-chocolate-paquete~14208~2023-03-12 01:55:59.310897
Barquillos rellenos de nata Hacendado 0% azúcares añadidos~Paquete~210 g~| 5,477 €/kg~1.15~/ud.~Cereales y galletas >~Galletas~https://tienda.mercadona.es/product/14136/barquillos-rellenos-nata-hacendado-0-azucares-anadidos-paquete~14136~2023-03-12 01:55:59.912026
Galletas cookies sin gluten y sin lactosa Hacendado~Paquete~200 g~| 9,75 €/kg~1.95~/ud.~Cereales y galletas >~Galletas~https://tienda.mercadona.es/product/14637/galletas-cookies-sin-gluten-sin-lactosa-hacendado-paquete~14637~2023-03-12 01:56:00.520174
Galletas Choco leche con chocolatina Hacendado~Caja~4 paquetes (150 g)~| 8,00 €/kg~1.2~/ud.~Cereales y galletas >~Galletas~https://tienda.mercadona.es/product/14641/galletas-choco-leche-con-chocolatina-hacendado-caja~14641~2023-03-12 01:56:01.155161
Galletas María choco Hacendado~Paquete~265 g~| 3,774 €/kg~1.0~/ud.~Cereales y galletas >~Galletas~https://tienda.mercadona.es/product/14203/galletas-maria-choco-hacendado-paquete~14203~2023-03-12 01:56:01.836029
Tartaletes con relleno de fresa Hacendado~Paquete~150 g~| 7,667 €/kg~1.15~/ud.~Cereales y galletas >~Galletas~https://tienda.mercadona.es/product/14173/tartaletes-con-relleno-fresa-hacendado-paquete~14173~2023-03-12 01:56:02.447498
Barquillos con crema de avellanas Hacendado~Paquete~250 g~| 6,00 €/kg~1.5~/ud.~Cereales y galletas >~Galletas~https://tienda.mercadona.es/product/14241/barquillos-con-crema-avellanas-hacendado-paquete~14241~2023-03-12 01:56:03.065660
Galletas Diverkao Hacendado~Caja~8 paquetes (312 g)~| 5,609 €/kg~1.75~/ud.~Cereales y galletas >~Galletas~https://tienda.mercadona.es/product/13600/galletas-diverkao-hacendado-caja~13600~2023-03-12 01:56:03.691578
Tubitos bañados chocolate negro Hacendado ideal para postres y helados~Bote~150 g~| 13,334 €/kg~2.0~/ud.~Cereales y galletas >~Galletas~https://tienda.mercadona.es/product/14555/tubitos-banados-chocolate-negro-hacendado-ideal-postres-helados-bote~14555~2023-03-12 01:56:04.396356
Rosquillas de chocolate con leche y coco Hacendado~Caja~300 g~| 5,167 €/kg~1.55~/ud.~Cereales y galletas >~Galletas~https://tienda.mercadona.es/product/13656/rosquillas-chocolate-con-leche-coco-hacendado-caja~13656~2023-03-12 01:56:05.064547
Galletas Crunchy Choc Hacendado con arroz inflado chocolateado y chips de chocolate~Caja~520 g~| 4,712 €/kg~2.45~/ud.~Cereales y galletas >~Galletas~https://tienda.mercadona.es/product/23064/galletas-crunchy-choc-hacendado-con-arroz-inflado-chocolateado-chips-chocolate-caja~23064~2023-03-12 01:56:05.746578
Galletas caramelizadas biscoff Lotus~Paquete~12 ud. (186 g)~| 8,022 €/kg~1.5~/ud.~Cereales y galletas >~Galletas~https://tienda.mercadona.es/product/14140/galletas-caramelizadas-biscoff-lotus-paquete~14140~2023-03-12 01:56:06.424595
Galletas con mantequilla Hacendado~Caja~125 g~| 8,40 €/kg~1.05~/ud.~Cereales y galletas >~Galletas~https://tienda.mercadona.es/product/14577/galletas-con-mantequilla-hacendado-caja~14577~2023-03-12 01:56:07.038243
Surtido de galletas y barquillos Hacendado~Paquete~500 g~| 4,00 €/kg~2.0~/ud.~Cereales y galletas >~Galletas~https://tienda.mercadona.es/product/14711/surtido-galletas-barquillos-hacendado-paquete~14711~2023-03-12 01:56:07.698182
Galletas de mantequilla y chocolate Hacendado~Caja~340 g~| 8,383 €/kg~2.85~/ud.~Cereales y galletas >~Galletas~https://tienda.mercadona.es/product/13790/galletas-mantequilla-chocolate-hacendado-caja~13790~2023-03-12 01:56:08.364590
Surtido de galletas Hacendado~Caja~2 bandejas (500 g)~| 6,10 €/kg~3.05~/ud.~Cereales y galletas >~Galletas~https://tienda.mercadona.es/product/14130/surtido-galletas-hacendado-caja~14130~2023-03-12 01:56:09.038333
Galletas de mantequilla Hacendado Belgas~Caja~6 paquetes (180 g)~| 8,889 €/kg~1.6~/ud.~Cereales y galletas >~Galletas~https://tienda.mercadona.es/product/14581/galletas-mantequilla-hacendado-belgas-caja~14581~2023-03-12 01:56:09.738781
Surtido de pastas artesanas Hacendado~Caja~1 bandeja (500 g)~| 4,60 €/kg~2.3~/ud.~Cereales y galletas >~Galletas~https://tienda.mercadona.es/product/14587/surtido-pastas-artesanas-hacendado-caja~14587~2023-03-12 01:56:10.367001
Obleas redondas Hacendado~Paquete~24 ud. (255 g)~| 10,981 €/kg~2.8~/ud.~Cereales y galletas >~Galletas~https://tienda.mercadona.es/product/14645/obleas-redondas-hacendado-paquete~14645~2023-03-12 01:56:11.012320
Obleas para helado Hacendado~Paquete~24 ud. (52 g)~| 13,462 €/kg~0.7~/ud.~Cereales y galletas >~Galletas~https://tienda.mercadona.es/product/15953/obleas-helado-hacendado-paquete~15953~2023-03-12 01:56:11.706358
Tubitos Hacendado ideal para postres y helados~Bote~175 g~| 11,143 €/kg~1.95~/ud.~Cereales y galletas >~Galletas~https://tienda.mercadona.es/product/36205/tubitos-hacendado-ideal-postres-helados-bote~36205~2023-03-12 01:56:12.430975
Pastas Lagartos con sabor a limón Hacendado~Paquete~500 g~| 3,70 €/kg~1.85~/ud.~Cereales y galletas >~Galletas~https://tienda.mercadona.es/product/22840/pastas-lagartos-con-sabor-limon-hacendado-paquete~22840~2023-03-12 01:56:13.108796
Galletas caramelo y jengibre Hacendado~Paquete~600 g~| 2,667 €/kg~1.6~/ud.~Cereales y galletas >~Galletas~https://tienda.mercadona.es/product/22776/galletas-caramelo-jengibre-hacendado-paquete~22776~2023-03-12 01:56:13.845226
Tortitas de maíz Hacendado~Paquete~4 packs (120 g)~| 9,167 €/kg~1.1~/ud.~Cereales y galletas >~Tortitas~https://tienda.mercadona.es/product/14158/tortitas-maiz-hacendado-paquete~14158~2023-03-12 01:56:50.941271
Tortitas de maíz con chocolate Hacendado~Paquete~4 packs (130 g)~| 12,308 €/kg~1.6~/ud.~Cereales y galletas >~Tortitas~https://tienda.mercadona.es/product/14015/tortitas-maiz-con-chocolate-hacendado-paquete~14015~2023-03-12 01:56:51.410907
Tortitas de arroz con chocolate blanco sabor yogur Hacendado~Paquete~4 packs (120 g)~| 13,334 €/kg~1.6~/ud.~Cereales y galletas >~Tortitas~https://tienda.mercadona.es/product/14141/tortitas-arroz-con-chocolate-blanco-sabor-yogur-hacendado-paquete~14141~2023-03-12 01:56:51.834625
Tortitas de arroz con chocolate Hacendado~Paquete~4 packs (122 g)~| 13,115 €/kg~1.6~/ud.~Cereales y galletas >~Tortitas~https://tienda.mercadona.es/product/14079/tortitas-arroz-con-chocolate-hacendado-paquete~14079~2023-03-12 01:56:52.303583
Tortitas de arroz Hacendado~Paquete~4 packs (124 g)~| 9,275 €/kg~1.15~/ud.~Cereales y galletas >~Tortitas~https://tienda.mercadona.es/product/14013/tortitas-arroz-hacendado-paquete~14013~2023-03-12 01:56:52.717516
Tortitas de arroz con chocolate con leche Hacendado~Paquete~4 packs (130 g)~| 12,308 €/kg~1.6~/ud.~Cereales y galletas >~Tortitas~https://tienda.mercadona.es/product/14142/tortitas-arroz-con-chocolate-con-leche-hacendado-paquete~14142~2023-03-12 01:56:53.132842
Pechuga de pavo bajo en sal Hacendado finas lonchas~2 paquetes x 200 g~| 8,425 €/kg~Not available~3.37~/pack~Charcutería y quesos >~Aves y jamón cocido~https://tienda.mercadona.es/product/59252/pechuga-pavo-bajo-sal-hacendado-finas-lonchas-pack-2~59252~2023-03-12 01:57:34.400798
Pechuga de pavo bajo en sal Hacendado finas lonchas~Paquete~225 g~| 9,867 €/kg~2.22~/ud.~Charcutería y quesos >~Aves y jamón cocido~https://tienda.mercadona.es/product/59247/pechuga-pavo-bajo-sal-hacendado-finas-lonchas-paquete~59247~2023-03-12 01:57:35.055122
Pechuga de pavo Hacendado finas lonchas~2 paquetes x 200 g~| 8,425 €/kg~Not available~3.37~/pack~Charcutería y quesos >~Aves y jamón cocido~https://tienda.mercadona.es/product/67972/pechuga-pavo-hacendado-finas-lonchas-pack-2~67972~2023-03-12 01:57:35.549604
Pechuga de pavo finas lonchas Hacendado~Paquete~200 g~| 10,35 €/kg~2.07~/ud.~Charcutería y quesos >~Aves y jamón cocido~https://tienda.mercadona.es/product/60244/pechuga-pavo-finas-lonchas-hacendado-paquete~60244~2023-03-12 01:57:36.068485
Salchichón de pavo Hacendado lonchas~4 paquetes x 37,5 g~| 16,60 €/kg~Not available~2.49~/pack~Charcutería y quesos >~Aves y jamón cocido~https://tienda.mercadona.es/product/59159/salchichon-pavo-hacendado-lonchas-pack-4~59159~2023-03-12 01:57:36.650153
Pechuga de pavo 0% m.g Hacendado al corte~Paquete~200 g~| 10,45 €/kg~2.09~/ud.~Charcutería y quesos >~Aves y jamón cocido~https://tienda.mercadona.es/product/59230/pechuga-pavo-0-mg-hacendado-corte-paquete~59230~2023-03-12 01:57:37.180051
Lomo de pavo Hacendado lonchas~4 paquetes x 25 g~| 25,40 €/kg~Not available~2.54~/pack~Charcutería y quesos >~Aves y jamón cocido~https://tienda.mercadona.es/product/59138/lomo-pavo-hacendado-lonchas-pack-4~59138~2023-03-12 01:57:37.707742
Longaniza de pavo extra Hacendado lonchas~4 paquetes x 31,25 g~| 20,40 €/kg~Not available~2.55~/pack~Charcutería y quesos >~Aves y jamón cocido~https://tienda.mercadona.es/product/59165/longaniza-pavo-extra-hacendado-lonchas-pack-4~59165~2023-03-12 01:57:38.237139
Tiras de pechuga pollo al horno Hacendado~Paquete~140 g~| 14,643 €/kg~2.05~/ud.~Charcutería y quesos >~Aves y jamón cocido~https://tienda.mercadona.es/product/56652/tiras-pechuga-pollo-horno-hacendado-paquete~56652~2023-03-12 01:57:38.746261
Jamón de pavo Hacendado finas lonchas~Paquete~225 g~| 7,378 €/kg~1.66~/ud.~Charcutería y quesos >~Aves y jamón cocido~https://tienda.mercadona.es/product/56619/jamon-pavo-hacendado-finas-lonchas-paquete~56619~2023-03-12 01:57:39.301791
Dados de pavo Hacendado~2 paquetes x 100 g~| 10,80 €/kg~Not available~2.16~/pack~Charcutería y quesos >~Aves y jamón cocido~https://tienda.mercadona.es/product/59222/dados-pavo-hacendado-pack-2~59222~2023-03-12 01:57:39.818668
Tiras de pechuga de pollo al natural Hacendado~Paquete~140 g~| 14,643 €/kg~2.05~/ud.~Charcutería y quesos >~Aves y jamón cocido~https://tienda.mercadona.es/product/56661/tiras-pechuga-pollo-natural-hacendado-paquete~56661~2023-03-12 01:57:40.311517
Longaniza de pollo extra Hacendado sticks para picar~Paquete~50 g~| 22,00 €/kg~1.1~/ud.~Charcutería y quesos >~Aves y jamón cocido~https://tienda.mercadona.es/product/59081/longaniza-pollo-extra-hacendado-sticks-picar-paquete~59081~2023-03-12 01:57:40.892427
Pechuga de pollo braseada Hacendado finas lonchas~Paquete~200 g~| 10,75 €/kg~2.15~/ud.~Charcutería y quesos >~Aves y jamón cocido~https://tienda.mercadona.es/product/56169/pechuga-pollo-braseada-hacendado-finas-lonchas-paquete~56169~2023-03-12 01:57:41.449862
Mortadela de pavo Hacendado finas lonchas~Paquete~150 g~| 7,934 €/kg~1.19~/ud.~Charcutería y quesos >~Aves y jamón cocido~https://tienda.mercadona.es/product/59336/mortadela-pavo-hacendado-finas-lonchas-paquete~59336~2023-03-12 01:57:42.107828
Pechuga de pavo al horno de leña Campofrío lonchas Pavofrío~Paquete~125 g~| 14,00 €/kg~1.75~/ud.~Charcutería y quesos >~Aves y jamón cocido~https://tienda.mercadona.es/product/53140/pechuga-pavo-horno-lena-campofrio-lonchas-pavofrio-paquete~53140~2023-03-12 01:57:42.664293
Pechuga de pollo Hacendado finas lonchas~Paquete~200 g~| 10,55 €/kg~2.11~/ud.~Charcutería y quesos >~Aves y jamón cocido~https://tienda.mercadona.es/product/56156/pechuga-pollo-hacendado-finas-lonchas-paquete~56156~2023-03-12 01:57:43.242220
Pechuga de pavo 0% m.g Hacendado~Pieza~500 g~| 6,50 €/kg~3.25~/ud.~Charcutería y quesos >~Aves y jamón cocido~https://tienda.mercadona.es/product/59217/pechuga-pavo-0-mg-hacendado-pieza~59217~2023-03-12 01:57:43.802018
Pechuga de pollo Hacendado al corte~Paquete~200 g~| 10,55 €/kg~2.11~/ud.~Charcutería y quesos >~Aves y jamón cocido~https://tienda.mercadona.es/product/56162/pechuga-pollo-hacendado-corte-paquete~56162~2023-03-12 01:57:44.358092
Pechuga de pavo natural Noel lonchas~Paquete~120 g~| 19,167 €/kg~2.3~/ud.~Charcutería y quesos >~Aves y jamón cocido~https://tienda.mercadona.es/product/59168/pechuga-pavo-natural-noel-lonchas-paquete~59168~2023-03-12 01:57:44.918585
Pechuga de pavo Noel lonchas muy finas~Paquete~200 g~| 10,75 €/kg~2.15~/ud.~Charcutería y quesos >~Aves y jamón cocido~https://tienda.mercadona.es/product/59283/pechuga-pavo-noel-lonchas-muy-finas-paquete~59283~2023-03-12 01:57:45.437947
Pollo relleno asado al horno La Carloteña lonchas~Paquete~150 g~| 13,934 €/kg~2.09~/ud.~Charcutería y quesos >~Aves y jamón cocido~https://tienda.mercadona.es/product/56084/pollo-relleno-asado-horno-carlotena-lonchas-paquete~56084~2023-03-12 01:57:45.991804
Jamón de pavo Hacendado~Pieza~500 g~| 4,92 €/kg~2.46~/ud.~Charcutería y quesos >~Aves y jamón cocido~https://tienda.mercadona.es/product/59218/jamon-pavo-hacendado-pieza~59218~2023-03-12 01:57:46.546952
Longaniza de pavo Imperial extra Hacendado~Pieza~235 g~| 16,00 €/kg~3.76~/ud.~Charcutería y quesos >~Aves y jamón cocido~https://tienda.mercadona.es/product/55136/longaniza-pavo-imperial-extra-hacendado-pieza~55136~2023-03-12 01:57:47.097474
Pechuga de pavo bajo en sal Hacendado~Pieza~500 g~| 7,24 €/kg~3.62~/ud.~Charcutería y quesos >~Aves y jamón cocido~https://tienda.mercadona.es/product/59227/pechuga-pavo-bajo-sal-hacendado-pieza~59227~2023-03-12 01:57:47.663307
Pollo relleno con trufa y pistachos La Carloteña lonchas~Paquete~125 g~| 15,92 €/kg~1.99~/ud.~Charcutería y quesos >~Aves y jamón cocido~https://tienda.mercadona.es/product/56173/pollo-relleno-con-trufa-pistachos-carlotena-lonchas-paquete~56173~2023-03-12 01:57:48.231976
Cabeza de cerdo finas lonchas Hacendado~Paquete~150 g~| 11,534 €/kg~1.73~/ud.~Charcutería y quesos >~Aves y jamón cocido~https://tienda.mercadona.es/product/59364/cabeza-cerdo-finas-lonchas-hacendado-paquete~59364~2023-03-12 01:57:48.803414
Pechuga de pollo al natural Hacendado~2 latas x 52 g~| 21,635 €/kg~Not available~2.25~/pack~Charcutería y quesos >~Aves y jamón cocido~https://tienda.mercadona.es/product/52205/pechuga-pollo-natural-hacendado-pack-2~52205~2023-03-12 01:57:49.364023
Maxi pavo Hacendado finas lonchas~Paquete~400 g~| 6,875 €/kg~2.75~/ud.~Charcutería y quesos >~Aves y jamón cocido~https://tienda.mercadona.es/product/22430/maxi-pavo-hacendado-finas-lonchas-paquete~22430~2023-03-12 01:57:49.940024
Jamón cocido extra Hacendado finas lonchas~2 paquetes x 225 g~| 7,356 €/kg~Not available~3.31~/pack~Charcutería y quesos >~Aves y jamón cocido~https://tienda.mercadona.es/product/86074/jamon-cocido-extra-hacendado-finas-lonchas-pack-2~86074~2023-03-12 01:57:50.465973
Jamón cocido extra Hacendado finas lonchas~Paquete~200 g~| 10,35 €/kg~2.07~/ud.~Charcutería y quesos >~Aves y jamón cocido~https://tienda.mercadona.es/product/59248/jamon-cocido-extra-hacendado-finas-lonchas-paquete~59248~2023-03-12 01:57:50.980151
Jamón cocido extra Hacendado lonchas~Paquete~200 g~| 9,75 €/kg~1.95~/ud.~Charcutería y quesos >~Aves y jamón cocido~https://tienda.mercadona.es/product/59249/jamon-cocido-extra-hacendado-lonchas-paquete~59249~2023-03-12 01:57:51.488045
Jamón cocido natural Hacendado lonchas~Paquete~200 g~| 11,50 €/kg~2.3~/ud.~Charcutería y quesos >~Aves y jamón cocido~https://tienda.mercadona.es/product/59256/jamon-cocido-natural-hacendado-lonchas-paquete~59256~2023-03-12 01:57:51.997054
Jamón cocido extra sándwich Hacendado lonchas~Paquete~250 g~| 7,96 €/kg~1.99~/ud.~Charcutería y quesos >~Aves y jamón cocido~https://tienda.mercadona.es/product/59215/jamon-cocido-extra-sandwich-hacendado-lonchas-paquete~59215~2023-03-12 01:57:52.584807
Maxi york Hacendado finas lonchas~Paquete~500 g~| 4,54 €/kg~2.27~/ud.~Charcutería y quesos >~Aves y jamón cocido~https://tienda.mercadona.es/product/56115/maxi-york-hacendado-finas-lonchas-paquete~56115~2023-03-12 01:57:53.110789
Jamón cocido extra Noel lonchas~Paquete~200 g~| 11,00 €/kg~2.2~/ud.~Charcutería y quesos >~Aves y jamón cocido~https://tienda.mercadona.es/product/59143/jamon-cocido-extra-noel-lonchas-paquete~59143~2023-03-12 01:57:53.712865
Jamón cocido jugoso Hacendado~Paquete~225 g~| 7,60 €/kg~1.71~/ud.~Charcutería y quesos >~Aves y jamón cocido~https://tienda.mercadona.es/product/59233/jamon-cocido-jugoso-hacendado-paquete~59233~2023-03-12 01:57:54.278532
Jamón cocido braseado Noel lonchas~Paquete~200 g~| 10,75 €/kg~2.15~/ud.~Charcutería y quesos >~Aves y jamón cocido~https://tienda.mercadona.es/product/59164/jamon-cocido-braseado-noel-lonchas-paquete~59164~2023-03-12 01:57:54.871679
Jamón cocido Noel lonchas~Paquete~120 g~| 19,667 €/kg~2.36~/ud.~Charcutería y quesos >~Aves y jamón cocido~https://tienda.mercadona.es/product/59167/jamon-cocido-noel-lonchas-paquete~59167~2023-03-12 01:57:55.463453
Fiambre magro sándwich Hacendado lonchas~Paquete~300 g~| 5,80 €/kg~1.74~/ud.~Charcutería y quesos >~Aves y jamón cocido~https://tienda.mercadona.es/product/59253/fiambre-magro-sandwich-hacendado-lonchas-paquete~59253~2023-03-12 01:57:56.039249
Jamón cocido bajo en sal Hacendado finas lonchas~Paquete~225 g~| 9,423 €/kg~2.12~/ud.~Charcutería y quesos >~Aves y jamón cocido~https://tienda.mercadona.es/product/59212/jamon-cocido-bajo-sal-hacendado-finas-lonchas-paquete~59212~2023-03-12 01:57:56.616604
Lacón cortado a mano Noel~Paquete~250 g~| 13,08 €/kg~3.27~/ud.~Charcutería y quesos >~Aves y jamón cocido~https://tienda.mercadona.es/product/59323/lacon-cortado-mano-noel-paquete~59323~2023-03-12 01:57:57.310648
Magro de cerdo cocido Coren~Lata~240 g~| 11,209 €/kg~2.69~/ud.~Charcutería y quesos >~Aves y jamón cocido~https://tienda.mercadona.es/product/52051/magro-cerdo-cocido-coren-lata~52051~2023-03-12 01:57:57.876414
Maxi york Hacendado~Pieza~2 kg~| 2,855 €/kg~5.71~/ud.~Charcutería y quesos >~Aves y jamón cocido~https://tienda.mercadona.es/product/59223/maxi-york-hacendado-pieza~59223~2023-03-12 01:57:58.445452
Lacón al horno Noel lonchas~Not available~Not available~Not available~2.09~/ud.~Not Available~Compartir~https://tienda.mercadona.es/product/59216/lacon-horno-noel-lonchas-paquete~59216~2023-03-12 01:57:58.959472
Maxi lomo Hacendado finas lonchas~Not available~Not available~Not available~2.45~/ud.~Not Available~Compartir~https://tienda.mercadona.es/product/56128/maxi-lomo-hacendado-finas-lonchas-paquete~56128~2023-03-12 01:57:59.410758
Bacón Hacendado cintas~2 paquetes x 125 g~| 8,40 €/kg~Not available~2.1~/pack~Charcutería y quesos >~Bacón y salchichas~https://tienda.mercadona.es/product/59066/bacon-hacendado-cintas-pack-2~59066~2023-03-12 01:59:01.782505
Bacón ahumado La Selva lonchas~Paquete~210 g~| 9,905 €/kg~2.08~/ud.~Charcutería y quesos >~Bacón y salchichas~https://tienda.mercadona.es/product/59163/bacon-ahumado-selva-lonchas-paquete~59163~2023-03-12 01:59:02.270459
Bacón Oscar Mayer lonchas~Paquete~150 g~| 16,334 €/kg~2.45~/ud.~Charcutería y quesos >~Bacón y salchichas~https://tienda.mercadona.es/product/53500/bacon-oscar-mayer-lonchas-paquete~53500~2023-03-12 01:59:02.711729
Panceta sin corteza La Selva lonchas~Paquete~200 g~| 11,25 €/kg~2.25~/ud.~Charcutería y quesos >~Bacón y salchichas~https://tienda.mercadona.es/product/59126/panceta-sin-corteza-selva-lonchas-paquete~59126~2023-03-12 01:59:03.188347
Bacón ahumado sin corteza La Selva~Pieza~300 g aprox.~| 9,40 €/kg~2.82~/ud.~Charcutería y quesos >~Bacón y salchichas~https://tienda.mercadona.es/product/59160/bacon-ahumado-sin-corteza-selva-pieza~59160~2023-03-12 01:59:03.692833
Panceta salada ibérica La Hacienda del ibérico~Paquete~360 g aprox.~| 7,50 €/kg~2.7~/ud.~Charcutería y quesos >~Bacón y salchichas~https://tienda.mercadona.es/product/58220/panceta-salada-iberica-hacienda-iberico-paquete~58220~2023-03-12 01:59:04.188207
Salchichas cocidas estilo Frankfurt Hacendado de pollo y cerdo sabor ahumado~4 paquetes x 176 g~| 2,387 €/kg~Not available~1.68~/pack~Charcutería y quesos >~Bacón y salchichas~https://tienda.mercadona.es/product/53141/salchichas-cocidas-estilo-frankfurt-hacendado-pollo-cerdo-sabor-ahumado-pack-4~53141~2023-03-12 01:59:04.616328
Salchichas cocidas Hacendado de pollo y pavo sabor ahumado~2 paquetes x 200 g~| 3,25 €/kg~Not available~1.3~/pack~Charcutería y quesos >~Bacón y salchichas~https://tienda.mercadona.es/product/53056/salchichas-cocidas-hacendado-pollo-pavo-sabor-ahumado-pack-2~53056~2023-03-12 01:59:05.046441
Salchichas cocidas Schara de cerdo ahumadas~2 paquetes x 170 g~| 12,059 €/kg~Not available~4.1~/pack~Charcutería y quesos >~Bacón y salchichas~https://tienda.mercadona.es/product/53012/salchichas-cocidas-schara-cerdo-ahumadas-pack-2~53012~2023-03-12 01:59:05.511260
Salchichas cocidas estilo Viena con queso Hacendado de pollo y cerdo sabor ahumado~2 paquetes x 200 g~| 3,50 €/kg~Not available~1.4~/pack~Charcutería y quesos >~Bacón y salchichas~https://tienda.mercadona.es/product/53030/salchichas-cocidas-estilo-viena-con-queso-hacendado-pollo-cerdo-sabor-ahumado-pack-2~53030~2023-03-12 01:59:05.984228
Salchichas cocidas con leche Campofrío de pollo, cerdo y pavo~Paquete~170 g~| 6,177 €/kg~1.05~/ud.~Charcutería y quesos >~Bacón y salchichas~https://tienda.mercadona.es/product/52884/salchichas-cocidas-con-leche-campofrio-pollo-cerdo-pavo-paquete~52884~2023-03-12 01:59:06.476848
Salchichas cocidas hot dog bocadillo Oscar Mayer Classic de pollo y cerdo sabor ahumado~Paquete~275 g~| 6,364 €/kg~1.75~/ud.~Charcutería y quesos >~Bacón y salchichas~https://tienda.mercadona.es/product/53015/salchichas-cocidas-hot-dog-bocadillo-oscar-mayer-classic-pollo-cerdo-sabor-ahumado-paquete~53015~2023-03-12 01:59:06.918725
Salchichas cocidas estilo Frankfurt con queso Hacendado de pollo y cerdo sabor ahumado~4 paquetes x 160 g~| 2,657 €/kg~Not available~1.7~/pack~Charcutería y quesos >~Bacón y salchichas~https://tienda.mercadona.es/product/53100/salchichas-cocidas-estilo-frankfurt-con-queso-hacendado-pollo-cerdo-sabor-ahumado-pack-4~53100~2023-03-12 01:59:07.350054
Salchichas cocidas bocata Hacendado de pollo y pavo sabor ahumado~2 paquetes x 200 g~| 4,55 €/kg~Not available~1.82~/pack~Charcutería y quesos >~Bacón y salchichas~https://tienda.mercadona.es/product/53059/salchichas-cocidas-bocata-hacendado-pollo-pavo-sabor-ahumado-pack-2~53059~2023-03-12 01:59:07.821035
Salchichas cocidas Hacendado pollo y pavo con queso sabor ahumado~2 paquetes x 200 g~| 4,375 €/kg~Not available~1.75~/pack~Charcutería y quesos >~Bacón y salchichas~https://tienda.mercadona.es/product/53060/salchichas-cocidas-hacendado-pollo-pavo-con-queso-sabor-ahumado-pack-2~53060~2023-03-12 01:59:08.351209
Salchichas cocidas bocata gourmet Hacendado de cerdo sabor ahumado~2 paquetes x 175 g~| 6,286 €/kg~Not available~2.2~/pack~Charcutería y quesos >~Bacón y salchichas~https://tienda.mercadona.es/product/53143/salchichas-cocidas-bocata-gourmet-hacendado-cerdo-sabor-ahumado-pack-2~53143~2023-03-12 01:59:08.860218
Salchichas cocidas bocata estilo Bratwurst Hacendado~2 paquetes x 200 g~| 5,875 €/kg~Not available~2.35~/pack~Charcutería y quesos >~Bacón y salchichas~https://tienda.mercadona.es/product/53058/salchichas-cocidas-bocata-estilo-bratwurst-hacendado-pack-2~53058~2023-03-12 01:59:09.355027
Salchichas cocidas pikante Schara de cerdo ahumadas~Paquete~170 g~| 17,236 €/kg~2.93~/ud.~Charcutería y quesos >~Bacón y salchichas~https://tienda.mercadona.es/product/53127/salchichas-cocidas-pikante-schara-cerdo-ahumadas-paquete~53127~2023-03-12 01:59:09.812317
Salchichas cocidas estilo Viena Hacendado de pollo y cerdo sabor ahumado~2 paquetes x 200 g~| 3,125 €/kg~Not available~1.25~/pack~Charcutería y quesos >~Bacón y salchichas~https://tienda.mercadona.es/product/53019/salchichas-cocidas-estilo-viena-hacendado-pollo-cerdo-sabor-ahumado-pack-2~53019~2023-03-12 01:59:10.294585
Salchichas cocidas bocata queso Hacendado~2 paquetes x 175 g~| 5,315 €/kg~Not available~1.86~/pack~Charcutería y quesos >~Bacón y salchichas~https://tienda.mercadona.es/product/53048/salchichas-cocidas-bocata-queso-hacendado-pollo-cerdo-sabor-ahumado-pack-2~53048~2023-03-12 01:59:10.809501
Salchichas cocidas bocata Hacendado de pollo y cerdo sabor ahumado~2 paquetes x 175 g~| 4,629 €/kg~Not available~1.62~/pack~Charcutería y quesos >~Bacón y salchichas~https://tienda.mercadona.es/product/53032/salchichas-cocidas-bocata-hacendado-pollo-cerdo-sabor-ahumado-paquete~53032~2023-03-12 01:59:11.286295
Salchichas cocidas Frankfurt La Selva~Tarro~460 g (280 g escurrido)~| 8,036 €/kg~2.25~/ud.~Charcutería y quesos >~Bacón y salchichas~https://tienda.mercadona.es/product/53041/salchichas-cocidas-frankfurt-selva-tarro~53041~2023-03-12 01:59:11.779904
Salchichas cocidas de pavo sabor ahumado Hacendado~2 paquetes x 200 g~| 5,875 €/kg~Not available~2.35~/pack~Charcutería y quesos >~Bacón y salchichas~https://tienda.mercadona.es/product/53147/salchichas-cocidas-pavo-sabor-ahumado-hacendado-pack-2~53147~2023-03-12 01:59:12.272698
Salchichas cocidas de pollo Hacendado~2 paquetes x 250 g~| 3,30 €/kg~Not available~1.65~/pack~Charcutería y quesos >~Bacón y salchichas~https://tienda.mercadona.es/product/53042/salchichas-cocidas-pollo-hacendado-pack-2~53042~2023-03-12 01:59:12.761819
Salchichas cocidas estilo Frankfurt Campofrío sabor ahumado~4 paquetes x 140 g~| 4,018 €/kg~Not available~2.25~/pack~Charcutería y quesos >~Bacón y salchichas~https://tienda.mercadona.es/product/53007/salchichas-cocidas-estilo-frankfurt-campofrio-sabor-ahumado-pack-4~53007~2023-03-12 01:59:13.232489
Chopped cerdo Hacendado lonchas~Paquete~250 g~| 5,56 €/kg~1.39~/ud.~Charcutería y quesos >~Chopped y mortadela~https://tienda.mercadona.es/product/59333/chopped-cerdo-hacendado-lonchas-paquete~59333~2023-03-12 01:59:52.981957
Chopped cocido en lata Hacendado finas lonchas~Paquete~150 g~| 11,40 €/kg~1.71~/ud.~Charcutería y quesos >~Chopped y mortadela~https://tienda.mercadona.es/product/59340/chopped-cocido-lata-hacendado-finas-lonchas-paquete~59340~2023-03-12 01:59:53.509355
Chopped Hacendado~Pieza~500 g~| 4,34 €/kg~2.17~/ud.~Charcutería y quesos >~Chopped y mortadela~https://tienda.mercadona.es/product/59332/chopped-hacendado-pieza~59332~2023-03-12 01:59:53.950032
Mortadela Hacendado lonchas~Paquete~250 g~| 5,00 €/kg~1.25~/ud.~Charcutería y quesos >~Chopped y mortadela~https://tienda.mercadona.es/product/59334/mortadela-hacendado-lonchas-paquete~59334~2023-03-12 01:59:54.352204
Mortadela con aceitunas Hacendado lonchas~Paquete~250 g~| 5,16 €/kg~1.29~/ud.~Charcutería y quesos >~Chopped y mortadela~https://tienda.mercadona.es/product/59335/mortadela-con-aceitunas-hacendado-lonchas-paquete~59335~2023-03-12 01:59:54.856264
Mortadela italiana Hacendado finas lonchas~Paquete~150 g~| 10,80 €/kg~1.62~/ud.~Charcutería y quesos >~Chopped y mortadela~https://tienda.mercadona.es/product/59343/mortadela-italiana-hacendado-finas-lonchas-paquete~59343~2023-03-12 01:59:55.264733
Mortadela Hacendado~Not available~Not available~Not available~1.99~/ud.~Not Available~Compartir~https://tienda.mercadona.es/product/59331/mortadela-hacendado-pieza~59331~2023-03-12 01:59:55.648384
Galantina con aceituna y pimiento Hacendado finas lonchas~Not available~Not available~Not available~1.55~/ud.~Not Available~Compartir~https://tienda.mercadona.es/product/59341/galantina-con-aceituna-pimiento-hacendado-finas-lonchas-paquete~59341~2023-03-12 01:59:56.033129
Galantina con pistacho y trufa Hacendado finas lonchas~Not available~Not available~Not available~1.85~/ud.~Not Available~Compartir~https://tienda.mercadona.es/product/16861/galantina-con-pistacho-trufa-hacendado-finas-lonchas-paquete~16861~2023-03-12 01:59:56.439240
Mortadela de pavo Hacendado finas lonchas~Paquete~150 g~| 7,934 €/kg~1.19~/ud.~Charcutería y quesos >~Aves y jamón cocido~https://tienda.mercadona.es/product/59336/mortadela-pavo-hacendado-finas-lonchas-paquete~59336~2023-03-12 01:59:56.848411
Cabeza de cerdo trufa con pistachos Hacendado finas lonchas~Not available~Not available~Not available~2.14~/ud.~Not Available~Compartir~https://tienda.mercadona.es/product/16862/cabeza-cerdo-trufa-con-pistachos-hacendado-finas-lonchas-paquete~16862~2023-03-12 01:59:57.188199
Fuet espetec extra Hacendado~1 ud.~| 2,36 €/ud~Not available~2.36~/ud.~Charcutería y quesos >~Embutido curado~https://tienda.mercadona.es/product/55108/fuet-espetec-extra-hacendado~55108~2023-03-12 02:12:03.346103
Salchichón extra Hacendado lonchas~4 paquetes x 60 g~| 8,084 €/kg~Not available~1.94~/pack~Charcutería y quesos >~Embutido curado~https://tienda.mercadona.es/product/59085/salchichon-extra-hacendado-lonchas-pack-4~59085~2023-03-12 02:12:03.852950
Longaniza Hacendado sticks para picar~Paquete~50 g~| 22,00 €/kg~1.1~/ud.~Charcutería y quesos >~Embutido curado~https://tienda.mercadona.es/product/59078/longaniza-hacendado-sticks-picar-paquete~59078~2023-03-12 02:12:04.310158
Salchichón extra Hacendado lonchas~4 paquetes x 45 g~| 11,612 €/kg~Not available~2.09~/pack~Charcutería y quesos >~Embutido curado~https://tienda.mercadona.es/product/59130/salchichon-extra-hacendado-lonchas-pack-4~59130~2023-03-12 02:12:04.804712
Longaniza de payés Hacendado lonchas~4 paquetes x 31,25 g~| 15,92 €/kg~Not available~1.99~/pack~Charcutería y quesos >~Embutido curado~https://tienda.mercadona.es/product/59254/longaniza-payes-hacendado-lonchas-pack-4~59254~2023-03-12 02:12:05.256696
Salami extra Hacendado lonchas~4 paquetes x 60 g~| 7,917 €/kg~Not available~1.9~/pack~Charcutería y quesos >~Embutido curado~https://tienda.mercadona.es/product/59090/salami-extra-hacendado-lonchas-pack-4~59090~2023-03-12 02:12:05.746696
Salchichón extra pimienta Hacendado finas lonchas~Paquete~100 g~| 17,50 €/kg~1.75~/ud.~Charcutería y quesos >~Embutido curado~https://tienda.mercadona.es/product/59077/salchichon-extra-pimienta-hacendado-finas-lonchas-paquete~59077~2023-03-12 02:12:06.306117
Salchichón de cebo ibérico cortado a máquina envasado al vacío~Paquete~90 g aprox.~| 24,90 €/kg~2.24~/ud.~Charcutería y quesos >~Embutido curado~https://tienda.mercadona.es/product/58267/salchichon-cebo-iberico-cortado-maquina-envasado-vacio-paquete~58267~2023-03-12 02:12:06.864287
Salchichón de bellota ibérico cular cortado a máquina envasado al vacío~Paquete~90 g aprox.~| 29,00 €/kg~2.61~/ud.~Charcutería y quesos >~Embutido curado~https://tienda.mercadona.es/product/58391/salchichon-bellota-iberico-cular-cortado-maquina-envasado-vacio-paquete~58391~2023-03-12 02:12:07.439579
Salchichón ibérico La Hacienda del ibérico lonchas~2 paquetes x 62,5 g~| 15,60 €/kg~Not available~1.95~/pack~Charcutería y quesos >~Embutido curado~https://tienda.mercadona.es/product/58151/salchichon-iberico-hacienda-iberico-lonchas-pack-2~58151~2023-03-12 02:12:07.995473
Longaniza de pavo Imperial extra Hacendado~Pieza~235 g~| 16,00 €/kg~3.76~/ud.~Charcutería y quesos >~Aves y jamón cocido~https://tienda.mercadona.es/product/55136/longaniza-pavo-imperial-extra-hacendado-pieza~55136~2023-03-12 02:12:08.571320
Longaniza clásica extra Hacendado~1 ud.~| 2,60 €/ud~Not available~2.6~/ud.~Charcutería y quesos >~Embutido curado~https://tienda.mercadona.es/product/55125/longaniza-clasica-extra-hacendado~55125~2023-03-12 02:12:09.133236
Longaniza de payés Hacendado~1 ud.~| 4,87 €/ud~Not available~4.87~/ud.~Charcutería y quesos >~Embutido curado~https://tienda.mercadona.es/product/55130/longaniza-payes-hacendado~55130~2023-03-12 02:12:09.753563
Salami montañés El Pozo~1 ud.~| 1,85 €/ud~Not available~1.85~/ud.~Charcutería y quesos >~Embutido curado~https://tienda.mercadona.es/product/55028/salami-montanes-pozo~55028~2023-03-12 02:12:10.316393
Salchichón cular ibérico extra La Hacienda del ibérico~Pieza~500 g aprox.~| 13,00 €/kg~6.5~/ud.~Charcutería y quesos >~Embutido curado~https://tienda.mercadona.es/product/58159/salchichon-cular-iberico-extra-hacienda-iberico-pieza~58159~2023-03-12 02:12:10.894405
Mini salchichón ibérico extra La Hacienda del ibérico~Pieza~200 g~| 11,75 €/kg~2.35~/ud.~Charcutería y quesos >~Embutido curado~https://tienda.mercadona.es/product/58248/mini-salchichon-iberico-extra-hacienda-iberico-pieza~58248~2023-03-12 02:12:11.466767
Salchichón cular ibérico extra La Hacienda del ibérico~Pieza~820 g aprox.~| 13,00 €/kg~10.66~/ud.~Charcutería y quesos >~Embutido curado~https://tienda.mercadona.es/product/58266/salchichon-cular-iberico-extra-hacienda-iberico-pieza~58266~2023-03-12 02:12:12.029004
Salchichón de bellota ibérico cular Juan del Roble~Pieza~1,1 kg aprox.~| 20,90 €/kg~22.99~/ud.~Charcutería y quesos >~Embutido curado~https://tienda.mercadona.es/product/58390/salchichon-bellota-iberico-cular-juan-roble-pieza~58390~2023-03-12 02:12:12.544096
Salchichón cular ibérico extra bellota Juan del Roble~Pieza~500 g aprox.~| 20,90 €/kg~10.45~/ud.~Charcutería y quesos >~Embutido curado~https://tienda.mercadona.es/product/58614/salchichon-cular-iberico-extra-bellota-juan-roble-pieza~58614~2023-03-12 02:12:13.060637
Longaniza de pavo extra Hacendado lonchas~4 paquetes x 31,25 g~| 20,40 €/kg~Not available~2.55~/pack~Charcutería y quesos >~Aves y jamón cocido~https://tienda.mercadona.es/product/59165/longaniza-pavo-extra-hacendado-lonchas-pack-4~59165~2023-03-12 02:12:13.589600
Salchichón de pavo Hacendado lonchas~4 paquetes x 37,5 g~| 16,60 €/kg~Not available~2.49~/pack~Charcutería y quesos >~Aves y jamón cocido~https://tienda.mercadona.es/product/59159/salchichon-pavo-hacendado-lonchas-pack-4~59159~2023-03-12 02:12:14.152233
Salami Hacendado sticks para picar~Paquete~50 g~| 22,00 €/kg~1.1~/ud.~Charcutería y quesos >~Embutido curado~https://tienda.mercadona.es/product/15530/salami-hacendado-sticks-picar-paquete~15530~2023-03-12 02:12:14.750860
Pepperoni en lonchas Hacendado~Paquete~75 g~| 21,334 €/kg~1.6~/ud.~Charcutería y quesos >~Embutido curado~https://tienda.mercadona.es/product/60964/pepperoni-lonchas-hacendado-paquete~60964~2023-03-12 02:12:15.333038
Chorizo Pamplona extra Hacendado lonchas~4 paquetes x 56,25 g~| 8,845 €/kg~Not available~1.99~/pack~Charcutería y quesos >~Embutido curado~https://tienda.mercadona.es/product/59166/chorizo-pamplona-extra-hacendado-lonchas-pack-4~59166~2023-03-12 02:12:15.889459
Chorizo extra Hacendado lonchas~4 paquetes x 60 g~| 8,209 €/kg~Not available~1.97~/pack~Charcutería y quesos >~Embutido curado~https://tienda.mercadona.es/product/59086/chorizo-extra-hacendado-lonchas-pack-4~59086~2023-03-12 02:12:16.413943
Chorizo de pavo Hacendado lonchas~4 paquetes x 37,5 g~| 17,00 €/kg~Not available~2.55~/pack~Charcutería y quesos >~Embutido curado~https://tienda.mercadona.es/product/59158/chorizo-pavo-hacendado-lonchas-pack-4~59158~2023-03-12 02:12:17.099926
Chorizo ibérico La Hacienda del ibérico lonchas~2 paquetes x 62,5 g~| 15,60 €/kg~Not available~1.95~/pack~Charcutería y quesos >~Embutido curado~https://tienda.mercadona.es/product/58152/chorizo-iberico-hacienda-iberico-lonchas-pack-2~58152~2023-03-12 02:12:17.667432
Chorizo picante extra Hacendado~Pieza~280 g~| 8,179 €/kg~2.29~/ud.~Charcutería y quesos >~Embutido curado~https://tienda.mercadona.es/product/54210/chorizo-picante-extra-hacendado-pieza~54210~2023-03-12 02:12:18.256015
Taquitos de chorizo Revilla~2 paquetes x 100 g~| 12,75 €/kg~Not available~2.55~/pack~Charcutería y quesos >~Embutido curado~https://tienda.mercadona.es/product/55135/taquitos-chorizo-revilla-pack-2~55135~2023-03-12 02:12:18.845945
Chorizo lonchas Revilla~Paquete~65 g~| 15,385 €/kg~1.0~/ud.~Charcutería y quesos >~Embutido curado~https://tienda.mercadona.es/product/86174/chorizo-lonchas-revilla-paquete~86174~2023-03-12 02:12:19.434930
Chorizo picante extra Hacendado lonchas~4 paquetes x 56,25 g~| 9,778 €/kg~Not available~2.2~/pack~Charcutería y quesos >~Embutido curado~https://tienda.mercadona.es/product/59250/chorizo-picante-extra-hacendado-lonchas-pack-4~59250~2023-03-12 02:12:20.026157
Chorizo extra pimienta Hacendado finas lonchas~Paquete~100 g~| 18,00 €/kg~1.8~/ud.~Charcutería y quesos >~Embutido curado~https://tienda.mercadona.es/product/59080/chorizo-extra-pimienta-hacendado-finas-lonchas-paquete~59080~2023-03-12 02:12:20.627019
Chorizo de bellota ibérico cular cortado a máquina envasado al vacío~Paquete~90 g aprox.~| 31,00 €/kg~2.79~/ud.~Charcutería y quesos >~Embutido curado~https://tienda.mercadona.es/product/58388/chorizo-bellota-iberico-cular-cortado-maquina-envasado-vacio-paquete~58388~2023-03-12 02:12:21.231008
Chorizo de cebo ibérico cortado a máquina envasado al vacío~Paquete~90 g aprox.~| 24,90 €/kg~2.24~/ud.~Charcutería y quesos >~Embutido curado~https://tienda.mercadona.es/product/58265/chorizo-cebo-iberico-cortado-maquina-envasado-vacio-paquete~58265~2023-03-12 02:12:21.827892
Chorizo dulce extra Hacendado~Pieza~280 g~| 8,179 €/kg~2.29~/ud.~Charcutería y quesos >~Embutido curado~https://tienda.mercadona.es/product/54209/chorizo-dulce-extra-hacendado-pieza~54209~2023-03-12 02:12:22.363567
Mini chorizo ibérico extra La Hacienda del ibérico~Pieza~200 g~| 11,75 €/kg~2.35~/ud.~Charcutería y quesos >~Embutido curado~https://tienda.mercadona.es/product/58247/mini-chorizo-iberico-extra-hacienda-iberico-pieza~58247~2023-03-12 02:12:22.956868
Chorizo de pavo imperial extra Hacendado~Pieza~235 g~| 16,596 €/kg~3.9~/ud.~Charcutería y quesos >~Embutido curado~https://tienda.mercadona.es/product/59033/chorizo-pavo-imperial-extra-hacendado-pieza~59033~2023-03-12 02:12:23.646222
Chorizo de Tarancón Bricio~1 ud.~| 3,40 €/ud~Not available~3.4~/ud.~Charcutería y quesos >~Embutido curado~https://tienda.mercadona.es/product/54105/chorizo-tarancon-bricio~54105~2023-03-12 02:12:24.231487
Chorizo cular ibérico extra La Hacienda del ibérico~Pieza~500 g aprox.~| 13,00 €/kg~6.5~/ud.~Charcutería y quesos >~Embutido curado~https://tienda.mercadona.es/product/58160/chorizo-cular-iberico-extra-hacienda-iberico-pieza~58160~2023-03-12 02:12:24.847704
Chorizo cular ibérico extra La Hacienda del ibérico~Pieza~980 g aprox.~| 13,00 €/kg~12.74~/ud.~Charcutería y quesos >~Embutido curado~https://tienda.mercadona.es/product/58264/chorizo-cular-iberico-extra-hacienda-iberico-pieza~58264~2023-03-12 02:12:25.415259
Chorizo de bellota ibérico cular Juan del Roble~Pieza~1,15 kg aprox.~| 20,90 €/kg~24.03~/ud.~Charcutería y quesos >~Embutido curado~https://tienda.mercadona.es/product/58387/chorizo-bellota-iberico-cular-juan-roble-pieza~58387~2023-03-12 02:12:25.955765
Lomo embuchado Hacendado lonchas~4 paquetes x 31,25 g~| 16,96 €/kg~Not available~2.12~/pack~Charcutería y quesos >~Embutido curado~https://tienda.mercadona.es/product/59075/lomo-embuchado-hacendado-lonchas-pack-4~59075~2023-03-12 02:12:26.502278
Cabecero de lomo Hacendado lonchas~4 paquetes x 31,25 g~| 17,76 €/kg~Not available~2.22~/pack~Charcutería y quesos >~Embutido curado~https://tienda.mercadona.es/product/59076/cabecero-lomo-hacendado-lonchas-pack-4~59076~2023-03-12 02:12:27.089167
Butifarra blanca Hacendado~Pieza~330 g aprox.~| 9,50 €/kg~3.14~/ud.~Charcutería y quesos >~Embutido curado~https://tienda.mercadona.es/product/56000/butifarra-blanca-hacendado-pieza~56000~2023-03-12 02:12:27.697241
Butifarra blanca Hacendado lonchas~Paquete~150 g~| 11,667 €/kg~1.75~/ud.~Charcutería y quesos >~Embutido curado~https://tienda.mercadona.es/product/56038/butifarra-blanca-hacendado-lonchas-paquete~56038~2023-03-12 02:12:28.295428
Butifarra catalana Hacendado lonchas~Paquete~150 g~| 11,667 €/kg~1.75~/ud.~Charcutería y quesos >~Embutido curado~https://tienda.mercadona.es/product/56033/butifarra-catalana-hacendado-lonchas-paquete~56033~2023-03-12 02:12:28.901886
Lomo de cebo ibérico cortado a máquina envasado al vacío~Paquete~90 g aprox.~| 39,90 €/kg~3.59~/ud.~Charcutería y quesos >~Embutido curado~https://tienda.mercadona.es/product/86788/lomo-cebo-iberico-cortado-maquina-envasado-vacio-paquete~86788~2023-03-12 02:12:29.539552
Lomo de bellota ibérico cortado a máquina envasado al vacío~Paquete~90 g aprox.~| 52,00 €/kg~4.68~/ud.~Charcutería y quesos >~Embutido curado~https://tienda.mercadona.es/product/58418/lomo-bellota-iberico-cortado-maquina-envasado-vacio-paquete~58418~2023-03-12 02:12:30.158666
Surtido de ibéricos La Hacienda del ibérico contiene jamón de cebo, chorizo, caña lomo de cebo y salchichón~Paquete~200 g~| 29,75 €/kg~5.95~/ud.~Charcutería y quesos >~Embutido curado~https://tienda.mercadona.es/product/58230/surtido-ibericos-hacienda-iberico-contiene-jamon-cebo-chorizo-cana-lomo-cebo-salchichon-paquete~58230~2023-03-12 02:12:30.755376
Butifarra negra Hacendado~Pieza~320 g aprox.~| 9,50 €/kg~3.04~/ud.~Charcutería y quesos >~Embutido curado~https://tienda.mercadona.es/product/56032/butifarra-negra-hacendado-pieza~56032~2023-03-12 02:12:31.368684
Lomo Hacendado~Pieza~400 g aprox.~| 16,45 €/kg~6.58~/ud.~Charcutería y quesos >~Embutido curado~https://tienda.mercadona.es/product/54053/lomo-hacendado-pieza~54053~2023-03-12 02:12:31.990579
Caña de lomo cebo ibérico La Hacienda del ibérico~Pieza~500 g aprox.~| 32,00 €/kg~16.0~/ud.~Charcutería y quesos >~Embutido curado~https://tienda.mercadona.es/product/58166/cana-lomo-cebo-iberico-hacienda-iberico-pieza~58166~2023-03-12 02:12:32.585515
Lomo de bellota ibérico Juan del Roble~Pieza~1,9 kg aprox.~| 40,00 €/kg~76.0~/ud.~Charcutería y quesos >~Embutido curado~https://tienda.mercadona.es/product/58417/lomo-bellota-iberico-juan-roble-pieza~58417~2023-03-12 02:12:33.145737
Caña de lomo cebo ibérico Juan del Roble~Pieza~1,09 kg aprox.~| 32,00 €/kg~34.82~/ud.~Charcutería y quesos >~Embutido curado~https://tienda.mercadona.es/product/86595/cana-lomo-cebo-iberico-juan-roble-pieza~86595~2023-03-12 02:12:33.705320
Lomo de pavo Hacendado lonchas~4 paquetes x 25 g~| 25,40 €/kg~Not available~2.54~/pack~Charcutería y quesos >~Aves y jamón cocido~https://tienda.mercadona.es/product/59138/lomo-pavo-hacendado-lonchas-pack-4~59138~2023-03-12 02:12:34.302006
Jamón serrano Incarlopsa lonchas extrafinas~Paquete~120 g~| 20,25 €/kg~2.43~/ud.~Charcutería y quesos >~Jamón serrano~https://tienda.mercadona.es/product/59151/jamon-serrano-incarlopsa-lonchas-extrafinas-paquete~59151~2023-03-12 02:13:25.345920
Mini taquitos de jamón Incarlopsa~2 paquetes x 90 g~| 13,834 €/kg~Not available~2.49~/pack~Charcutería y quesos >~Jamón serrano~https://tienda.mercadona.es/product/59018/mini-taquitos-jamon-incarlopsa-pack-2~59018~2023-03-12 02:13:25.807580
Jamón serrano Incarlopsa lonchas~Paquete~240 g~| 16,167 €/kg~3.88~/ud.~Charcutería y quesos >~Jamón serrano~https://tienda.mercadona.es/product/59124/jamon-serrano-incarlopsa-lonchas-paquete~59124~2023-03-12 02:13:26.214785
Jamón serrano cortado a máquina envasado al vacío~Paquete~160 g aprox.~| 18,50 €/kg~2.96~/ud.~Charcutería y quesos >~Jamón serrano~https://tienda.mercadona.es/product/15700/jamon-serrano-cortado-maquina-envasado-vacio-paquete~15700~2023-03-12 02:13:26.622260
Jamón gran reserva cortado a máquina envasado al vacío~Paquete~160 g aprox.~| 22,00 €/kg~3.52~/ud.~Charcutería y quesos >~Jamón serrano~https://tienda.mercadona.es/product/13526/jamon-gran-reserva-cortado-maquina-envasado-vacio-paquete~13526~2023-03-12 02:13:27.180307
Jamón cebo ibérico cortado a máquina envasado al vacío~Paquete~160 g aprox.~| 49,00 €/kg~7.84~/ud.~Charcutería y quesos >~Jamón serrano~https://tienda.mercadona.es/product/22879/jamon-cebo-iberico-cortado-maquina-envasado-vacio-paquete~22879~2023-03-12 02:13:27.722255
Jamón gran reserva cortado a cuchillo envasado al vacío~Paquete~90 g aprox.~| 40,00 €/kg~3.6~/ud.~Charcutería y quesos >~Jamón serrano~https://tienda.mercadona.es/product/58351/jamon-gran-reserva-cortado-cuchillo-envasado-vacio-paquete~58351~2023-03-12 02:13:28.236017
Jamón serrano reserva cortado a cuchillo envasado al vacío~Paquete~90 g aprox.~| 36,00 €/kg~3.24~/ud.~Charcutería y quesos >~Jamón serrano~https://tienda.mercadona.es/product/58274/jamon-serrano-reserva-cortado-cuchillo-envasado-vacio-paquete~58274~2023-03-12 02:13:28.749666
Jamón cebo ibérico cortado a cuchillo envasado al vacío~Paquete~90 g aprox.~| 70,00 €/kg~6.3~/ud.~Charcutería y quesos >~Jamón serrano~https://tienda.mercadona.es/product/58278/jamon-cebo-iberico-cortado-cuchillo-envasado-vacio-paquete~58278~2023-03-12 02:13:29.270420
Jamón bellota ibérico cortado a cuchillo envasado al vacío~Paquete~90 g aprox.~| 130,00 €/kg~11.7~/ud.~Charcutería y quesos >~Jamón serrano~https://tienda.mercadona.es/product/58280/jamon-bellota-iberico-cortado-cuchillo-envasado-vacio-paquete~58280~2023-03-12 02:13:29.793867
Jamón bellota ibérico 100% cortado a cuchillo envasado al vacío~Paquete~90 g aprox.~| 155,00 €/kg~13.95~/ud.~Charcutería y quesos >~Jamón serrano~https://tienda.mercadona.es/product/58298/jamon-bellota-iberico-100-cortado-cuchillo-envasado-vacio-paquete~58298~2023-03-12 02:13:30.301833
Jamón serrano Jamcal medias lonchas~2 paquetes x 120 g~| 16,542 €/kg~Not available~3.97~/pack~Charcutería y quesos >~Jamón serrano~https://tienda.mercadona.es/product/59280/jamon-serrano-jamcal-medias-lonchas-pack-2~59280~2023-03-12 02:13:30.745893
Paleta curada lonchas Paletas Marpa~2 ud. x 120 g~| 16,125 €/kg~Not available~3.87~/pack~Charcutería y quesos >~Jamón serrano~https://tienda.mercadona.es/product/59173/paleta-curada-lonchas-paletas-marpa-pack-2~59173~2023-03-12 02:13:31.273983
Jamón de Trevélez Antonio Álvarez lonchas extra finas~Paquete~120 g~| 27,00 €/kg~3.24~/ud.~Charcutería y quesos >~Jamón serrano~https://tienda.mercadona.es/product/59028/jamon-trevelez-antonio-alvarez-lonchas-extra-finas-paquete~59028~2023-03-12 02:13:31.793091
Taquitos de jamón Incarlopsa~2 paquetes x 100 g~| 12,60 €/kg~Not available~2.52~/pack~Charcutería y quesos >~Jamón serrano~https://tienda.mercadona.es/product/59071/taquitos-jamon-incarlopsa-pack-2~59071~2023-03-12 02:13:32.255082
Taco jamón curado Marpa~Pieza~220 g~| 15,455 €/kg~3.4~/ud.~Charcutería y quesos >~Jamón serrano~https://tienda.mercadona.es/product/58328/taco-jamon-curado-marpa-pieza~58328~2023-03-12 02:13:32.770582
Hueso garrón Incarlopsa~290 g aprox.~| 2,99 €/kg~Not available~0.87~/pack~Carne >~Arreglos~https://tienda.mercadona.es/product/58307/hueso-garron-incarlopsa-pieza~58307~2023-03-12 02:13:33.297515
Surtido de ibéricos La Hacienda del ibérico contiene jamón de cebo, chorizo, caña lomo de cebo y salchichón~Paquete~200 g~| 29,75 €/kg~5.95~/ud.~Charcutería y quesos >~Embutido curado~https://tienda.mercadona.es/product/58230/surtido-ibericos-hacienda-iberico-contiene-jamon-cebo-chorizo-cana-lomo-cebo-salchichon-paquete~58230~2023-03-12 02:13:33.814187
Panceta salada ibérica La Hacienda del ibérico~Paquete~360 g aprox.~| 7,50 €/kg~2.7~/ud.~Charcutería y quesos >~Bacón y salchichas~https://tienda.mercadona.es/product/58220/panceta-salada-iberica-hacienda-iberico-paquete~58220~2023-03-12 02:13:34.330132
Cecina ahumada natural Embutidos Pajariel lonchas~Paquete~100 g~| 29,90 €/kg~2.99~/ud.~Charcutería y quesos >~Jamón serrano~https://tienda.mercadona.es/product/59101/cecina-ahumada-natural-embutidos-pajariel-lonchas-paquete~59101~2023-03-12 02:13:34.843414
Codillo de jamón entero Incarlopsa~Pieza~900 g aprox.~| 2,09 €/kg~1.88~/ud.~Charcutería y quesos >~Jamón serrano~https://tienda.mercadona.es/product/58306/codillo-jamon-entero-incarlopsa-pieza~58306~2023-03-12 02:13:35.360071
Paleta de cebo ibérica La Hacienda del ibérico~Paquete~100 g~| 43,00 €/kg~4.3~/ud.~Charcutería y quesos >~Jamón serrano~https://tienda.mercadona.es/product/58215/paleta-cebo-iberica-hacienda-iberico-paquete~58215~2023-03-12 02:13:35.877851
Jamón de Teruel El Ontanar lonchas~Paquete~120 g~| 26,334 €/kg~3.16~/ud.~Charcutería y quesos >~Jamón serrano~https://tienda.mercadona.es/product/59269/jamon-teruel-ontanar-lonchas-paquete~59269~2023-03-12 02:13:36.398152
Jamón serrano gran reserva Costa Brava sin aditivos lonchas~Paquete~90 g~| 22,112 €/kg~1.99~/ud.~Charcutería y quesos >~Jamón serrano~https://tienda.mercadona.es/product/15628/jamon-serrano-gran-reserva-costa-brava-sin-aditivos-lonchas-paquete~15628~2023-03-12 02:13:36.928147
Jamón serrano Hacendado~Pieza~6,5 kg aprox.~| 6,462 €/kg~42.0~/ud.~Charcutería y quesos >~Jamón serrano~https://tienda.mercadona.es/product/58110/jamon-serrano-hacendado-pieza~58110~2023-03-12 02:13:37.463628
Jamón serrano Incarlopsa~Pieza~7,6 kg aprox.~| 7,632 €/kg~58.0~/ud.~Charcutería y quesos >~Jamón serrano~https://tienda.mercadona.es/product/58293/jamon-serrano-incarlopsa-pieza~58293~2023-03-12 02:13:37.945360
Jamón serrano gran reserva Noel sin aditivos~Pieza~7,5 kg aprox.~| 9,60 €/kg~72.0~/ud.~Charcutería y quesos >~Jamón serrano~https://tienda.mercadona.es/product/58350/jamon-serrano-gran-reserva-noel-sin-aditivos-pieza~58350~2023-03-12 02:13:38.414555
Paleta de cebo ibérica La Hacienda del ibérico~Pieza~5 kg aprox.~| 9,648 €/kg~52.0~/ud.~Charcutería y quesos >~Jamón serrano~https://tienda.mercadona.es/product/58154/paleta-cebo-iberica-hacienda-iberico-pieza~58154~2023-03-12 02:13:38.933047
Paleta de cerdo curada Marpa~Pieza~4,61 kg aprox.~| 6,072 €/kg~28.0~/ud.~Charcutería y quesos >~Jamón serrano~https://tienda.mercadona.es/product/58006/paleta-cerdo-curada-marpa-pieza~58006~2023-03-12 02:13:39.469037
Jamón de cebo ibérico La Hacienda del ibérico~Pieza~8,5 kg aprox.~| 14,66 €/kg~129.0~/ud.~Charcutería y quesos >~Jamón serrano~https://tienda.mercadona.es/product/58294/jamon-cebo-iberico-hacienda-iberico-pieza~58294~2023-03-12 02:13:39.958940
Jamón de bellota ibérico 50% La Hacienda del ibérico~Pieza~9 kg aprox.~| 41,00 €/kg~369.0~/ud.~Charcutería y quesos >~Jamón serrano~https://tienda.mercadona.es/product/58286/jamon-bellota-iberico-50-hacienda-iberico-pieza~58286~2023-03-12 02:13:40.427244
Jamón bellota ibérico 100% Covap~Pieza~9 kg aprox.~| 50,50 €/kg~454.5~/ud.~Charcutería y quesos >~Jamón serrano~https://tienda.mercadona.es/product/58297/jamon-bellota-iberico-100-covap-pieza~58297~2023-03-12 02:13:40.894644
Caja jamonera grande soporta 12 kg~Caja~1 ud.~| 1,50 €/ud~1.5~/ud.~Charcutería y quesos >~Jamón serrano~https://tienda.mercadona.es/product/58285/caja-jamonera-grande-soporta-12-kg-caja~58285~2023-03-12 02:13:41.491900
Paté de cerdo sabor suave Hacendado~3 latas x 80 g~| 5,625 €/kg~Not available~1.35~/pack~Charcutería y quesos >~Paté y sobrasada~https://tienda.mercadona.es/product/52176/pate-cerdo-sabor-suave-hacendado-pack-3~52176~2023-03-12 02:14:41.956587
Paté de cerdo con finas hierbas Hacendado~Tarro~160 g~| 7,188 €/kg~1.15~/ud.~Charcutería y quesos >~Paté y sobrasada~https://tienda.mercadona.es/product/52307/pate-cerdo-con-finas-hierbas-hacendado-tarro~52307~2023-03-12 02:14:42.490603
Paté de cerdo con pimienta Hacendado~Tarro~160 g~| 7,188 €/kg~1.15~/ud.~Charcutería y quesos >~Paté y sobrasada~https://tienda.mercadona.es/product/52311/pate-cerdo-con-pimienta-hacendado-tarro~52311~2023-03-12 02:14:42.949121
Paté de cerdo con pimienta verde Hacendado~Bandeja~100 g~| 14,50 €/kg~1.45~/ud.~Charcutería y quesos >~Paté y sobrasada~https://tienda.mercadona.es/product/52099/pate-cerdo-con-pimienta-verde-hacendado-bandeja~52099~2023-03-12 02:14:43.409887
Paté de atún Hacendado~3 latas x 80 g~| 8,75 €/kg~Not available~2.1~/pack~Charcutería y quesos >~Paté y sobrasada~https://tienda.mercadona.es/product/13867/pate-atun-hacendado-pack-3~13867~2023-03-12 02:14:43.915386
Paté de cerdo campaña Hacendado~Tarro~160 g~| 7,188 €/kg~1.15~/ud.~Charcutería y quesos >~Paté y sobrasada~https://tienda.mercadona.es/product/52334/pate-cerdo-campana-hacendado-tarro~52334~2023-03-12 02:14:44.428943
Paté de cerdo con finas hierbas Hacendado~Bandeja~100 g~| 14,50 €/kg~1.45~/ud.~Charcutería y quesos >~Paté y sobrasada~https://tienda.mercadona.es/product/52100/pate-cerdo-con-finas-hierbas-hacendado-bandeja~52100~2023-03-12 02:14:44.935409
Crema para untar fiambre de jamón york Hacendado sabor ahumado~Tarrina~160 g~| 8,75 €/kg~1.4~/ud.~Charcutería y quesos >~Paté y sobrasada~https://tienda.mercadona.es/product/59993/crema-untar-fiambre-jamon-york-hacendado-sabor-ahumado-tarrina~59993~2023-03-12 02:14:45.452678
Paté de salmón Hacendado~Tarro~160 g~| 7,188 €/kg~1.15~/ud.~Charcutería y quesos >~Paté y sobrasada~https://tienda.mercadona.es/product/52336/pate-salmon-hacendado-tarro~52336~2023-03-12 02:14:45.977098
Surtido mousse de pato Martiko mousse de pato 2 olivas, mousse de pato a la pimienta verde, mousse de pato provenzal con salsas de frutas del bosque y melocotón~Paquete~360 g~| 10,139 €/kg~3.65~/ud.~Charcutería y quesos >~Paté y sobrasada~https://tienda.mercadona.es/product/59901/surtido-mousse-pato-martiko-mousse-pato-2-olivas-mousse-pato-pimienta-verde-mousse-pato-provenzal-con-salsas-frutas-bosque-melocoton-paquete~59901~2023-03-12 02:14:46.504976
Paté de cerdo light Hacendado~2 latas x 80 g~| 10,00 €/kg~Not available~1.6~/pack~Charcutería y quesos >~Paté y sobrasada~https://tienda.mercadona.es/product/52183/pate-cerdo-light-hacendado-pack-2~52183~2023-03-12 02:14:47.011837
Bloc foie gras de pato Martiko~Lata~130 g~| 43,462 €/kg~5.65~/ud.~Charcutería y quesos >~Paté y sobrasada~https://tienda.mercadona.es/product/52160/bloc-foie-gras-pato-martiko-lata~52160~2023-03-12 02:14:47.500144
Paté olivada Hacendado~Tarro~120 g~| 14,584 €/kg~1.75~/ud.~Charcutería y quesos >~Paté y sobrasada~https://tienda.mercadona.es/product/52106/pate-olivada-hacendado-tarro~52106~2023-03-12 02:14:48.048898
Paté de jamón Hacendado~Tarro~160 g~| 7,188 €/kg~1.15~/ud.~Charcutería y quesos >~Paté y sobrasada~https://tienda.mercadona.es/product/52335/pate-jamon-hacendado-tarro~52335~2023-03-12 02:14:48.581911
Paté de morcilla Hacendado~Tarro~120 g~| 13,75 €/kg~1.65~/ud.~Charcutería y quesos >~Paté y sobrasada~https://tienda.mercadona.es/product/52050/pate-morcilla-hacendado-tarro~52050~2023-03-12 02:14:49.102886
Paté de cerdo ibérico Hacendado~3 latas x 80 g~| 7,292 €/kg~Not available~1.75~/pack~Charcutería y quesos >~Paté y sobrasada~https://tienda.mercadona.es/product/52178/pate-cerdo-iberico-hacendado-pack-3~52178~2023-03-12 02:14:49.611857
Paté de cerdo sabor intenso Hacendado~3 latas x 80 g~| 7,292 €/kg~Not available~1.75~/pack~Charcutería y quesos >~Paté y sobrasada~https://tienda.mercadona.es/product/52177/pate-cerdo-sabor-intenso-hacendado-pack-3~52177~2023-03-12 02:14:50.204268
Paté de cerdo y pollo con trufa y arándanos Hacendado~Paquete~100 g~| 18,50 €/kg~1.85~/ud.~Charcutería y quesos >~Paté y sobrasada~https://tienda.mercadona.es/product/52157/pate-cerdo-pollo-con-trufa-arandanos-hacendado-paquete~52157~2023-03-12 02:14:50.735491
Mousse de pato Hacendado~Bandeja~100 g~| 19,00 €/kg~1.9~/ud.~Charcutería y quesos >~Paté y sobrasada~https://tienda.mercadona.es/product/52167/mousse-pato-hacendado-bandeja~52167~2023-03-12 02:14:51.248479
Paté al Pedro Ximénez Hacendado~Tarro~120 g~| 14,584 €/kg~1.75~/ud.~Charcutería y quesos >~Paté y sobrasada~https://tienda.mercadona.es/product/52154/pate-pedro-ximenez-hacendado-tarro~52154~2023-03-12 02:14:51.770334
Paté de cerdo campaña Hacendado~Bandeja~100 g~| 18,00 €/kg~1.8~/ud.~Charcutería y quesos >~Paté y sobrasada~https://tienda.mercadona.es/product/52172/pate-cerdo-campana-hacendado-bandeja~52172~2023-03-12 02:14:52.308847
Foie gras entero de pato Hacendado~Paquete~100 g~| 74,00 €/kg~7.4~/ud.~Charcutería y quesos >~Paté y sobrasada~https://tienda.mercadona.es/product/52170/foie-gras-entero-pato-hacendado-paquete~52170~2023-03-12 02:14:52.824767
Bloc foie gras de pato Hacendado~Paquete~100 g~| 46,00 €/kg~4.6~/ud.~Charcutería y quesos >~Paté y sobrasada~https://tienda.mercadona.es/product/52171/bloc-foie-gras-pato-hacendado-paquete~52171~2023-03-12 02:14:53.335770
Paté de foie de pato con cebolla caramelizada Hacendado~Paquete~100 g~| 23,00 €/kg~2.3~/ud.~Charcutería y quesos >~Paté y sobrasada~https://tienda.mercadona.es/product/22427/pate-foie-pato-con-cebolla-caramelizada-hacendado-paquete~22427~2023-03-12 02:14:53.853061
Paté de cerdo sabor picante Hacendado~2 latas x 80 g~| 11,563 €/kg~Not available~1.85~/pack~Charcutería y quesos >~Paté y sobrasada~https://tienda.mercadona.es/product/52179/pate-cerdo-sabor-picante-hacendado-pack-2~52179~2023-03-12 02:14:54.445093
Crema para untar estilo york Hacendado sabor ahumado~2 latas x 80 g~| 12,813 €/kg~Not available~2.05~/pack~Charcutería y quesos >~Paté y sobrasada~https://tienda.mercadona.es/product/52180/crema-untar-estilo-york-hacendado-sabor-ahumado-pack-2~52180~2023-03-12 02:14:54.962699
Crema para untar de pavo Hacendado~2 latas x 80 g~| 12,813 €/kg~Not available~2.05~/pack~Charcutería y quesos >~Paté y sobrasada~https://tienda.mercadona.es/product/52181/crema-untar-pavo-hacendado-pack-2~52181~2023-03-12 02:14:55.474808
Crema para untar de pollo Hacendado~2 latas x 80 g~| 12,813 €/kg~Not available~2.05~/pack~Charcutería y quesos >~Paté y sobrasada~https://tienda.mercadona.es/product/52182/crema-untar-pollo-hacendado-pack-2~52182~2023-03-12 02:14:55.994265
Sobrasada selecta L'Illa especialidades~Tarrina~250 g~| 7,40 €/kg~1.85~/ud.~Charcutería y quesos >~Paté y sobrasada~https://tienda.mercadona.es/product/53116/sobrasada-selecta-lilla-especialidades-tarrina~53116~2023-03-12 02:14:56.471988
Sobrasada ibérica L'Illa especialidades~Tarrina~250 g~| 9,00 €/kg~2.25~/ud.~Charcutería y quesos >~Paté y sobrasada~https://tienda.mercadona.es/product/53122/sobrasada-iberica-lilla-especialidades-tarrina~53122~2023-03-12 02:14:56.993711
Sobrasada de Mallorca Can Pere Joan~Pieza~1 ud.~| 4,40 €/ud~4.4~/ud.~Charcutería y quesos >~Paté y sobrasada~https://tienda.mercadona.es/product/53160/sobrasada-mallorca-can-pere-joan-pieza~53160~2023-03-12 02:14:57.511790
Sobrasada con miel L'Illa especialidades~Tarrina~200 g~| 11,25 €/kg~2.25~/ud.~Charcutería y quesos >~Paté y sobrasada~https://tienda.mercadona.es/product/53146/sobrasada-con-miel-lilla-especialidades-tarrina~53146~2023-03-12 02:14:58.036570
Queso curado mezcla Hacendado cortado en cuñitas~Pieza~315 g aprox.~| 14,22 €/kg~4.48~/ud.~Charcutería y quesos >~Queso curado, semicurado y tierno~https://tienda.mercadona.es/product/50966/queso-curado-mezcla-hacendado-cortado-cunitas-pieza~50966~2023-03-12 02:21:36.840791
Queso curado mezcla Hacendado~Pieza~390 g aprox.~| 11,03 €/kg~4.3~/ud.~Charcutería y quesos >~Queso curado, semicurado y tierno~https://tienda.mercadona.es/product/50965/queso-curado-mezcla-hacendado-pieza~50965~2023-03-12 02:21:37.318157
Queso curado mezcla Hacendado~Pieza~1,63 kg aprox.~| 10,39 €/kg~16.94~/ud.~Charcutería y quesos >~Queso curado, semicurado y tierno~https://tienda.mercadona.es/product/50968/queso-curado-mezcla-hacendado-pieza~50968~2023-03-12 02:21:37.803450
Queso curado mezcla Hacendado~Pieza~1,03 kg aprox.~| 10,74 €/kg~11.11~/ud.~Charcutería y quesos >~Queso curado, semicurado y tierno~https://tienda.mercadona.es/product/50967/queso-curado-mezcla-hacendado-pieza~50967~2023-03-12 02:21:38.303047
Queso Grana Padano Zanetti~Pieza~230 g aprox.~| 15,43 €/kg~3.55~/ud.~Charcutería y quesos >~Queso curado, semicurado y tierno~https://tienda.mercadona.es/product/50008/queso-grana-padano-zanetti-pieza~50008~2023-03-12 02:21:38.800994
Queso viejo tostado mezcla Hacendado~Pieza~410 g aprox.~| 13,09 €/kg~5.37~/ud.~Charcutería y quesos >~Queso curado, semicurado y tierno~https://tienda.mercadona.es/product/50971/queso-viejo-tostado-mezcla-hacendado-pieza~50971~2023-03-12 02:21:39.296422
Queso viejo tostado mezcla Hacendado~Pieza~1,64 kg aprox.~| 12,25 €/kg~20.09~/ud.~Charcutería y quesos >~Queso curado, semicurado y tierno~https://tienda.mercadona.es/product/50985/queso-viejo-tostado-mezcla-hacendado-pieza~50985~2023-03-12 02:21:39.822208
Queso curado y Cheddar Hacendado en dados~Paquete~125 g~| 8,40 €/kg~1.05~/ud.~Charcutería y quesos >~Queso curado, semicurado y tierno~https://tienda.mercadona.es/product/51111/queso-curado-cheddar-hacendado-dados-paquete~51111~2023-03-12 02:21:40.334632
Queso viejo de oveja Hacendado~Pieza~1,54 kg aprox.~| 11,42 €/kg~17.59~/ud.~Charcutería y quesos >~Queso curado, semicurado y tierno~https://tienda.mercadona.es/product/50984/queso-viejo-oveja-hacendado-pieza~50984~2023-03-12 02:21:40.878053
Queso viejo de oveja Hacendado~Pieza~380 g aprox.~| 13,20 €/kg~5.02~/ud.~Charcutería y quesos >~Queso curado, semicurado y tierno~https://tienda.mercadona.es/product/50970/queso-viejo-oveja-hacendado-pieza~50970~2023-03-12 02:21:41.437485
Queso de oveja añejo fuerte Hacendado~Pieza~400 g aprox.~| 14,95 €/kg~5.98~/ud.~Charcutería y quesos >~Queso curado, semicurado y tierno~https://tienda.mercadona.es/product/50975/queso-oveja-anejo-fuerte-hacendado-pieza~50975~2023-03-12 02:21:42.079075
Queso viejo intenso mezcla Hacendado~Pieza~410 g aprox.~| 13,58 €/kg~5.57~/ud.~Charcutería y quesos >~Queso curado, semicurado y tierno~https://tienda.mercadona.es/product/50974/queso-viejo-intenso-mezcla-hacendado-pieza~50974~2023-03-12 02:21:42.640510
Tabla de quesos nacionales Hacendado~Bandeja~240 g~| 20,209 €/kg~4.85~/ud.~Charcutería y quesos >~Queso curado, semicurado y tierno~https://tienda.mercadona.es/product/50999/tabla-quesos-nacionales-hacendado-bandeja~50999~2023-03-12 02:21:43.198115
Queso Gruyère Natual~Pieza~200 g~| 15,40 €/kg~3.08~/ud.~Charcutería y quesos >~Queso curado, semicurado y tierno~https://tienda.mercadona.es/product/50025/queso-gruyere-natual-pieza~50025~2023-03-12 02:21:43.817627
Queso viejo Gouda Hacendado~Pieza~250 g~| 15,00 €/kg~3.75~/ud.~Charcutería y quesos >~Queso curado, semicurado y tierno~https://tienda.mercadona.es/product/50533/queso-viejo-gouda-hacendado-pieza~50533~2023-03-12 02:21:44.376367
Queso viejo ahumado de oveja Hacendado~Pieza~380 g aprox.~| 14,90 €/kg~5.66~/ud.~Charcutería y quesos >~Queso curado, semicurado y tierno~https://tienda.mercadona.es/product/50976/queso-viejo-ahumado-oveja-hacendado-pieza~50976~2023-03-12 02:21:44.925555
Queso tetilla de vaca Punteiro~Pieza~700 g aprox.~| 9,28 €/kg~6.5~/ud.~Charcutería y quesos >~Queso curado, semicurado y tierno~https://tienda.mercadona.es/product/50241/queso-tetilla-vaca-punteiro-pieza~50241~2023-03-12 02:21:45.471919
Queso Arzúa-Ulloa de vaca Punteiro~Pieza~800 g aprox.~| 9,23 €/kg~7.38~/ud.~Charcutería y quesos >~Queso curado, semicurado y tierno~https://tienda.mercadona.es/product/50242/queso-arzua-ulloa-vaca-punteiro-pieza~50242~2023-03-12 02:21:46.034674
Queso curado Cheddar Hacendado~Pieza~300 g~| 10,50 €/kg~3.15~/ud.~Charcutería y quesos >~Queso curado, semicurado y tierno~https://tienda.mercadona.es/product/51630/queso-curado-cheddar-hacendado-pieza~51630~2023-03-12 02:21:46.590176
Queso DOP curado manchego Hacendado~Pieza~350 g aprox.~| 20,20 €/kg~7.07~/ud.~Charcutería y quesos >~Queso curado, semicurado y tierno~https://tienda.mercadona.es/product/50589/queso-dop-curado-manchego-hacendado-pieza~50589~2023-03-12 02:21:47.137491
Queso viejo cremoso de oveja Hacendado~Pieza~370 g aprox.~| 15,15 €/kg~5.61~/ud.~Charcutería y quesos >~Queso curado, semicurado y tierno~https://tienda.mercadona.es/product/50969/queso-viejo-cremoso-oveja-hacendado-pieza~50969~2023-03-12 02:21:47.703681
Queso añejo con aceite de oliva de oveja y cabra Hacendado~Pieza~305 g aprox.~| 16,32 €/kg~4.98~/ud.~Charcutería y quesos >~Queso curado, semicurado y tierno~https://tienda.mercadona.es/product/50963/queso-anejo-con-aceite-oliva-oveja-cabra-hacendado-pieza~50963~2023-03-12 02:21:48.303470
Queso Grana Padano Hacendado en escamas~Bote~100 g~| 26,00 €/kg~2.6~/ud.~Charcutería y quesos >~Queso curado, semicurado y tierno~https://tienda.mercadona.es/product/23037/queso-grana-padano-hacendado-escamas-bote~23037~2023-03-12 02:21:48.873917
Queso añejo picante de oveja y cabra Hacendado~Pieza~370 g aprox.~| 14,46 €/kg~5.35~/ud.~Charcutería y quesos >~Queso curado, semicurado y tierno~https://tienda.mercadona.es/product/50972/queso-anejo-picante-oveja-cabra-hacendado-pieza~50972~2023-03-12 02:21:49.440742
Queso añejo seco de oveja Hacendado~Pieza~340 g aprox.~| 15,15 €/kg~5.15~/ud.~Charcutería y quesos >~Queso curado, semicurado y tierno~https://tienda.mercadona.es/product/50973/queso-anejo-seco-oveja-hacendado-pieza~50973~2023-03-12 02:21:50.022118
Queso semicurado mezcla Hacendado~Pieza~1,54 kg aprox.~| 8,87 €/kg~13.66~/ud.~Charcutería y quesos >~Queso curado, semicurado y tierno~https://tienda.mercadona.es/product/50946/queso-semicurado-mezcla-hacendado-pieza~50946~2023-03-12 02:21:50.601084
Queso semicurado mezcla Hacendado~Pieza~1,08 kg aprox.~| 9,61 €/kg~10.38~/ud.~Charcutería y quesos >~Queso curado, semicurado y tierno~https://tienda.mercadona.es/product/50945/queso-semicurado-mezcla-hacendado-pieza~50945~2023-03-12 02:21:51.170898
Queso semicurado mezcla Hacendado~Pieza~420 g aprox.~| 9,75 €/kg~4.09~/ud.~Charcutería y quesos >~Queso curado, semicurado y tierno~https://tienda.mercadona.es/product/50943/queso-semicurado-mezcla-hacendado-pieza~50943~2023-03-12 02:21:51.684961
Queso semicurado mezcla Hacendado cortado en cuñitas~Pieza~330 g aprox.~| 13,24 €/kg~4.37~/ud.~Charcutería y quesos >~Queso curado, semicurado y tierno~https://tienda.mercadona.es/product/50944/queso-semicurado-mezcla-hacendado-cortado-cunitas-pieza~50944~2023-03-12 02:21:52.200512
Queso semicurado de cabra Hacendado~Pieza~390 g aprox.~| 14,22 €/kg~5.55~/ud.~Charcutería y quesos >~Queso curado, semicurado y tierno~https://tienda.mercadona.es/product/50942/queso-semicurado-cabra-hacendado-pieza~50942~2023-03-12 02:21:52.777457
Queso semicurado Gouda Holland Corona~Pieza~350 g aprox.~| 9,33 €/kg~3.27~/ud.~Charcutería y quesos >~Queso curado, semicurado y tierno~https://tienda.mercadona.es/product/50416/queso-semicurado-gouda-holland-corona-pieza~50416~2023-03-12 02:21:53.365613
Queso semicurado bola Edam Holland Corona~Pieza~430 g~| 9,721 €/kg~4.18~/ud.~Charcutería y quesos >~Queso curado, semicurado y tierno~https://tienda.mercadona.es/product/50484/queso-semicurado-bola-edam-holland-corona-pieza~50484~2023-03-12 02:21:53.948876
Queso semicurado sin lactosa mezcla Hacendado~Pieza~390 g aprox.~| 11,96 €/kg~4.66~/ud.~Charcutería y quesos >~Queso curado, semicurado y tierno~https://tienda.mercadona.es/product/50941/queso-semicurado-sin-lactosa-mezcla-hacendado-pieza~50941~2023-03-12 02:21:54.524864
Queso semicurado light mezcla Hacendado~Pieza~380 g aprox.~| 11,27 €/kg~4.28~/ud.~Charcutería y quesos >~Queso curado, semicurado y tierno~https://tienda.mercadona.es/product/50938/queso-semicurado-light-mezcla-hacendado-pieza~50938~2023-03-12 02:21:55.094790
Queso Emmental Hacendado~Pieza~350 g~| 8,515 €/kg~2.98~/ud.~Charcutería y quesos >~Queso curado, semicurado y tierno~https://tienda.mercadona.es/product/23561/queso-emmental-hacendado-pieza~23561~2023-03-12 02:21:55.684929
Queso tierno de vaca Hacendado cortado en cuñitas~Pieza~336 g aprox.~| 8,43 €/kg~2.83~/ud.~Charcutería y quesos >~Queso curado, semicurado y tierno~https://tienda.mercadona.es/product/50916/queso-tierno-vaca-hacendado-cortado-cunitas-pieza~50916~2023-03-12 02:21:56.263202
Queso tierno tronchón mezcla Montesinos~Pieza~260 g aprox.~| 12,06 €/kg~3.14~/ud.~Charcutería y quesos >~Queso curado, semicurado y tierno~https://tienda.mercadona.es/product/50020/queso-tierno-tronchon-mezcla-montesinos-pieza~50020~2023-03-12 02:21:56.843833
Queso tierno mezcla Hacendado~Pieza~1,22 kg aprox.~| 8,14 €/kg~9.93~/ud.~Charcutería y quesos >~Queso curado, semicurado y tierno~https://tienda.mercadona.es/product/50919/queso-tierno-mezcla-hacendado-pieza~50919~2023-03-12 02:21:57.602786
Queso tierno mezcla Hacendado~Pieza~350 g aprox.~| 8,63 €/kg~3.02~/ud.~Charcutería y quesos >~Queso curado, semicurado y tierno~https://tienda.mercadona.es/product/50917/queso-tierno-mezcla-hacendado-pieza~50917~2023-03-12 02:21:58.205510
Queso tierno mezcla Hacendado cortado en cuñitas~Pieza~336 g aprox.~| 11,67 €/kg~3.92~/ud.~Charcutería y quesos >~Queso curado, semicurado y tierno~https://tienda.mercadona.es/product/50918/queso-tierno-mezcla-hacendado-cortado-cunitas-pieza~50918~2023-03-12 02:21:58.780916
Queso tierno bajo en sal mezcla Hacendado~Pieza~375 g aprox.~| 9,95 €/kg~3.73~/ud.~Charcutería y quesos >~Queso curado, semicurado y tierno~https://tienda.mercadona.es/product/50915/queso-tierno-bajo-sal-mezcla-hacendado-pieza~50915~2023-03-12 02:21:59.370706
Queso Maasdam Holland Corona~Pieza~400 g~| 8,775 €/kg~3.51~/ud.~Charcutería y quesos >~Queso curado, semicurado y tierno~https://tienda.mercadona.es/product/50480/queso-maasdam-holland-corona-pieza~50480~2023-03-12 02:21:59.953057
Queso tierno Gouda Holland~Pieza~450 g~| 7,80 €/kg~3.51~/ud.~Charcutería y quesos >~Queso curado, semicurado y tierno~https://tienda.mercadona.es/product/50478/queso-tierno-gouda-holland-pieza~50478~2023-03-12 02:22:00.552529
Queso tierno bola Edam Holland Corona~Pieza~455 g~| 8,66 €/kg~3.94~/ud.~Charcutería y quesos >~Queso curado, semicurado y tierno~https://tienda.mercadona.es/product/50483/queso-tierno-bola-edam-holland-corona-pieza~50483~2023-03-12 02:22:01.138554
Queso tierno de cabra Hacendado~Pieza~350 g aprox.~| 13,33 €/kg~4.67~/ud.~Charcutería y quesos >~Queso curado, semicurado y tierno~https://tienda.mercadona.es/product/50927/queso-tierno-cabra-hacendado-pieza~50927~2023-03-12 02:22:01.713267
Queso Havarti Hacendado lonchas~Paquete~300 g~| 9,934 €/kg~2.98~/ud.~Charcutería y quesos >~Queso lonchas, rallado y en porciones~https://tienda.mercadona.es/product/50545/queso-havarti-hacendado-lonchas-paquete~50545~2023-03-12 02:23:05.317884
Queso tierno mezcla Entrepinares lonchas~Paquete~250 g aprox.~| 9,17 €/kg~2.29~/ud.~Charcutería y quesos >~Queso lonchas, rallado y en porciones~https://tienda.mercadona.es/product/50385/queso-tierno-mezcla-entrepinares-lonchas-paquete~50385~2023-03-12 02:23:05.875271
Queso light Havarti Hacendado lonchas~Paquete~300 g~| 9,934 €/kg~2.98~/ud.~Charcutería y quesos >~Queso lonchas, rallado y en porciones~https://tienda.mercadona.es/product/50546/queso-light-havarti-hacendado-lonchas-paquete~50546~2023-03-12 02:23:06.366379
Queso semicurado mezcla Entrepinares lonchas~Paquete~210 g aprox.~| 11,42 €/kg~2.4~/ud.~Charcutería y quesos >~Queso lonchas, rallado y en porciones~https://tienda.mercadona.es/product/50148/queso-semicurado-mezcla-entrepinares-lonchas-paquete~50148~2023-03-12 02:23:06.823541
Queso fundido sándwich Hacendado lonchas~Paquete~200 g~| 6,25 €/kg~1.25~/ud.~Charcutería y quesos >~Queso lonchas, rallado y en porciones~https://tienda.mercadona.es/product/50371/queso-fundido-sandwich-hacendado-lonchas-paquete~50371~2023-03-12 02:23:07.301905
Queso light mezcla Entrepinares lonchas~Paquete~210 g aprox.~| 11,57 €/kg~2.43~/ud.~Charcutería y quesos >~Queso lonchas, rallado y en porciones~https://tienda.mercadona.es/product/50163/queso-light-mezcla-entrepinares-lonchas-paquete~50163~2023-03-12 02:23:07.775387
Queso Gouda Hacendado lonchas~Paquete~300 g~| 7,667 €/kg~2.3~/ud.~Charcutería y quesos >~Queso lonchas, rallado y en porciones~https://tienda.mercadona.es/product/50654/queso-gouda-hacendado-lonchas-paquete~50654~2023-03-12 02:23:08.231932
Queso de cabra Entrepinares lonchas~Paquete~220 g aprox.~| 12,11 €/kg~2.66~/ud.~Charcutería y quesos >~Queso lonchas, rallado y en porciones~https://tienda.mercadona.es/product/50153/queso-cabra-entrepinares-lonchas-paquete~50153~2023-03-12 02:23:08.689471
Queso tierno de vaca Entrepinares lonchas~Paquete~320 g aprox.~| 8,87 €/kg~2.84~/ud.~Charcutería y quesos >~Queso lonchas, rallado y en porciones~https://tienda.mercadona.es/product/50171/queso-tierno-vaca-entrepinares-lonchas-paquete~50171~2023-03-12 02:23:09.188228
Queso fundido sabor suave Hacendado lonchas~Paquete~555 g~| 4,163 €/kg~2.31~/ud.~Charcutería y quesos >~Queso lonchas, rallado y en porciones~https://tienda.mercadona.es/product/51182/queso-fundido-sabor-suave-hacendado-lonchas-paquete~51182~2023-03-12 02:23:09.673409
Queso Edam Holland Corona lonchas~Paquete~300 g~| 7,534 €/kg~2.26~/ud.~Charcutería y quesos >~Queso lonchas, rallado y en porciones~https://tienda.mercadona.es/product/50459/queso-edam-holland-corona-lonchas-paquete~50459~2023-03-12 02:23:10.131891
Queso mozzarella Hacendado lonchas~Paquete~200 g~| 9,15 €/kg~1.83~/ud.~Charcutería y quesos >~Queso lonchas, rallado y en porciones~https://tienda.mercadona.es/product/51126/queso-mozzarella-hacendado-lonchas-paquete~51126~2023-03-12 02:23:10.601868
Queso Cheddar Hacendado lonchas~Paquete~200 g~| 9,60 €/kg~1.92~/ud.~Charcutería y quesos >~Queso lonchas, rallado y en porciones~https://tienda.mercadona.es/product/55017/queso-cheddar-hacendado-lonchas-paquete~55017~2023-03-12 02:23:11.082199
Queso Emmental Hacendado lonchas~Paquete~200 g~| 10,80 €/kg~2.16~/ud.~Charcutería y quesos >~Queso lonchas, rallado y en porciones~https://tienda.mercadona.es/product/60710/queso-emmental-hacendado-lonchas-paquete~60710~2023-03-12 02:23:11.606627
Queso sin lactosa Hacendado lonchas~Paquete~150 g~| 13,467 €/kg~2.02~/ud.~Charcutería y quesos >~Queso lonchas, rallado y en porciones~https://tienda.mercadona.es/product/50139/queso-sin-lactosa-hacendado-lonchas-paquete~50139~2023-03-12 02:23:12.134773
Queso de oveja Entrepinares lonchas~Paquete~210 g aprox.~| 11,86 €/kg~2.49~/ud.~Charcutería y quesos >~Queso lonchas, rallado y en porciones~https://tienda.mercadona.es/product/50151/queso-oveja-entrepinares-lonchas-paquete~50151~2023-03-12 02:23:12.664806
Queso Provolone Zanetti en loncha~Paquete~200 g~| 12,25 €/kg~2.45~/ud.~Charcutería y quesos >~Queso lonchas, rallado y en porciones~https://tienda.mercadona.es/product/50630/queso-provolone-zanetti-loncha-paquete~50630~2023-03-12 02:23:13.247575
Queso semicurado Gouda Holland Corona lonchas~Paquete~300 g~| 9,30 €/kg~2.79~/ud.~Charcutería y quesos >~Queso lonchas, rallado y en porciones~https://tienda.mercadona.es/product/50471/queso-semicurado-gouda-holland-corona-lonchas-paquete~50471~2023-03-12 02:23:13.771264
Queso El Caserio lonchas~Paquete~300 g~| 8,167 €/kg~2.45~/ud.~Charcutería y quesos >~Queso lonchas, rallado y en porciones~https://tienda.mercadona.es/product/50169/queso-caserio-lonchas-paquete~50169~2023-03-12 02:23:14.291061
Queso fundido burger Hacendado lonchas~Paquete~300 g~| 6,30 €/kg~1.89~/ud.~Charcutería y quesos >~Queso lonchas, rallado y en porciones~https://tienda.mercadona.es/product/51198/queso-fundido-burger-hacendado-lonchas-paquete~51198~2023-03-12 02:23:14.823551
Queso fundido light Hacendado lonchas~Paquete~300 g~| 6,30 €/kg~1.89~/ud.~Charcutería y quesos >~Queso lonchas, rallado y en porciones~https://tienda.mercadona.es/product/51199/queso-fundido-light-hacendado-lonchas-paquete~51199~2023-03-12 02:23:15.427667
Raclette queso Entremont lonchas~Paquete~400 g~| 11,55 €/kg~4.62~/ud.~Charcutería y quesos >~Queso lonchas, rallado y en porciones~https://tienda.mercadona.es/product/50614/raclette-queso-entremont-lonchas-paquete~50614~2023-03-12 02:23:15.901877
Queso rallado emmental gratinar Hacendado~Paquete~200 g~| 8,65 €/kg~1.73~/ud.~Charcutería y quesos >~Queso lonchas, rallado y en porciones~https://tienda.mercadona.es/product/51239/queso-rallado-emmental-gratinar-hacendado-paquete~51239~2023-03-12 02:23:16.330082
Queso rallado mozzarella pizza-Roma Hacendado~Paquete~200 g~| 7,95 €/kg~1.59~/ud.~Charcutería y quesos >~Queso lonchas, rallado y en porciones~https://tienda.mercadona.es/product/51110/queso-rallado-mozzarella-pizza-roma-hacendado-paquete~51110~2023-03-12 02:23:16.767942
Queso en polvo especial pasta Hacendado~Paquete~150 g~| 9,934 €/kg~1.49~/ud.~Charcutería y quesos >~Queso lonchas, rallado y en porciones~https://tienda.mercadona.es/product/51151/queso-polvo-especial-pasta-hacendado-paquete~51151~2023-03-12 02:23:17.207702
Queso rallado 4 quesos Hacendado~Paquete~180 g~| 10,445 €/kg~1.88~/ud.~Charcutería y quesos >~Queso lonchas, rallado y en porciones~https://tienda.mercadona.es/product/51237/queso-rallado-4-quesos-hacendado-paquete~51237~2023-03-12 02:23:17.677787
Queso en polvo grana padano Hacendado~Paquete~100 g~| 17,30 €/kg~1.73~/ud.~Charcutería y quesos >~Queso lonchas, rallado y en porciones~https://tienda.mercadona.es/product/51146/queso-polvo-grana-padano-hacendado-paquete~51146~2023-03-12 02:23:18.156398
Queso rallado especial fundir Hacendado~Paquete~400 g~| 5,625 €/kg~2.25~/ud.~Charcutería y quesos >~Queso lonchas, rallado y en porciones~https://tienda.mercadona.es/product/23622/queso-rallado-especial-fundir-hacendado-paquete~23622~2023-03-12 02:23:18.646919
Queso rallado especial fundir Hacendado~Paquete~200 g~| 6,75 €/kg~1.35~/ud.~Charcutería y quesos >~Queso lonchas, rallado y en porciones~https://tienda.mercadona.es/product/23621/queso-rallado-especial-fundir-hacendado-paquete~23621~2023-03-12 02:23:19.139026
Queso rallado sin lactosa Hacendado~Paquete~150 g~| 12,534 €/kg~1.88~/ud.~Charcutería y quesos >~Queso lonchas, rallado y en porciones~https://tienda.mercadona.es/product/51105/queso-rallado-sin-lactosa-hacendado-paquete~51105~2023-03-12 02:23:19.667202
Queso rallado Gouda Hacendado~Paquete~200 g~| 7,95 €/kg~1.59~/ud.~Charcutería y quesos >~Queso lonchas, rallado y en porciones~https://tienda.mercadona.es/product/52412/queso-rallado-gouda-hacendado-paquete~52412~2023-03-12 02:23:20.241924
Queso Hacendado en porciones~Caja~24 quesitos (375 g)~| 6,027 €/kg~2.26~/ud.~Charcutería y quesos >~Queso lonchas, rallado y en porciones~https://tienda.mercadona.es/product/52405/queso-hacendado-porciones-caja~52405~2023-03-12 02:23:20.754981
Queso sin lactosa Hacendado en porciones~Caja~8 quesitos (125 g)~| 14,32 €/kg~1.79~/ud.~Charcutería y quesos >~Queso lonchas, rallado y en porciones~https://tienda.mercadona.es/product/51233/queso-sin-lactosa-hacendado-porciones-caja~51233~2023-03-12 02:23:21.294784
Queso light Hacendado en porciones~Caja~16 quesitos (250 g)~| 6,36 €/kg~1.59~/ud.~Charcutería y quesos >~Queso lonchas, rallado y en porciones~https://tienda.mercadona.es/product/51232/queso-light-hacendado-porciones-caja~51232~2023-03-12 02:23:21.803118
Queso Mini Babybel~Malla~8 quesitos (160 g)~| 21,313 €/kg~3.41~/ud.~Charcutería y quesos >~Queso lonchas, rallado y en porciones~https://tienda.mercadona.es/product/51504/queso-mini-babybel-malla~51504~2023-03-12 02:23:22.295989
Palitos con queso fundido La vaca que ríe~Caja~4 tarrinas (140 g)~| 17,072 €/kg~2.39~/ud.~Charcutería y quesos >~Queso lonchas, rallado y en porciones~https://tienda.mercadona.es/product/51068/palitos-con-queso-fundido-vaca-rie-caja~51068~2023-03-12 02:23:22.836049
Queso untar suave Hacendado~Tarrina~300 g~| 4,634 €/kg~1.39~/ud.~Charcutería y quesos >~Queso untable y fresco~https://tienda.mercadona.es/product/51203/queso-untar-suave-hacendado-tarrina~51203~2023-03-12 02:29:59.596070
Queso untar Philadelphia Original~Tarrina~270 g~| 10,149 €/kg~2.74~/ud.~Charcutería y quesos >~Queso untable y fresco~https://tienda.mercadona.es/product/51073/queso-untar-philadelphia-original-tarrina~51073~2023-03-12 02:30:00.215139
Queso brie Marcillat Plaisir de Roy~Pieza~200 g~| 8,15 €/kg~1.63~/ud.~Charcutería y quesos >~Queso untable y fresco~https://tienda.mercadona.es/product/50619/queso-brie-marcillat-plaisir-roy-pieza~50619~2023-03-12 02:30:00.723523
Queso untar light Philadelphia~Tarrina~270 g~| 10,149 €/kg~2.74~/ud.~Charcutería y quesos >~Queso untable y fresco~https://tienda.mercadona.es/product/51079/queso-untar-light-philadelphia-tarrina~51079~2023-03-12 02:30:01.272679
Queso untar light Hacendado~Tarrina~300 g~| 4,634 €/kg~1.39~/ud.~Charcutería y quesos >~Queso untable y fresco~https://tienda.mercadona.es/product/51223/queso-untar-light-hacendado-tarrina~51223~2023-03-12 02:30:01.784908
Queso Gorgonzola de vaca Hacendado~Pieza~170 g aprox.~| 12,40 €/kg~2.11~/ud.~Charcutería y quesos >~Queso untable y fresco~https://tienda.mercadona.es/product/50613/queso-gorgonzola-vaca-hacendado-pieza~50613~2023-03-12 02:30:02.342285
Crema de queso Camembert Hacendado~Tarrina~150 g~| 10,60 €/kg~1.59~/ud.~Charcutería y quesos >~Queso untable y fresco~https://tienda.mercadona.es/product/51181/crema-queso-camembert-hacendado-tarrina~51181~2023-03-12 02:30:02.904277
Queso Mascarpone Hacendado~Tarrina~250 g~| 10,56 €/kg~2.64~/ud.~Charcutería y quesos >~Queso untable y fresco~https://tienda.mercadona.es/product/51072/queso-mascarpone-hacendado-tarrina~51072~2023-03-12 02:30:03.473832
Mousse de queso, ajo y finas hierbas Hacendado~Tarrina~150 g~| 8,667 €/kg~1.3~/ud.~Charcutería y quesos >~Queso untable y fresco~https://tienda.mercadona.es/product/51167/mousse-queso-ajo-finas-hierbas-hacendado-tarrina~51167~2023-03-12 02:30:04.041174
Queso untar con finas hierbas Hacendado~Tarrina~200 g~| 7,70 €/kg~1.54~/ud.~Charcutería y quesos >~Queso untable y fresco~https://tienda.mercadona.es/product/51208/queso-untar-con-finas-hierbas-hacendado-tarrina~51208~2023-03-12 02:30:04.621843
Mousse de queso y nueces Hacendado~Tarrina~150 g~| 8,667 €/kg~1.3~/ud.~Charcutería y quesos >~Queso untable y fresco~https://tienda.mercadona.es/product/51168/mousse-queso-nueces-hacendado-tarrina~51168~2023-03-12 02:30:05.199355
Crema de queso sabor suave Hacendado~Tarrina~125 g~| 9,20 €/kg~1.15~/ud.~Charcutería y quesos >~Queso untable y fresco~https://tienda.mercadona.es/product/51132/crema-queso-sabor-suave-hacendado-tarrina~51132~2023-03-12 02:30:05.769889
Queso untar con queso azul Hacendado~Tarrina~200 g~| 8,40 €/kg~1.68~/ud.~Charcutería y quesos >~Queso untable y fresco~https://tienda.mercadona.es/product/51211/queso-untar-con-queso-azul-hacendado-tarrina~51211~2023-03-12 02:30:06.340704
Queso untar sin lactosa Hacendado~Tarrina~200 g~| 8,40 €/kg~1.68~/ud.~Charcutería y quesos >~Queso untable y fresco~https://tienda.mercadona.es/product/51212/queso-untar-sin-lactosa-hacendado-tarrina~51212~2023-03-12 02:30:06.926468
Fondue savoyarde 3 quesos Entremont~Caja~400 g~| 11,55 €/kg~4.62~/ud.~Charcutería y quesos >~Queso untable y fresco~https://tienda.mercadona.es/product/50616/fondue-savoyarde-3-quesos-entremont-caja~50616~2023-03-12 02:30:07.503420
Crema de queso semicurado Président~Tarrina~125 g~| 16,00 €/kg~2.0~/ud.~Charcutería y quesos >~Queso untable y fresco~https://tienda.mercadona.es/product/51060/crema-queso-semicurado-president-tarrina~51060~2023-03-12 02:30:08.132479
Crema de queso viejo tostado Hacendado~Tarrina~150 g~| 11,20 €/kg~1.68~/ud.~Charcutería y quesos >~Queso untable y fresco~https://tienda.mercadona.es/product/22780/crema-queso-viejo-tostado-hacendado-tarrina~22780~2023-03-12 02:30:08.719561
Queso fresco Burgos natural de vaca Hacendado~2 tarrinas x 250 g~| 3,76 €/kg~Not available~1.88~/pack~Charcutería y quesos >~Queso untable y fresco~https://tienda.mercadona.es/product/51184/queso-fresco-burgos-natural-vaca-hacendado-pack-2~51184~2023-03-12 02:30:09.298294
Queso fresco Burgos natural de vaca Hacendado~6 tarrinas x 62,5 g~| 4,347 €/kg~Not available~1.63~/pack~Charcutería y quesos >~Queso untable y fresco~https://tienda.mercadona.es/product/51026/queso-fresco-burgos-natural-vaca-hacendado-pack-6~51026~2023-03-12 02:30:09.804002
Mozzarella fresca de vaca Hacendado~Paquete~250 g (125 g escurrido)~| 8,08 €/kg~1.01~/ud.~Charcutería y quesos >~Queso untable y fresco~https://tienda.mercadona.es/product/51050/mozzarella-fresca-vaca-hacendado-paquete~51050~2023-03-12 02:30:10.308994
Queso fresco Burgos desnatado 0% m.g de vaca Hacendado~6 tarrinas x 62,5 g~| 4,347 €/kg~Not available~1.63~/pack~Charcutería y quesos >~Queso untable y fresco~https://tienda.mercadona.es/product/51074/queso-fresco-burgos-desnatado-0-mg-vaca-hacendado-pack-6~51074~2023-03-12 02:30:10.801464
Queso Feta mezcla Hacendado en dados~Tarrina~370 g (150 g escurrido)~| 15,667 €/kg~2.35~/ud.~Charcutería y quesos >~Queso untable y fresco~https://tienda.mercadona.es/product/51197/queso-feta-mezcla-hacendado-dados-tarrina~51197~2023-03-12 02:30:11.328820
Queso fresco de vaca Burgo de Arias~3 tarrinas x 72 g~| 13,334 €/kg~Not available~2.88~/pack~Charcutería y quesos >~Queso untable y fresco~https://tienda.mercadona.es/product/51044/queso-fresco-vaca-burgo-arias-pack-3~51044~2023-03-12 02:30:11.882854
Perlas de Mozzarella fresca de vaca Hacendado~Tarrina~300 g (150 g escurrido)~| 13,134 €/kg~1.97~/ud.~Charcutería y quesos >~Queso untable y fresco~https://tienda.mercadona.es/product/51052/perlas-mozzarella-fresca-vaca-hacendado-tarrina~51052~2023-03-12 02:30:12.409842
Queso fresco de cabra Hacendado~Tarrina~250 g~| 10,40 €/kg~2.6~/ud.~Charcutería y quesos >~Queso untable y fresco~https://tienda.mercadona.es/product/51194/queso-fresco-cabra-hacendado-tarrina~51194~2023-03-12 02:30:12.921021
Queso fresco batido desnatado Hacendado 0% m.g~Tarrina~500 g~| 2,02 €/kg~1.01~/ud.~Charcutería y quesos >~Queso untable y fresco~https://tienda.mercadona.es/product/51071/queso-fresco-batido-desnatado-hacendado-0-mg-tarrina~51071~2023-03-12 02:30:13.481021
Queso para ensaladas Hacendado en dados~Tarrina~200 g~| 10,10 €/kg~2.02~/ud.~Charcutería y quesos >~Queso untable y fresco~https://tienda.mercadona.es/product/51065/queso-ensaladas-hacendado-dados-tarrina~51065~2023-03-12 02:30:14.072243
Queso fresco de vaca Hacendado~Tarrina~250 g~| 6,92 €/kg~1.73~/ud.~Charcutería y quesos >~Queso untable y fresco~https://tienda.mercadona.es/product/51191/queso-fresco-vaca-hacendado-tarrina~51191~2023-03-12 02:30:14.658239
Queso fresco batido desnatado 0% m.g Hacendado~4 tarrinas x 120 g~| 3,105 €/kg~Not available~1.49~/pack~Charcutería y quesos >~Queso untable y fresco~https://tienda.mercadona.es/product/51021/queso-fresco-batido-desnatado-0-mg-hacendado-pack-4~51021~2023-03-12 02:30:15.236512
Mozzarella di bufala campana Hacendado~Tarrina~280 g (125 g escurrido)~| 13,84 €/kg~1.73~/ud.~Charcutería y quesos >~Queso untable y fresco~https://tienda.mercadona.es/product/51201/mozzarella-di-bufala-campana-hacendado-tarrina~51201~2023-03-12 02:30:15.960438
Queso fresco light de vaca Hacendado~Tarrina~250 g~| 8,84 €/kg~2.21~/ud.~Charcutería y quesos >~Queso untable y fresco~https://tienda.mercadona.es/product/51192/queso-fresco-light-vaca-hacendado-tarrina~51192~2023-03-12 02:30:16.562191
Queso fresco 0% m.g de vaca Burgo de Arias~3 tarrinas x 72 g~| 13,334 €/kg~Not available~2.88~/pack~Charcutería y quesos >~Queso untable y fresco~https://tienda.mercadona.es/product/51043/queso-fresco-0-mg-vaca-burgo-arias-pack-3~51043~2023-03-12 02:30:17.180921
Requesón mezcla Montesinos~Tarrina~200 g~| 5,00 €/kg~1.0~/ud.~Charcutería y quesos >~Queso untable y fresco~https://tienda.mercadona.es/product/51012/requeson-mezcla-montesinos-tarrina~51012~2023-03-12 02:30:17.776079
Queso fresco Burgos sin lactosa de vaca Hacendado~4 tarrinas x 62,5 g~| 6,92 €/kg~Not available~1.73~/pack~Charcutería y quesos >~Queso untable y fresco~https://tienda.mercadona.es/product/51130/queso-fresco-burgos-sin-lactosa-vaca-hacendado-pack-4~51130~2023-03-12 02:30:18.386923
Requesón 0% m.g de vaca Pastoret~2 tarrinas x 125 g~| 8,48 €/kg~Not available~2.12~/pack~Charcutería y quesos >~Queso untable y fresco~https://tienda.mercadona.es/product/51013/requeson-0-mg-vaca-pastoret-pack-2~51013~2023-03-12 02:30:18.979592
Queso fresco Burgos desnatado 0% m.g de vaca Hacendado~2 tarrinas x 250 g~| 3,76 €/kg~Not available~1.88~/pack~Charcutería y quesos >~Queso untable y fresco~https://tienda.mercadona.es/product/51170/queso-fresco-burgos-desnatado-0-mg-vaca-hacendado-pack-2~51170~2023-03-12 02:30:19.569921
Queso fresco Burgos bajo en sal de vaca Hacendado~4 tarrinas x 62,5 g~| 5,76 €/kg~Not available~1.44~/pack~Charcutería y quesos >~Queso untable y fresco~https://tienda.mercadona.es/product/51046/queso-fresco-burgos-bajo-sal-vaca-hacendado-pack-4~51046~2023-03-12 02:30:20.166853
Queso fresco Mató de vaca Hacendado~2 ud. x 100 g~| 7,45 €/kg~Not available~1.49~/pack~Charcutería y quesos >~Queso untable y fresco~https://tienda.mercadona.es/product/51222/queso-fresco-mato-vaca-hacendado-pack-2~51222~2023-03-12 02:30:20.766260
Queso fresco sin lactosa de vaca Hacendado~Tarrina~250 g~| 9,60 €/kg~2.4~/ud.~Charcutería y quesos >~Queso untable y fresco~https://tienda.mercadona.es/product/51193/queso-fresco-sin-lactosa-vaca-hacendado-tarrina~51193~2023-03-12 02:30:21.364655
Queso ricotta mezcla Hacendado~Tarrina~200 g~| 9,00 €/kg~1.8~/ud.~Charcutería y quesos >~Queso untable y fresco~https://tienda.mercadona.es/product/51228/queso-ricotta-mezcla-hacendado-tarrina~51228~2023-03-12 02:30:21.966183
Mozzarella fresca light de vaca Hacendado~Paquete~250 g (125 g escurrido)~| 8,48 €/kg~1.06~/ud.~Charcutería y quesos >~Queso untable y fresco~https://tienda.mercadona.es/product/51230/mozzarella-fresca-light-vaca-hacendado-paquete~51230~2023-03-12 02:30:22.521294
Burrata fresca Hacendado~Tarrina~250 g (150 g escurrido)~| 15,40 €/kg~2.31~/ud.~Charcutería y quesos >~Queso untable y fresco~https://tienda.mercadona.es/product/51218/burrata-fresca-hacendado-tarrina~51218~2023-03-12 02:30:23.074072
Queso fresco Cottage semidesnatado de vaca Hacendado~Tarrina~200 g~| 6,50 €/kg~1.3~/ud.~Charcutería y quesos >~Queso untable y fresco~https://tienda.mercadona.es/product/60963/queso-fresco-cottage-semidesnatado-vaca-hacendado-tarrina~60963~2023-03-12 02:30:23.625705
Queso de cabra Hacendado rulo~Paquete~200 g~| 11,30 €/kg~2.26~/ud.~Charcutería y quesos >~Queso untable y fresco~https://tienda.mercadona.es/product/50021/queso-cabra-hacendado-rulo-paquete~50021~2023-03-12 02:30:24.289081
Queso Roquefort de oveja Hacendado~Not available~100 g~| 16,90 €/kg~1.69~/ud.~Charcutería y quesos >~Queso untable y fresco~https://tienda.mercadona.es/product/86276/queso-roquefort-oveja-hacendado-pieza~86276~2023-03-12 02:30:24.919196
Queso Camembert de vaca Marcillat~Caja~240 g~| 7,625 €/kg~1.83~/ud.~Charcutería y quesos >~Queso untable y fresco~https://tienda.mercadona.es/product/51621/queso-camembert-vaca-marcillat-caja~51621~2023-03-12 02:30:25.569383
Queso azul Danés Danablu de vaca Viking~Pieza~100 g~| 15,90 €/kg~1.59~/ud.~Charcutería y quesos >~Queso untable y fresco~https://tienda.mercadona.es/product/51641/queso-azul-danes-danablu-vaca-viking-pieza~51641~2023-03-12 02:30:26.350583
Queso azul de vaca Hacendado~Pieza~180 g~| 12,278 €/kg~2.21~/ud.~Charcutería y quesos >~Queso untable y fresco~https://tienda.mercadona.es/product/51627/queso-azul-vaca-hacendado-pieza~51627~2023-03-12 02:30:26.989099
Queso de cabra Président en medallones~Paquete~200 g~| 16,60 €/kg~3.32~/ud.~Charcutería y quesos >~Queso untable y fresco~https://tienda.mercadona.es/product/51149/queso-cabra-president-medallones-paquete~51149~2023-03-12 02:30:27.606446
Queso de cabra Montesinos~2 tarrinas x 100 g~| 15,15 €/kg~Not available~3.03~/pack~Charcutería y quesos >~Queso untable y fresco~https://tienda.mercadona.es/product/50633/queso-cabra-montesinos-pack-2~50633~2023-03-12 02:30:28.206053
Rulito de queso con piña y almendra Liptana~Bandeja~100 g~| 12,50 €/kg~1.25~/ud.~Charcutería y quesos >~Queso untable y fresco~https://tienda.mercadona.es/product/51619/rulito-queso-con-pina-almendra-liptana-bandeja~51619~2023-03-12 02:30:28.827182
Queso blando snack de vaca Président~Paquete~180 g~| 15,778 €/kg~2.84~/ud.~Charcutería y quesos >~Queso untable y fresco~https://tienda.mercadona.es/product/51604/queso-blando-snack-vaca-president-paquete~51604~2023-03-12 02:30:29.441854
Queso blando Petit Blu blanco y azul Bergader~Pieza~150 g~| 14,734 €/kg~2.21~/ud.~Charcutería y quesos >~Queso untable y fresco~https://tienda.mercadona.es/product/51502/queso-blando-petit-blu-blanco-azul-bergader-pieza~51502~2023-03-12 02:30:30.057115
Arroz tres delicias Hacendado ultracongelado~Paquete~1 kg~| 2,80 €/kg~2.8~/ud.~Congelados >~Arroz y pasta~https://tienda.mercadona.es/product/61341/arroz-tres-delicias-hacendado-ultracongelado-paquete~61341~2023-03-12 02:31:32.280934
Arroz precocido Hacendado ultracongelado~Paquete~6 bolsitas (1 kg)~| 2,02 €/kg~2.02~/ud.~Congelados >~Arroz y pasta~https://tienda.mercadona.es/product/61302/arroz-precocido-hacendado-ultracongelado-paquete~61302~2023-03-12 02:31:32.853460
Risotto de champiñones Hacendado ultracongelados~Paquete~500 g~| 3,30 €/kg~1.65~/ud.~Congelados >~Arroz y pasta~https://tienda.mercadona.es/product/61358/risotto-champinones-hacendado-ultracongelados-paquete~61358~2023-03-12 02:31:33.308207
Arroz negro Hacendado ultracongelado~Paquete~600 g~| 4,167 €/kg~2.5~/ud.~Congelados >~Arroz y pasta~https://tienda.mercadona.es/product/61327/arroz-negro-hacendado-ultracongelado-paquete~61327~2023-03-12 02:31:33.799316
Arroz con verduras Hacendado ultracongelado~Paquete~600 g~| 2,967 €/kg~1.78~/ud.~Congelados >~Arroz y pasta~https://tienda.mercadona.es/product/61305/arroz-con-verduras-hacendado-ultracongelado-paquete~61305~2023-03-12 02:31:34.252820
Arroz con pollo asado Hacendado ultracongelado~Paquete~600 g~| 4,00 €/kg~2.4~/ud.~Congelados >~Arroz y pasta~https://tienda.mercadona.es/product/61303/arroz-con-pollo-asado-hacendado-ultracongelado-paquete~61303~2023-03-12 02:31:34.712543
Lasaña a la boloñesa Hacendado ultracongelada~Caja~2 bandejas (600 g)~| 4,167 €/kg~2.5~/ud.~Congelados >~Arroz y pasta~https://tienda.mercadona.es/product/63725/lasana-bolonesa-hacendado-ultracongelada-caja~63725~2023-03-12 02:31:35.166704
Canelones de carne con bechamel Hacendado ultracongelados~Caja~12 ud. (1,1 kg)~| 4,091 €/kg~4.5~/ud.~Congelados >~Arroz y pasta~https://tienda.mercadona.es/product/63729/canelones-carne-con-bechamel-hacendado-ultracongelados-caja~63729~2023-03-12 02:31:35.628642
Canelones de carne con bechamel Hacendado ultracongelados~Caja~2 bandejas (600 g)~| 4,167 €/kg~2.5~/ud.~Congelados >~Arroz y pasta~https://tienda.mercadona.es/product/63730/canelones-carne-con-bechamel-hacendado-ultracongelados-caja~63730~2023-03-12 02:31:36.084739
Canelones de atún con bechamel Hacendado ultracongelados~Caja~2 bandejas (600 g)~| 4,167 €/kg~2.5~/ud.~Congelados >~Arroz y pasta~https://tienda.mercadona.es/product/63717/canelones-atun-con-bechamel-hacendado-ultracongelados-caja~63717~2023-03-12 02:31:36.545411
Lasaña de verduras Hacendado ultracongelada~Caja~2 ud. (580 g)~| 4,828 €/kg~2.8~/ud.~Congelados >~Arroz y pasta~https://tienda.mercadona.es/product/63732/lasana-verduras-hacendado-ultracongelada-caja~63732~2023-03-12 02:31:37.000018
Gnocchi de pollo y verduras Hacendado ultracongelados~Paquete~600 g~| 5,25 €/kg~3.15~/ud.~Congelados >~Arroz y pasta~https://tienda.mercadona.es/product/61354/gnocchi-pollo-verduras-hacendado-ultracongelados-paquete~61354~2023-03-12 02:31:37.467068
Jamoncitos de pollo congelados~Paquete~1 kg~| 3,30 €/kg~3.3~/ud.~Carne >~Carne congelada~https://tienda.mercadona.es/product/25183/jamoncitos-pollo-congelados-paquete~25183~2023-03-12 02:32:38.355757
Alas de pollo congeladas~Paquete~1 kg~| 3,65 €/kg~3.65~/ud.~Carne >~Carne congelada~https://tienda.mercadona.es/product/25184/alas-pollo-congeladas-paquete~25184~2023-03-12 02:32:38.780053
Medallones preparado de solomillo cerdo congelados marinados~Paquete~300 g aprox.~| 10,36 €/kg~3.11~/ud.~Carne >~Carne congelada~https://tienda.mercadona.es/product/4176/medallones-preparado-solomillo-cerdo-congelados-marinados-paquete~4176~2023-03-12 02:32:39.183604
Solomillo de pavo marinado congelado~Paquete~350 g aprox.~| 7,90 €/kg~2.76~/ud.~Carne >~Carne congelada~https://tienda.mercadona.es/product/25353/solomillo-pavo-marinado-congelado-paquete~25353~2023-03-12 02:32:39.559697
Cuartos traseros de pollo congelados~Paquete~2 kg~| 2,90 €/kg~5.8~/ud.~Carne >~Carne congelada~https://tienda.mercadona.es/product/25182/cuartos-traseros-pollo-congelados-paquete~25182~2023-03-12 02:32:39.923904
Solomillo de cerdo marinado congelado~Paquete~800 g aprox.~| 7,55 €/kg~6.04~/ud.~Carne >~Carne congelada~https://tienda.mercadona.es/product/2228/solomillo-cerdo-marinado-congelado-paquete~2228~2023-03-12 02:32:40.349670
Paletilla de cordero entera congelada~Pieza~1,2 kg aprox.~| 15,90 €/kg~19.08~/ud.~Carne >~Carne congelada~https://tienda.mercadona.es/product/4022/paletilla-cordero-entera-congelada-pieza~4022~2023-03-12 02:32:40.798280
Paletilla de lechal entera congelada~Pieza~600 g aprox.~| 25,90 €/kg~15.54~/ud.~Carne >~Carne congelada~https://tienda.mercadona.es/product/4072/paletilla-lechal-entera-congelada-pieza~4072~2023-03-12 02:32:41.265259
Pierna de lechal entera congelada~Pieza~650 g aprox.~| 18,90 €/kg~12.29~/ud.~Carne >~Carne congelada~https://tienda.mercadona.es/product/4073/pierna-lechal-entera-congelada-pieza~4073~2023-03-12 02:32:41.703346
Medio cochinillo congelado~Pieza~3,4 kg aprox.~| 12,50 €/kg~42.5~/ud.~Carne >~Carne congelada~https://tienda.mercadona.es/product/2120/medio-cochinillo-congelado-pieza~2120~2023-03-12 02:32:42.116646
Chuletas cordero de lechal congeladas~Paquete~550 g aprox.~| 23,00 €/kg~12.65~/ud.~Carne >~Carne congelada~https://tienda.mercadona.es/product/4334/chuletas-cordero-lechal-congeladas-paquete~4334~2023-03-12 02:32:42.557458
Paletilla de cabrito congelada~Pieza~425 g aprox.~| 26,90 €/kg~11.43~/ud.~Carne >~Carne congelada~https://tienda.mercadona.es/product/5041/paletilla-cabrito-congelada-pieza~5041~2023-03-12 02:32:42.973496
Chuletas de cabrito~Paquete~430 g aprox.~| 25,90 €/kg~11.14~/ud.~Carne >~Carne congelada~https://tienda.mercadona.es/product/5034/chuletas-cabrito-paquete~5034~2023-03-12 02:32:43.407647
Pierna de cabrito congelada~Pieza~530 g aprox.~| 19,90 €/kg~10.55~/ud.~Carne >~Carne congelada~https://tienda.mercadona.es/product/4599/pierna-cabrito-congelada-pieza~4599~2023-03-12 02:32:43.822886
Helado mini surtido Hacendado~Caja~12 ud. (684 ml)~| 3,948 €/L~2.7~/ud.~Congelados >~Helados~https://tienda.mercadona.es/product/64001/helado-mini-surtido-hacendado-caja~64001~2023-03-12 02:33:43.359723
Helado sándwich de nata Hacendado~Caja~8 ud. (800 ml)~| 2,50 €/L~2.0~/ud.~Congelados >~Helados~https://tienda.mercadona.es/product/64146/helado-sandwich-nata-hacendado-caja~64146~2023-03-12 02:33:43.954586
Helado almendrado Hacendado~Caja~6 ud. (720 ml)~| 3,612 €/L~2.6~/ud.~Congelados >~Helados~https://tienda.mercadona.es/product/64000/helado-almendrado-hacendado-caja~64000~2023-03-12 02:33:44.506325
Helado mini sándwich nata Hacendado~Caja~6 ud. (480 ml)~| 4,792 €/L~2.3~/ud.~Congelados >~Helados~https://tienda.mercadona.es/product/64450/helado-mini-sandwich-nata-hacendado-caja~64450~2023-03-12 02:33:45.072757
Helado mini bombón almendrado Hacendado~Caja~8 ud. (480 ml)~| 5,625 €/L~2.7~/ud.~Congelados >~Helados~https://tienda.mercadona.es/product/64066/helado-mini-bombon-almendrado-hacendado-caja~64066~2023-03-12 02:33:45.622829
Helado sándwich super nata Hacendado~Caja~6 ud. (870 ml)~| 2,989 €/L~2.6~/ud.~Congelados >~Helados~https://tienda.mercadona.es/product/64200/helado-sandwich-super-nata-hacendado-caja~64200~2023-03-12 02:33:46.178378
Helado mini bombón Hacendado sin azúcares añadidos~Caja~8 ud. (456 ml)~| 5,593 €/L~2.55~/ud.~Congelados >~Helados~https://tienda.mercadona.es/product/64102/helado-mini-bombon-hacendado-sin-azucares-anadidos-caja~64102~2023-03-12 02:33:46.720052
Helado mini sándwich vainilla y cookie Hacendado~Caja~6 ud. (510 ml)~| 5,099 €/L~2.6~/ud.~Congelados >~Helados~https://tienda.mercadona.es/product/64520/helado-mini-sandwich-vainilla-cookie-hacendado-caja~64520~2023-03-12 02:33:47.278550
Helado mini nocciola Hacendado~Caja~8 ud. (480 ml)~| 5,834 €/L~2.8~/ud.~Congelados >~Helados~https://tienda.mercadona.es/product/64499/helado-mini-nocciola-hacendado-caja~64499~2023-03-12 02:33:47.840620
Helado con coco mochi Hacendado~Caja~6 ud. (216 ml)~| 12,963 €/L~2.8~/ud.~Congelados >~Helados~https://tienda.mercadona.es/product/64491/helado-con-coco-mochi-hacendado-caja~64491~2023-03-12 02:33:48.399783
Helado mini chocolate Hacendado~Caja~8 ud. (480 ml)~| 5,834 €/L~2.8~/ud.~Congelados >~Helados~https://tienda.mercadona.es/product/64061/helado-mini-chocolate-hacendado-caja~64061~2023-03-12 02:33:48.951813
Helado vegetal mini a base de anacardo con crema de pistacho Hacendado~Caja~4 ud. (326 ml)~| 9,063 €/L~2.9~/ud.~Congelados >~Helados~https://tienda.mercadona.es/product/23850/helado-vegetal-mini-base-anacardo-con-crema-pistacho-hacendado-caja~23850~2023-03-12 02:33:49.496299
Helado con mango mochi Hacendado~Caja~6 ud. (216 ml)~| 12,963 €/L~2.8~/ud.~Congelados >~Helados~https://tienda.mercadona.es/product/64492/helado-con-mango-mochi-hacendado-caja~64492~2023-03-12 02:33:50.064791
Helado negro Hacendado~Caja~6 ud. (720 ml)~| 3,612 €/L~2.6~/ud.~Congelados >~Helados~https://tienda.mercadona.es/product/64248/helado-negro-hacendado-caja~64248~2023-03-12 02:33:50.688204
Crepes Hacendado ultracongelados~Caja~8 ud. (400 g)~| 6,25 €/kg~2.5~/ud.~Congelados >~Helados~https://tienda.mercadona.es/product/63528/crepes-hacendado-ultracongelados-caja~63528~2023-03-12 02:33:51.240507
Medios cocos helados Hacendado~Caja~2 ud. (350 ml)~| 6,858 €/L~2.4~/ud.~Congelados >~Helados~https://tienda.mercadona.es/product/64166/medios-cocos-helados-hacendado-caja~64166~2023-03-12 02:33:51.779435
Helado vegetal mini triple chocolate a base de anacardo Hacendado~Caja~4 ud. (326 ml)~| 9,063 €/L~2.9~/ud.~Congelados >~Helados~https://tienda.mercadona.es/product/23851/helado-vegetal-mini-triple-chocolate-base-anacardo-hacendado-caja~23851~2023-03-12 02:33:52.331378
Helado mini cucurucho nata Hacendado~Caja~12 ud. (444 ml)~| 6,194 €/L~2.75~/ud.~Congelados >~Helados~https://tienda.mercadona.es/product/64246/helado-mini-cucurucho-nata-hacendado-caja~64246~2023-03-12 02:33:52.904931
Helado cucurucho de vainilla Hacendado~Caja~6 ud. (720 ml)~| 2,987 €/L~2.15~/ud.~Congelados >~Helados~https://tienda.mercadona.es/product/86236/helado-cucurucho-vainilla-hacendado-caja~86236~2023-03-12 02:33:53.461368
Helado cucurucho de nata~Caja~6 ud. (720 ml)~| 2,987 €/L~2.15~/ud.~Congelados >~Helados~https://tienda.mercadona.es/product/64196/helado-cucurucho-nata-caja~64196~2023-03-12 02:33:54.022339
Helado cucurucho choco nata Hacendado~Caja~6 ud. (720 ml)~| 2,987 €/L~2.15~/ud.~Congelados >~Helados~https://tienda.mercadona.es/product/64251/helado-cucurucho-choco-nata-hacendado-caja~64251~2023-03-12 02:33:54.580564
Granizado de limón Hacendado~6 ud. x 200 ml~| 2,084 €/L~Not available~2.5~/pack~Congelados >~Helados~https://tienda.mercadona.es/product/64705/granizado-limon-hacendado-pack-6~64705~2023-03-12 02:33:55.144282
Helado de horchata Hacendado~Caja~10 ud. (750 ml)~| 2,934 €/L~2.2~/ud.~Congelados >~Helados~https://tienda.mercadona.es/product/64179/helado-horchata-hacendado-caja~64179~2023-03-12 02:33:55.703716
Helado de vainilla Hacendado~Tarrina~1 L~| 2,20 €/L~2.2~/ud.~Congelados >~Helados~https://tienda.mercadona.es/product/64518/helado-vainilla-hacendado-tarrina~64518~2023-03-12 02:33:56.267039
Helado de chocolate Hacendado con trocitos sabor chocolate~Tarrina~1 L~| 2,85 €/L~2.85~/ud.~Congelados >~Helados~https://tienda.mercadona.es/product/64400/helado-chocolate-hacendado-con-trocitos-sabor-chocolate-tarrina~64400~2023-03-12 02:33:56.836522
Helado nata montada Hacendado~Bote~500 ml~| 4,00 €/L~2.0~/ud.~Congelados >~Helados~https://tienda.mercadona.es/product/10198/helado-nata-montada-hacendado-bote~10198~2023-03-12 02:33:57.381612
Helado turrón Hacendado~Bote~500 ml~| 6,00 €/L~3.0~/ud.~Congelados >~Helados~https://tienda.mercadona.es/product/64445/helado-turron-hacendado-bote~64445~2023-03-12 02:33:57.945408
Helado chocolate y cookies Hacendado~Bote~500 ml~| 5,60 €/L~2.8~/ud.~Congelados >~Helados~https://tienda.mercadona.es/product/64424/helado-chocolate-cookies-hacendado-bote~64424~2023-03-12 02:33:58.559307
Helado vainilla praliné con nueces pecán Hacendado~Not available~Not available~Not available~3.3~/ud.~Not Available~Compartir~https://tienda.mercadona.es/product/64104/helado-vainilla-praline-con-nueces-pecan-hacendado-tarrina~64104~2023-03-12 02:33:59.040599
Helado caramelo con salsa de caramelo salado y trozos de caramelo Hacendado~Bote~500 ml~| 6,00 €/L~3.0~/ud.~Congelados >~Helados~https://tienda.mercadona.es/product/22996/helado-caramelo-con-salsa-caramelo-salado-trozos-caramelo-hacendado-bote~22996~2023-03-12 02:33:59.635369
Sorbete con limón Hacendado~Tarrina~1 L~| 2,35 €/L~2.35~/ud.~Congelados >~Helados~https://tienda.mercadona.es/product/64509/sorbete-con-limon-hacendado-tarrina~64509~2023-03-12 02:34:00.203796
Helado capuccino Hacendado~Tarrina~1 L~| 2,85 €/L~2.85~/ud.~Congelados >~Helados~https://tienda.mercadona.es/product/64404/helado-capuccino-hacendado-tarrina~64404~2023-03-12 02:34:00.788200
Helado vainilla y nueces de macadamia Hacendado~Bote~500 ml~| 5,60 €/L~2.8~/ud.~Congelados >~Helados~https://tienda.mercadona.es/product/64435/helado-vainilla-nueces-macadamia-hacendado-bote~64435~2023-03-12 02:34:01.442961
Helado tarta de queso Hacendado con fresas~Bote~500 ml~| 5,60 €/L~2.8~/ud.~Congelados >~Helados~https://tienda.mercadona.es/product/64436/helado-tarta-queso-hacendado-con-fresas-bote~64436~2023-03-12 02:34:02.016813
Helado vegetal sabor cacahuete Hacendado~Tarrina~500 ml~| 5,60 €/L~2.8~/ud.~Congelados >~Helados~https://tienda.mercadona.es/product/23853/helado-vegetal-sabor-cacahuete-hacendado-tarrina~23853~2023-03-12 02:34:02.598258
Helado sabor huevo de chocolate Hacendado~Tarrina~1 L~| 3,30 €/L~3.3~/ud.~Congelados >~Helados~https://tienda.mercadona.es/product/64449/helado-sabor-huevo-chocolate-hacendado-tarrina~64449~2023-03-12 02:34:03.181510
Helado menta choco con trocitos sabor chocolate Hacendado~Bote~500 ml~| 5,60 €/L~2.8~/ud.~Congelados >~Helados~https://tienda.mercadona.es/product/64464/helado-menta-choco-con-trocitos-sabor-chocolate-hacendado-bote~64464~2023-03-12 02:34:03.787581
Helado chocolate blanco Hacendado~Bote~500 ml~| 5,60 €/L~2.8~/ud.~Congelados >~Helados~https://tienda.mercadona.es/product/64074/helado-chocolate-blanco-hacendado-bote~64074~2023-03-12 02:34:04.363075
Helado +Proteínas sabor plátano con trozos de brownie Hacendado 24,6 g proteínas~Bote~500 ml~| 5,60 €/L~2.8~/ud.~Congelados >~Helados~https://tienda.mercadona.es/product/86481/helado-proteinas-sabor-platano-con-trozos-brownie-hacendado-246-g-proteinas-bote~86481~2023-03-12 02:34:04.956796
Tarta helada nata y chocolate Hacendado~Caja~1 L~| 1,95 €/L~1.95~/ud.~Congelados >~Helados~https://tienda.mercadona.es/product/70711/tarta-helada-nata-chocolate-hacendado-caja~70711~2023-03-12 02:34:05.631421
Barra de helado sabor vainilla, chocolate y nata Hacendado~Caja~10 raciones (1 L)~| 1,70 €/L~1.7~/ud.~Congelados >~Helados~https://tienda.mercadona.es/product/64214/barra-helado-sabor-vainilla-chocolate-nata-hacendado-caja~64214~2023-03-12 02:34:06.209105
Obleas para helado Hacendado~Paquete~24 ud. (52 g)~| 13,462 €/kg~0.7~/ud.~Cereales y galletas >~Galletas~https://tienda.mercadona.es/product/15953/obleas-helado-hacendado-paquete~15953~2023-03-12 02:34:06.776652
Tubitos bañados chocolate negro Hacendado ideal para postres y helados~Bote~150 g~| 13,334 €/kg~2.0~/ud.~Cereales y galletas >~Galletas~https://tienda.mercadona.es/product/14555/tubitos-banados-chocolate-negro-hacendado-ideal-postres-helados-bote~14555~2023-03-12 02:34:07.354045
Tubitos Hacendado ideal para postres y helados~Bote~175 g~| 11,143 €/kg~1.95~/ud.~Cereales y galletas >~Galletas~https://tienda.mercadona.es/product/36205/tubitos-hacendado-ideal-postres-helados-bote~36205~2023-03-12 02:34:07.928465
Cubos de hielo~5 paquetes x 2 kg~| 0,425 €/kg~Not available~4.25~/pack~Congelados >~Hielo~https://tienda.mercadona.es/product/64133/cubos-hielo-pack-5~64133~2023-03-12 02:35:03.126223
Cubos de hielo~Paquete~2 kg~| 0,425 €/kg~0.85~/ud.~Congelados >~Hielo~https://tienda.mercadona.es/product/64126/cubos-hielo-paquete~64126~2023-03-12 02:35:03.580671
Hielo cocktail~Paquete~2 kg~| 0,60 €/kg~1.2~/ud.~Congelados >~Hielo~https://tienda.mercadona.es/product/86787/hielo-cocktail-paquete~86787~2023-03-12 02:35:04.003790
Preparado de paella y sopa Hacendado ultracongelado~Paquete~685 g escurrido~| 6,365 €/kg~4.36~/ud.~Congelados >~Marisco~https://tienda.mercadona.es/product/62007/preparado-paella-sopa-hacendado-ultracongelado-paquete~62007~2023-03-12 02:36:03.586830
Gambón congelado~Granel~150 g aprox.~| 10,95 €/kg~1.64~/150 g~Congelados >~Marisco~https://tienda.mercadona.es/product/24147/gambon-congelado-granel~24147~2023-03-12 02:36:04.197275
Gambón grande congelado~Caja~2 kg~| 9,95 €/kg~19.9~/ud.~Congelados >~Marisco~https://tienda.mercadona.es/product/24260/gambon-grande-congelado-caja~24260~2023-03-12 02:36:04.736552
Alistado pequeño congelado~Granel~150 g aprox.~| 16,50 €/kg~2.48~/150 g~Congelados >~Marisco~https://tienda.mercadona.es/product/24708/alistado-pequeno-congelado-granel~24708~2023-03-12 02:36:05.294374
Alistado pequeño Hacendado congelado~Caja~1 kg aprox.~| 15,50 €/kg~15.5~/ud.~Congelados >~Marisco~https://tienda.mercadona.es/product/24707/alistado-pequeno-hacendado-congelado-caja~24707~2023-03-12 02:36:05.829462
Alistado mediano congelado~Granel~150 g aprox.~| 29,95 €/kg~4.49~/150 g~Congelados >~Marisco~https://tienda.mercadona.es/product/24706/alistado-mediano-congelado-granel~24706~2023-03-12 02:36:06.340016
Alistado mediano Hacendado congelado~Caja~1 kg aprox.~| 28,95 €/kg~28.95~/ud.~Congelados >~Marisco~https://tienda.mercadona.es/product/24704/alistado-mediano-hacendado-congelado-caja~24704~2023-03-12 02:36:06.860150
Alistado grande congelado~Granel~150 g aprox.~| 49,95 €/kg~7.49~/150 g~Congelados >~Marisco~https://tienda.mercadona.es/product/24703/alistado-grande-congelado-granel~24703~2023-03-12 02:36:07.322350
Langostino crudo ultracongelado~Granel~150 g aprox.~| 10,50 €/kg~1.58~/150 g~Congelados >~Marisco~https://tienda.mercadona.es/product/24135/langostino-crudo-ultracongelado-granel~24135~2023-03-12 02:36:07.932389
Langostino crudo Pescanova ultracongelado~Caja~1 kg~| 10,25 €/kg~10.25~/ud.~Congelados >~Marisco~https://tienda.mercadona.es/product/24145/langostino-crudo-pescanova-ultracongelado-caja~24145~2023-03-12 02:36:08.446049
Gamba arrocera Hacendado congelada~Granel~150 g aprox.~| 12,95 €/kg~1.94~/150 g~Congelados >~Marisco~https://tienda.mercadona.es/product/24701/gamba-arrocera-hacendado-congelada-granel~24701~2023-03-12 02:36:08.902025
Gamba blanca pequeña Hacendado congelada~Caja~1 kg aprox.~| 11,95 €/kg~11.95~/ud.~Congelados >~Marisco~https://tienda.mercadona.es/product/24700/gamba-blanca-pequena-hacendado-congelada-caja~24700~2023-03-12 02:36:09.355687
Gamba blanca cocida Hacendado ultracongelada~Bandeja~350 g~| 15,143 €/kg~5.3~/ud.~Congelados >~Marisco~https://tienda.mercadona.es/product/24278/gamba-blanca-cocida-hacendado-ultracongelada-bandeja~24278~2023-03-12 02:36:09.824270
Langostino cocido y pelado Hacendado ultracongelado~Bandeja~220 g escurrido~| 21,591 €/kg~4.75~/ud.~Congelados >~Marisco~https://tienda.mercadona.es/product/24477/langostino-cocido-pelado-hacendado-ultracongelado-bandeja~24477~2023-03-12 02:36:10.294421
Gamba pelada cruda tamaño mediano Hacendado ultracongelada~Paquete~360 g escurrido~| 14,167 €/kg~5.1~/ud.~Congelados >~Marisco~https://tienda.mercadona.es/product/24181/gamba-pelada-cruda-tamano-mediano-hacendado-ultracongelada-paquete~24181~2023-03-12 02:36:10.718953
Langostino crudo y pelado Hacendado ultracongelado~Bandeja~220 g escurrido~| 17,955 €/kg~3.95~/ud.~Congelados >~Marisco~https://tienda.mercadona.es/product/24486/langostino-crudo-pelado-hacendado-ultracongelado-bandeja~24486~2023-03-12 02:36:11.230280
Camarón boreal cocido y pelado Royal Greenland ultracongelado~Paquete~200 g~| 21,25 €/kg~4.25~/ud.~Congelados >~Marisco~https://tienda.mercadona.es/product/24267/camaron-boreal-cocido-pelado-royal-greenland-ultracongelado-paquete~24267~2023-03-12 02:36:11.702857
Gamba pelada cruda tamaño grande Hacendado ultracongelada~Paquete~360 g escurrido~| 16,528 €/kg~5.95~/ud.~Congelados >~Marisco~https://tienda.mercadona.es/product/24230/gamba-pelada-cruda-tamano-grande-hacendado-ultracongelada-paquete~24230~2023-03-12 02:36:12.170008
Colas de gambón crudo Hacendado congelado~Bandeja~250 g~| 26,20 €/kg~6.55~/ud.~Congelados >~Marisco~https://tienda.mercadona.es/product/24102/colas-gambon-crudo-hacendado-congelado-bandeja~24102~2023-03-12 02:36:12.643622
Cigala mediana Hacendado ultracongelada~Bandeja~500 g~| 21,30 €/kg~10.65~/ud.~Congelados >~Marisco~https://tienda.mercadona.es/product/24032/cigala-mediana-hacendado-ultracongelada-bandeja~24032~2023-03-12 02:36:13.146023
Cigala grande Hacendado ultracongelada~Bandeja~500 g~| 26,60 €/kg~13.3~/ud.~Congelados >~Marisco~https://tienda.mercadona.es/product/24033/cigala-grande-hacendado-ultracongelada-bandeja~24033~2023-03-12 02:36:13.620215
Bogavante americano grande crudo Hacendado congelado~Pieza~550 g escurrido~| 33,00 €/kg~18.15~/ud.~Congelados >~Marisco~https://tienda.mercadona.es/product/62385/bogavante-americano-grande-crudo-hacendado-congelado-pieza~62385~2023-03-12 02:36:14.083194
Bocas de cangrejo pequeñas congeladas~Granel~150 g aprox.~| 19,80 €/kg~2.97~/150 g~Congelados >~Marisco~https://tienda.mercadona.es/product/24487/bocas-cangrejo-pequenas-congeladas-granel~24487~2023-03-12 02:36:14.603407
Bocas de cangrejo pequeñas Hacendado congeladas~Caja~500 g~| 17,90 €/kg~8.95~/ud.~Congelados >~Marisco~https://tienda.mercadona.es/product/24387/bocas-cangrejo-pequenas-hacendado-congeladas-caja~24387~2023-03-12 02:36:15.081209
Buey de mar cocido Hacendado congelado~Pieza~600 g~| 15,334 €/kg~9.2~/ud.~Congelados >~Marisco~https://tienda.mercadona.es/product/24034/buey-mar-cocido-hacendado-congelado-pieza~24034~2023-03-12 02:36:15.532330
Nécora cocida Hacendado congelada~Caja~500 g escurrido~| 12,30 €/kg~6.15~/ud.~Congelados >~Marisco~https://tienda.mercadona.es/product/24120/necora-cocida-hacendado-congelada-caja~24120~2023-03-12 02:36:15.979801
Tronquitos de surimi Pescanova ultracongelados~Paquete~32 ud. (600 g)~| 3,917 €/kg~2.35~/ud.~Congelados >~Marisco~https://tienda.mercadona.es/product/62403/tronquitos-surimi-pescanova-ultracongelados-paquete~62403~2023-03-12 02:36:16.481354
Carne de mejillón de Chile cocido Hacendado ultracongelado~Paquete~275 g escurrido~| 8,91 €/kg~2.45~/ud.~Congelados >~Marisco~https://tienda.mercadona.es/product/62396/carne-mejillon-chile-cocido-hacendado-ultracongelado-paquete~62396~2023-03-12 02:36:17.050755
Mejillón de Chile entero cocido Hacendado ultracongelado~Caja~450 g~| 7,223 €/kg~3.25~/ud.~Congelados >~Marisco~https://tienda.mercadona.es/product/62401/mejillon-chile-entero-cocido-hacendado-ultracongelado-caja~62401~2023-03-12 02:36:17.675559
Almeja del pacífico Hacendado congelada~Paquete~450 g~| 4,00 €/kg~1.8~/ud.~Congelados >~Marisco~https://tienda.mercadona.es/product/62398/almeja-pacifico-hacendado-congelada-paquete~62398~2023-03-12 02:36:18.205887
Carne de almeja Hacendado ultracongelada~Paquete~200 g escurrido~| 13,50 €/kg~2.7~/ud.~Congelados >~Marisco~https://tienda.mercadona.es/product/62497/carne-almeja-hacendado-ultracongelada-paquete~62497~2023-03-12 02:36:18.785506
Caracoles precocidos Hacendado ultracongelados~Paquete~350 g~| 5,972 €/kg~2.09~/ud.~Congelados >~Marisco~https://tienda.mercadona.es/product/62303/caracoles-precocidos-hacendado-ultracongelados-paquete~62303~2023-03-12 02:36:19.341123
Carne de Vieira Hacendado ultracongelada~Not available~Not available~Not available~9.9~/ud.~Not Available~Compartir~https://tienda.mercadona.es/product/62432/carne-vieira-hacendado-ultracongelada-paquete~62432~2023-03-12 02:36:19.823488
Filetes de merluza sin piel Hacendado ultracongelados~Paquete~580 g escurrido~| 7,242 €/kg~4.2~/ud.~Congelados >~Pescado~https://tienda.mercadona.es/product/62128/filetes-merluza-sin-piel-hacendado-ultracongelados-paquete~62128~2023-03-12 02:42:44.104081
Rodaja de emperador Hacendado ultracongelado~Pieza~200 g aprox. escurrido~| 17,667 €/kg~3.18~/ud.~Congelados >~Pescado~https://tienda.mercadona.es/product/24345/rodaja-emperador-hacendado-ultracongelado-pieza~24345~2023-03-12 02:42:44.669235
Filetes de bacalao sin espinas Hacendado congelado en su punto de sal~Paquete~375 g escurrido~| 14,00 €/kg~5.25~/ud.~Congelados >~Pescado~https://tienda.mercadona.es/product/24016/filetes-bacalao-sin-espinas-hacendado-congelado-punto-sal-paquete~24016~2023-03-12 02:42:45.200658
Tubo de pota congelado~Pieza~100 g aprox. escurrido~| 12,10 €/kg~1.21~/ud.~Congelados >~Pescado~https://tienda.mercadona.es/product/24203/tubo-pota-congelado-pieza~24203~2023-03-12 02:42:45.732994
Medallones de merluza Hacendado ultracongelados~Paquete~485 g escurrido~| 7,217 €/kg~3.5~/ud.~Congelados >~Pescado~https://tienda.mercadona.es/product/62131/medallones-merluza-hacendado-ultracongelados-paquete~62131~2023-03-12 02:42:46.194855
Sepia limpia congelada~Pieza~400 g aprox. escurrido~| 14,95 €/kg~5.98~/ud.~Congelados >~Pescado~https://tienda.mercadona.es/product/24200/sepia-limpia-congelada-pieza~24200~2023-03-12 02:42:46.689715
Filete de salmón rosado salvaje con piel Hacendado ultracongelado~Pieza~300 g aprox. escurrido~| 14,685 €/kg~4.18~/ud.~Congelados >~Pescado~https://tienda.mercadona.es/product/24350/filete-salmon-rosado-salvaje-con-piel-hacendado-ultracongelado-pieza~24350~2023-03-12 02:42:47.184863
Rodajas de merluza Hacendado ultracongeladas~Paquete~580 g escurrido~| 7,242 €/kg~4.2~/ud.~Congelados >~Pescado~https://tienda.mercadona.es/product/62121/rodajas-merluza-hacendado-ultracongeladas-paquete~62121~2023-03-12 02:42:47.684955
Sepia limpia troceada Hacendado congelada~Paquete~360 g escurrido~| 11,25 €/kg~4.05~/ud.~Congelados >~Pescado~https://tienda.mercadona.es/product/24274/sepia-limpia-troceada-hacendado-congelada-paquete~24274~2023-03-12 02:42:48.162356
Calamar limpio troceado Hacendado congelado~Paquete~475 g escurrido~| 10,737 €/kg~5.1~/ud.~Congelados >~Pescado~https://tienda.mercadona.es/product/24242/calamar-limpio-troceado-hacendado-congelado-paquete~24242~2023-03-12 02:42:48.720096
Filetes de panga ultracongelados~Paquete~900 g escurrido~| 5,723 €/kg~5.15~/ud.~Congelados >~Pescado~https://tienda.mercadona.es/product/62191/filetes-panga-ultracongelados-paquete~62191~2023-03-12 02:42:49.276496
Anguriñas de surimi Pescanova ultracongeladas~Bandeja~260 g~| 8,847 €/kg~2.3~/ud.~Congelados >~Pescado~https://tienda.mercadona.es/product/62499/angurinas-surimi-pescanova-ultracongeladas-bandeja~62499~2023-03-12 02:42:49.850328
Porciones de bacalao sin espinas y sin piel Hacendado congelado en su punto de sal~Paquete~600 g escurrido~| 12,334 €/kg~7.4~/ud.~Congelados >~Pescado~https://tienda.mercadona.es/product/24025/porciones-bacalao-sin-espinas-sin-piel-hacendado-congelado-punto-sal-paquete~24025~2023-03-12 02:42:50.398577
Rodaja de potón cocido Hacendado congelado~Paquete~475 g escurrido~| 11,895 €/kg~5.65~/ud.~Congelados >~Pescado~https://tienda.mercadona.es/product/24234/rodaja-poton-cocido-hacendado-congelado-paquete~24234~2023-03-12 02:42:50.959124
Rodaja de tintorera sin piel Hacendado ultracongelada~Pieza~450 g aprox. escurrido~| 5,95 €/kg~2.68~/ud.~Congelados >~Pescado~https://tienda.mercadona.es/product/24383/rodaja-tintorera-sin-piel-hacendado-ultracongelada-pieza~24383~2023-03-12 02:42:51.560491
Porciones de merluza Hacendado ultracongeladas~Paquete~500 g~| 8,20 €/kg~4.1~/ud.~Congelados >~Pescado~https://tienda.mercadona.es/product/62103/porciones-merluza-hacendado-ultracongeladas-paquete~62103~2023-03-12 02:42:52.117630
Sepia limpia pequeña Hacendado congelada~Paquete~360 g escurrido~| 11,112 €/kg~4.0~/ud.~Congelados >~Pescado~https://tienda.mercadona.es/product/24206/sepia-limpia-pequena-hacendado-congelada-paquete~24206~2023-03-12 02:42:52.680596
Tacos de bacalao sin espinas Hacendado congelado en su punto de sal~Paquete~400 g escurrido~| 12,375 €/kg~4.95~/ud.~Congelados >~Pescado~https://tienda.mercadona.es/product/24024/tacos-bacalao-sin-espinas-hacendado-congelado-punto-sal-paquete~24024~2023-03-12 02:42:53.242833
Pescadilla de merluza sin cabeza Mascato ultracongelada~Paquete~1 kg escurrido~| 5,00 €/kg~5.0~/ud.~Congelados >~Pescado~https://tienda.mercadona.es/product/62176/pescadilla-merluza-sin-cabeza-mascato-ultracongelada-paquete~62176~2023-03-12 02:42:53.806980
Cola de rape Hacendado ultracongelada~Pieza~500 g aprox. escurrido~| 15,95 €/kg~7.98~/ud.~Congelados >~Pescado~https://tienda.mercadona.es/product/24340/cola-rape-hacendado-ultracongelada-pieza~24340~2023-03-12 02:42:54.392174
Lomo de bacalao sin espinas Hacendado congelado en su punto de sal~Paquete~390 g escurrido~| 16,283 €/kg~6.35~/ud.~Congelados >~Pescado~https://tienda.mercadona.es/product/24020/lomo-bacalao-sin-espinas-hacendado-congelado-punto-sal-paquete~24020~2023-03-12 02:42:54.956148
Tiras de potón Hacendado congeladas~Paquete~400 g escurrido~| 10,875 €/kg~4.35~/ud.~Congelados >~Pescado~https://tienda.mercadona.es/product/24341/tiras-poton-hacendado-congeladas-paquete~24341~2023-03-12 02:42:55.637255
Filetes de abadejo sin piel Hacendado ultracongelados~Paquete~850 g escurrido~| 10,53 €/kg~8.95~/ud.~Congelados >~Pescado~https://tienda.mercadona.es/product/62180/filetes-abadejo-sin-piel-hacendado-ultracongelados-paquete~62180~2023-03-12 02:42:56.192396
Tinta de sepia Nortindal congelada~Paquete~8 ud. (32 g)~| 6,407 €/100 g~2.05~/ud.~Congelados >~Pescado~https://tienda.mercadona.es/product/24256/tinta-sepia-nortindal-congelada-paquete~24256~2023-03-12 02:42:56.745014
Filetes de merluza grandes sin piel Hacendado ultracongelados~Paquete~970 g escurrido~| 9,227 €/kg~8.95~/ud.~Congelados >~Pescado~https://tienda.mercadona.es/product/62179/filetes-merluza-grandes-sin-piel-hacendado-ultracongelados-paquete~62179~2023-03-12 02:42:57.328455
Filete de fletán negro Hacendado congelado~Pieza~200 g aprox. escurrido~| 15,50 €/kg~3.1~/ud.~Congelados >~Pescado~https://tienda.mercadona.es/product/24344/filete-fletan-negro-hacendado-congelado-pieza~24344~2023-03-12 02:42:57.891021
Merluza sin cabeza Hacendado ultracongelada~Pieza~700 g aprox. escurrido~| 6,20 €/kg~4.34~/ud.~Congelados >~Pescado~https://tienda.mercadona.es/product/24324/merluza-sin-cabeza-hacendado-ultracongelada-pieza~24324~2023-03-12 02:42:58.460718
Anillas de pota Hacendado congeladas~Paquete~360 g escurrido~| 13,75 €/kg~4.95~/ud.~Congelados >~Pescado~https://tienda.mercadona.es/product/24249/anillas-pota-hacendado-congeladas-paquete~24249~2023-03-12 02:42:59.017569
Pulpo crudo Hacendado congelado~Paquete~1 kg aprox.~| 17,95 €/kg~17.95~/ud.~Congelados >~Pescado~https://tienda.mercadona.es/product/24208/pulpo-crudo-hacendado-congelado-paquete~24208~2023-03-12 02:42:59.599390
Chipirón puntilla Hacendado congelado~Paquete~450 g escurrido~| 10,00 €/kg~4.5~/ud.~Congelados >~Pescado~https://tienda.mercadona.es/product/24291/chipiron-puntilla-hacendado-congelado-paquete~24291~2023-03-12 02:43:00.171274
Lomos de salmón sin piel y sin espinas Hacendado congelado~Paquete~2 ud. (250 g)~| 25,40 €/kg~6.35~/ud.~Congelados >~Pescado~https://tienda.mercadona.es/product/24511/lomos-salmon-sin-piel-sin-espinas-hacendado-congelado-paquete~24511~2023-03-12 02:43:00.701723
Migas de bacalao sin espinas y sin piel Hacendado congeladas en su punto de sal~Paquete~300 g escurrido~| 12,834 €/kg~3.85~/ud.~Congelados >~Pescado~https://tienda.mercadona.es/product/24023/migas-bacalao-sin-espinas-sin-piel-hacendado-congeladas-punto-sal-paquete~24023~2023-03-12 02:43:01.275191
Filetes de merluza sin piel Hacendado ultracongelados~Paquete~970 g escurrido~| 6,547 €/kg~6.35~/ud.~Congelados >~Pescado~https://tienda.mercadona.es/product/61162/filetes-merluza-sin-piel-hacendado-ultracongelados-paquete~61162~2023-03-12 02:43:01.830640
Gallos sin cabeza Hacendado ultracongelado~Paquete~600 g escurrido~| 10,417 €/kg~6.25~/ud.~Congelados >~Pescado~https://tienda.mercadona.es/product/62000/gallos-sin-cabeza-hacendado-ultracongelado-paquete~62000~2023-03-12 02:43:02.404743
Calamar patagónico pequeño Hacendado ultracongelado~Paquete~1 kg escurrido~| 9,70 €/kg~9.7~/ud.~Congelados >~Pescado~https://tienda.mercadona.es/product/24447/calamar-patagonico-pequeno-hacendado-ultracongelado-paquete~24447~2023-03-12 02:43:02.994940
Rodajas de atún Hacendado congelado de aleta amarilla~Bandeja~250 g aprox.~| 16,95 €/kg~4.24~/ud.~Congelados >~Pescado~https://tienda.mercadona.es/product/24357/rodajas-atun-hacendado-congelado-aleta-amarilla-bandeja~24357~2023-03-12 02:43:03.509429
Colas de rape Hacendado ultracongeladas~Paquete~800 g escurrido~| 11,188 €/kg~8.95~/ud.~Congelados >~Pescado~https://tienda.mercadona.es/product/24386/colas-rape-hacendado-ultracongeladas-paquete~24386~2023-03-12 02:43:04.076863
Calamar grande Hacendado congelado~Pieza~200 g aprox.~| 15,95 €/kg~3.19~/ud.~Congelados >~Pescado~https://tienda.mercadona.es/product/24417/calamar-grande-hacendado-congelado-pieza~24417~2023-03-12 02:43:04.641756
Caprichos de merluza Hacendado ultracongelados~Paquete~350 g~| 7,715 €/kg~2.7~/ud.~Congelados >~Pescado~https://tienda.mercadona.es/product/60954/caprichos-merluza-hacendado-ultracongelados-paquete~60954~2023-03-12 02:43:05.228640
Pizzas tomate y queso Hacendado ultracongeladas~2 ud. x 285 g~| 4,474 €/kg~Not available~2.55~/pack~Congelados >~Pizzas~https://tienda.mercadona.es/product/63597/pizzas-tomate-queso-hacendado-ultracongeladas-pack-2~63597~2023-03-12 02:44:03.558920
Pizza boloñesa Hacendado ultracongelada~400 g~| 6,50 €/kg~Not available~2.6~/ud.~Congelados >~Pizzas~https://tienda.mercadona.es/product/63559/pizza-bolonesa-hacendado-ultracongelada~63559~2023-03-12 02:44:04.082816
Pizza masa fina 4 quesos Hacendado ultracongelada~390 g~| 6,667 €/kg~Not available~2.6~/ud.~Congelados >~Pizzas~https://tienda.mercadona.es/product/63340/pizza-masa-fina-4-quesos-hacendado-ultracongelada~63340~2023-03-12 02:44:04.525792
Pizza atún Hacendado ultracongelada~390 g~| 6,667 €/kg~Not available~2.6~/ud.~Congelados >~Pizzas~https://tienda.mercadona.es/product/63501/pizza-atun-hacendado-ultracongelada~63501~2023-03-12 02:44:04.981678
Pizza Pepperoni barbacoa Hacendado ultracongelada rellena de salsa de queso~540 g~| 6,852 €/kg~Not available~3.7~/ud.~Congelados >~Pizzas~https://tienda.mercadona.es/product/22648/pizza-pepperoni-barbacoa-hacendado-ultracongelada-rellena-salsa-queso~22648~2023-03-12 02:44:05.459265
Pizza masa fina jamón Hacendado ultracongelada~400 g~| 6,50 €/kg~Not available~2.6~/ud.~Congelados >~Pizzas~https://tienda.mercadona.es/product/63339/pizza-masa-fina-jamon-hacendado-ultracongelada~63339~2023-03-12 02:44:05.921716
Pizza 4 quesos sin gluten y sin lactosa Hacendado ultracongelada~410 g~| 7,561 €/kg~Not available~3.1~/ud.~Congelados >~Pizzas~https://tienda.mercadona.es/product/63623/pizza-4-quesos-sin-gluten-sin-lactosa-hacendado-ultracongelada~63623~2023-03-12 02:44:06.396534
Pizza carbonara rellena de salsa de setas Hacendado ultracongelada~540 g~| 6,852 €/kg~Not available~3.7~/ud.~Congelados >~Pizzas~https://tienda.mercadona.es/product/63639/pizza-carbonara-rellena-salsa-setas-hacendado-ultracongelada~63639~2023-03-12 02:44:06.856635
Pizza masa fina Barbacoa Hacendado ultracongelada~390 g~| 6,667 €/kg~Not available~2.6~/ud.~Congelados >~Pizzas~https://tienda.mercadona.es/product/22649/pizza-masa-fina-barbacoa-hacendado-ultracongelada~22649~2023-03-12 02:44:07.363651
Bases de pizza artesanas extrafinas y crujientes Hacendado ultracongeladas con aceite de oliva~Paquete~3 ud. (420 g)~| 4,524 €/kg~1.9~/ud.~Congelados >~Pizzas~https://tienda.mercadona.es/product/63648/bases-pizza-artesanas-extrafinas-crujientes-hacendado-ultracongeladas-con-aceite-oliva-paquete~63648~2023-03-12 02:44:07.803708
Bases de pizza sin gluten sin lactosa Hacendado ultracongeladas~Paquete~2 ud. (400 g)~| 10,00 €/kg~4.0~/ud.~Congelados >~Pizzas~https://tienda.mercadona.es/product/63606/bases-pizza-sin-gluten-sin-lactosa-hacendado-ultracongeladas-paquete~63606~2023-03-12 02:44:08.302887
Nuggets de pollo Hacendado ultracongelados~Paquete~500 g~| 5,40 €/kg~2.7~/ud.~Carne >~Empanados y elaborados~https://tienda.mercadona.es/product/63323/nuggets-pollo-hacendado-ultracongelados-paquete~63323~2023-03-12 02:45:01.705204
Croquetas de cocido Hacendado ultracongeladas~Paquete~350 g~| 5,429 €/kg~1.9~/ud.~Carne >~Empanados y elaborados~https://tienda.mercadona.es/product/13496/croquetas-cocido-hacendado-ultracongeladas-paquete~13496~2023-03-12 02:45:02.225795
Delicias de pollo Hacendado ultracongeladas con empanado a base de maíz~Paquete~500 g~| 7,60 €/kg~3.8~/ud.~Carne >~Empanados y elaborados~https://tienda.mercadona.es/product/63322/delicias-pollo-hacendado-ultracongeladas-con-empanado-base-maiz-paquete~63322~2023-03-12 02:45:02.633747
San Jacobos empanados de york y queso Hacendado ultracongelados~Paquete~4 ud. (350 g)~| 3,715 €/kg~1.3~/ud.~Congelados >~Rebozados~https://tienda.mercadona.es/product/63321/san-jacobos-empanados-york-queso-hacendado-ultracongelados-paquete~63321~2023-03-12 02:45:03.050331
Croquetas de jamón Hacendado ultracongeladas~Paquete~500 g~| 2,50 €/kg~1.25~/ud.~Congelados >~Rebozados~https://tienda.mercadona.es/product/63400/croquetas-jamon-hacendado-ultracongeladas-paquete~63400~2023-03-12 02:45:03.518822
Relleno para kebab con carne de pollo asado Hacendado ultracongelado~Paquete~300 g~| 10,834 €/kg~3.25~/ud.~Congelados >~Rebozados~https://tienda.mercadona.es/product/13778/relleno-kebab-con-carne-pollo-asado-hacendado-ultracongelado-paquete~13778~2023-03-12 02:45:03.995591
Nuggets de pavo Hacendado ultracongelados~Paquete~400 g~| 8,00 €/kg~3.2~/ud.~Carne >~Empanados y elaborados~https://tienda.mercadona.es/product/63007/nuggets-pavo-hacendado-ultracongelados-paquete~63007~2023-03-12 02:45:04.526749
Croquetas caprichos de jamón Hacendado ultracongeladas~Paquete~500 g~| 6,00 €/kg~3.0~/ud.~Congelados >~Rebozados~https://tienda.mercadona.es/product/23127/croquetas-caprichos-jamon-hacendado-ultracongeladas-paquete~23127~2023-03-12 02:45:05.056023
Samosas de carne Hacendado ultracongeladas~Paquete~6 ud. (270 g)~| 11,112 €/kg~3.0~/ud.~Congelados >~Rebozados~https://tienda.mercadona.es/product/63017/samosas-carne-hacendado-ultracongeladas-paquete~63017~2023-03-12 02:45:05.583272
Croquetas de pollo Hacendado ultracongeladas~Paquete~500 g~| 6,00 €/kg~3.0~/ud.~Congelados >~Rebozados~https://tienda.mercadona.es/product/23211/croquetas-pollo-hacendado-ultracongeladas-paquete~23211~2023-03-12 02:45:06.130346
Albóndigas de bacalao Camós congeladas~Paquete~400 g~| 4,00 €/kg~1.6~/ud.~Congelados >~Rebozados~https://tienda.mercadona.es/product/63435/albondigas-bacalao-camos-congeladas-paquete~63435~2023-03-12 02:45:06.667461
Aritos de surimi a la romana Pescanova ultracongelados~Paquete~625 g~| 3,92 €/kg~2.45~/ud.~Congelados >~Rebozados~https://tienda.mercadona.es/product/63238/aritos-surimi-romana-pescanova-ultracongelados-paquete~63238~2023-03-12 02:45:07.217147
Merluza empanada pan fino Hacendado ultracongelada~Paquete~510 g~| 8,236 €/kg~4.2~/ud.~Congelados >~Rebozados~https://tienda.mercadona.es/product/63140/merluza-empanada-pan-fino-hacendado-ultracongelada-paquete~63140~2023-03-12 02:45:07.767136
Filetes de merluza al huevo Hacendado ultracongelados~Paquete~600 g~| 7,417 €/kg~4.45~/ud.~Congelados >~Rebozados~https://tienda.mercadona.es/product/63101/filetes-merluza-huevo-hacendado-ultracongelados-paquete~63101~2023-03-12 02:45:08.261420
Varitas de merluza empanadas Hacendado ultracongeladas~Paquete~500 g~| 7,00 €/kg~3.5~/ud.~Congelados >~Rebozados~https://tienda.mercadona.es/product/63150/varitas-merluza-empanadas-hacendado-ultracongeladas-paquete~63150~2023-03-12 02:45:08.803934
Empanadillas de atún Hacendado ultracongeladas~Caja~500 g~| 3,60 €/kg~1.8~/ud.~Congelados >~Rebozados~https://tienda.mercadona.es/product/63407/empanadillas-atun-hacendado-ultracongeladas-caja~63407~2023-03-12 02:45:09.362327
Rabas empanadas Hacendado ultracongeladas~Paquete~500 g~| 7,50 €/kg~3.75~/ud.~Congelados >~Rebozados~https://tienda.mercadona.es/product/63161/rabas-empanadas-hacendado-ultracongeladas-paquete~63161~2023-03-12 02:45:09.912788
Anillas de pota a la romana Hacendado ultracongeladas~Paquete~500 g~| 8,60 €/kg~4.3~/ud.~Congelados >~Rebozados~https://tienda.mercadona.es/product/63163/anillas-pota-romana-hacendado-ultracongeladas-paquete~63163~2023-03-12 02:45:10.462318
Muslitos de surimi Pescanova ultracongelados~Paquete~450 g~| 5,778 €/kg~2.6~/ud.~Congelados >~Rebozados~https://tienda.mercadona.es/product/62501/muslitos-surimi-pescanova-ultracongelados-paquete~62501~2023-03-12 02:45:11.004652
Palitos de merluza a la romana Hacendado ultracongelados~Paquete~500 g~| 5,50 €/kg~2.75~/ud.~Congelados >~Rebozados~https://tienda.mercadona.es/product/63151/palitos-merluza-romana-hacendado-ultracongelados-paquete~63151~2023-03-12 02:45:11.550731
Figuritas de merluza empanadas Hacendado ultracongeladas~Paquete~500 g~| 7,20 €/kg~3.6~/ud.~Congelados >~Rebozados~https://tienda.mercadona.es/product/63159/figuritas-merluza-empanadas-hacendado-ultracongeladas-paquete~63159~2023-03-12 02:45:12.132191
Langostino caballitos rebozados Hacendado ultracongelados~Paquete~300 g~| 11,167 €/kg~3.35~/ud.~Congelados >~Rebozados~https://tienda.mercadona.es/product/63144/langostino-caballitos-rebozados-hacendado-ultracongelados-paquete~63144~2023-03-12 02:45:12.666601
Filetes de boquerón en tempura Hacendado ultracongelado~Paquete~400 g~| 8,75 €/kg~3.5~/ud.~Congelados >~Rebozados~https://tienda.mercadona.es/product/63114/filetes-boqueron-tempura-hacendado-ultracongelado-paquete~63114~2023-03-12 02:45:13.219002
Rollitos primavera Hacendado ultracongelados~Caja~6 rollitos (300 g)~| 5,334 €/kg~1.6~/ud.~Congelados >~Rebozados~https://tienda.mercadona.es/product/63478/rollitos-primavera-hacendado-ultracongelados-caja~63478~2023-03-12 02:45:13.789663
Croquetas de espinacas Hacendado ultracongeladas~Paquete~350 g~| 5,715 €/kg~2.0~/ud.~Congelados >~Rebozados~https://tienda.mercadona.es/product/63791/croquetas-espinacas-hacendado-ultracongeladas-paquete~63791~2023-03-12 02:45:14.334480
Crocanrol de queso curado Hacendado ultracongelado~Paquete~300 g~| 8,834 €/kg~2.65~/ud.~Congelados >~Rebozados~https://tienda.mercadona.es/product/63401/crocanrol-queso-curado-hacendado-ultracongelado-paquete~63401~2023-03-12 02:45:14.880361
Fingers de queso Hacendado ultracongelados~Paquete~300 g~| 8,00 €/kg~2.4~/ud.~Congelados >~Rebozados~https://tienda.mercadona.es/product/63739/fingers-queso-hacendado-ultracongelados-paquete~63739~2023-03-12 02:45:15.433466
Tequeños de queso Hacendado ultracongelados~Caja~480 g~| 10,209 €/kg~4.9~/ud.~Congelados >~Rebozados~https://tienda.mercadona.es/product/13413/tequenos-queso-hacendado-ultracongelados-caja~13413~2023-03-12 02:45:15.931410
Tarta carrot cake Hacendado congelada bizcocho zanahoria con crema de queso~10 raciones (750 g)~| 14,667 €/kg~Not available~11.0~/ud.~Congelados >~Tartas y churros~https://tienda.mercadona.es/product/87677/tarta-carrot-cake-hacendado-congelada-bizcocho-zanahoria-con-crema-queso~87677~2023-03-12 02:46:08.906633
Tarta red velvet Hacendado congelada bizcocho con crema de queso~10 raciones (700 g)~| 13,572 €/kg~Not available~9.5~/ud.~Congelados >~Tartas y churros~https://tienda.mercadona.es/product/87607/tarta-red-velvet-hacendado-congelada-bizcocho-con-crema-queso~87607~2023-03-12 02:46:09.503920
Tarta Ferrer bombón crujiente Hacendado congelada rellena con trufa~8 raciones (675 g)~| 14,075 €/kg~Not available~9.5~/ud.~Congelados >~Tartas y churros~https://tienda.mercadona.es/product/86131/tarta-ferrer-bombon-crujiente-hacendado-congelada-rellena-con-trufa~86131~2023-03-12 02:46:09.992530
Tarta tres chocolates Hacendado congelada sin gluten~8 raciones (880 g)~| 10,228 €/kg~Not available~9.0~/ud.~Congelados >~Tartas y churros~https://tienda.mercadona.es/product/87599/tarta-tres-chocolates-hacendado-congelada-sin-gluten~87599~2023-03-12 02:46:10.514672
Mousse de queso Hacendado congelado con arándanos sin gluten~6 raciones (520 g)~| 14,424 €/kg~Not available~7.5~/ud.~Congelados >~Tartas y churros~https://tienda.mercadona.es/product/87601/mousse-queso-hacendado-congelado-con-arandanos-sin-gluten~87601~2023-03-12 02:46:11.042097
Tarta de tiramisú Hacendado congelada con queso mascarpone~6 raciones (500 g)~| 19,00 €/kg~Not available~9.5~/ud.~Congelados >~Tartas y churros~https://tienda.mercadona.es/product/87603/tarta-tiramisu-hacendado-congelada-con-queso-mascarpone~87603~2023-03-12 02:46:11.503422
Tarta de la abuela Hacendado congelada galleta con chocolate y nata~10 raciones (825 g)~| 10,304 €/kg~Not available~8.5~/ud.~Congelados >~Tartas y churros~https://tienda.mercadona.es/product/87692/tarta-abuela-hacendado-congelada-galleta-con-chocolate-nata~87692~2023-03-12 02:46:11.998910
Mousse de limón Hacendado congelado sin gluten~9 raciones (805 g)~| 13,665 €/kg~Not available~11.0~/ud.~Congelados >~Tartas y churros~https://tienda.mercadona.es/product/87604/mousse-limon-hacendado-congelado-sin-gluten~87604~2023-03-12 02:46:12.450781
Tarta San Marcos Hacendado congelada rellena con nata~24 raciones (1,65 kg)~| 7,273 €/kg~Not available~12.0~/ud.~Congelados >~Tartas y churros~https://tienda.mercadona.es/product/87598/tarta-san-marcos-hacendado-congelada-rellena-con-nata~87598~2023-03-12 02:46:12.965924
Tarta selva negra Hacendado congelada de trufa y crema de cacao~30 raciones (1,9 kg)~| 7,316 €/kg~Not available~13.9~/ud.~Congelados >~Tartas y churros~https://tienda.mercadona.es/product/87602/tarta-selva-negra-hacendado-congelada-trufa-crema-cacao~87602~2023-03-12 02:46:13.470781
Trenza hojaldre de mantequilla Hacendado congelada~Bandeja~430 g~| 17,442 €/kg~7.5~/ud.~Congelados >~Tartas y churros~https://tienda.mercadona.es/product/87616/trenza-hojaldre-mantequilla-hacendado-congelada-bandeja~87616~2023-03-12 02:46:13.918079
Trufas de chocolate congeladas~Bandeja~12 ud. (204 g)~| 29,412 €/kg~6.0~/ud.~Congelados >~Tartas y churros~https://tienda.mercadona.es/product/87597/trufas-chocolate-congeladas-bandeja~87597~2023-03-12 02:46:14.431053
Lionesas de nata y trufa Hacendado congeladas~Bandeja~10 ud. (350 g)~| 20,00 €/kg~7.0~/ud.~Congelados >~Tartas y churros~https://tienda.mercadona.es/product/87540/lionesas-nata-trufa-hacendado-congeladas-bandeja~87540~2023-03-12 02:46:14.923572
Macarons congelados de limón, pistacho, café, fresa y chocolate~Bandeja~5 ud. (55 g)~| 36,364 €/kg~2.0~/ud.~Congelados >~Tartas y churros~https://tienda.mercadona.es/product/80462/macarons-congelados-limon-pistacho-cafe-fresa-chocolate-bandeja~80462~2023-03-12 02:46:15.419613
Pastel de queso congelado~Bandeja~380 g~| 13,948 €/kg~5.3~/ud.~Congelados >~Tartas y churros~https://tienda.mercadona.es/product/80455/pastel-queso-congelado-bandeja~80455~2023-03-12 02:46:15.882182
Tarta Reina Hacendado congelada~8 raciones (670 g)~| 13,433 €/kg~Not available~9.0~/ud.~Congelados >~Tartas y churros~https://tienda.mercadona.es/product/22551/tarta-reina-hacendado-congelada~22551~2023-03-12 02:46:16.296843
Tarta crema avellana blanca Hacendado congelada~10 raciones (880 g)~| 10,796 €/kg~Not available~9.5~/ud.~Congelados >~Tartas y churros~https://tienda.mercadona.es/product/67978/tarta-crema-avellana-blanca-hacendado-congelada~67978~2023-03-12 02:46:16.736052
Tarta infantil Avengers Hacendado congelada~8 raciones (635 g)~| 13,386 €/kg~Not available~8.5~/ud.~Congelados >~Tartas y churros~https://tienda.mercadona.es/product/87683/tarta-infantil-avengers-hacendado-congelada~87683~2023-03-12 02:46:17.276777
Tarta infantil Frozen II Hacendado congelada~8 raciones (635 g)~| 13,386 €/kg~Not available~8.5~/ud.~Congelados >~Tartas y churros~https://tienda.mercadona.es/product/87686/tarta-infantil-frozen-ii-hacendado-congelada~87686~2023-03-12 02:46:17.795218
Tarta infantil Paw Patrol Hacendado congelada~20 raciones (1,4 kg)~| 9,858 €/kg~Not available~13.8~/ud.~Congelados >~Tartas y churros~https://tienda.mercadona.es/product/86226/tarta-infantil-paw-patrol-hacendado-congelada~86226~2023-03-12 02:46:18.383320
Churros Hacendado ultracongelados~Paquete~24 ud. (500 g)~| 3,00 €/kg~1.5~/ud.~Congelados >~Tartas y churros~https://tienda.mercadona.es/product/15545/churros-hacendado-ultracongelados-paquete~15545~2023-03-12 02:46:18.897510
Porras Hacendado congeladas~Paquete~6 ud. (240 g)~| 7,917 €/kg~1.9~/ud.~Congelados >~Tartas y churros~https://tienda.mercadona.es/product/15137/porras-hacendado-congeladas-paquete~15137~2023-03-12 02:46:19.396295
Mix de frutos rojos Hacendado ultracongeladas~Paquete~300 g~| 5,30 €/kg~1.59~/ud.~Congelados >~Verdura~https://tienda.mercadona.es/product/61089/mix-frutos-rojos-hacendado-ultracongeladas-paquete~61089~2023-03-12 02:52:30.374213
Fresas enteras Hacendado ultracongeladas~Paquete~300 g~| 5,134 €/kg~1.54~/ud.~Congelados >~Verdura~https://tienda.mercadona.es/product/61092/fresas-enteras-hacendado-ultracongeladas-paquete~61092~2023-03-12 02:52:30.929573
Arándanos enteros Hacendado ultracongelados~Paquete~300 g~| 6,90 €/kg~2.07~/ud.~Congelados >~Verdura~https://tienda.mercadona.es/product/61093/arandanos-enteros-hacendado-ultracongelados-paquete~61093~2023-03-12 02:52:31.427899
Ensaladilla Hacendado ultracongelada~Paquete~1 kg~| 0,96 €/kg~0.96~/ud.~Congelados >~Verdura~https://tienda.mercadona.es/product/61101/ensaladilla-hacendado-ultracongelada-paquete~61101~2023-03-12 02:52:31.911379
Garrofón Hacendado ultracongelado~Paquete~450 g~| 2,667 €/kg~1.2~/ud.~Congelados >~Verdura~https://tienda.mercadona.es/product/61270/garrofon-hacendado-ultracongelado-paquete~61270~2023-03-12 02:52:32.427567
Guisante muy tierno Hacendado ultracongelado~Paquete~300 g~| 3,367 €/kg~1.01~/ud.~Congelados >~Verdura~https://tienda.mercadona.es/product/61200/guisante-muy-tierno-hacendado-ultracongelado-paquete~61200~2023-03-12 02:52:32.941674
Guisantes Hacendado ultracongelados~Paquete~1 kg~| 1,39 €/kg~1.39~/ud.~Congelados >~Verdura~https://tienda.mercadona.es/product/22605/guisantes-hacendado-ultracongelados-paquete~22605~2023-03-12 02:52:33.545561
Judía verde plana Hacendado ultracongelada~Paquete~1 kg~| 1,30 €/kg~1.3~/ud.~Congelados >~Verdura~https://tienda.mercadona.es/product/61063/judia-verde-plana-hacendado-ultracongelada-paquete~61063~2023-03-12 02:52:34.072585
Cebolla troceada Hacendado ultracongelada~Paquete~450 g~| 2,289 €/kg~1.03~/ud.~Congelados >~Verdura~https://tienda.mercadona.es/product/13568/cebolla-troceada-hacendado-ultracongelada-paquete~13568~2023-03-12 02:52:34.594450
Judía verde redonda Hacendado ultracongelada~Paquete~1 kg~| 1,30 €/kg~1.3~/ud.~Congelados >~Verdura~https://tienda.mercadona.es/product/61282/judia-verde-redonda-hacendado-ultracongelada-paquete~61282~2023-03-12 02:52:35.110988
Ajo tierno Hacendado ultracongelado~Paquete~300 g~| 7,367 €/kg~2.21~/ud.~Congelados >~Verdura~https://tienda.mercadona.es/product/61288/ajo-tierno-hacendado-ultracongelado-paquete~61288~2023-03-12 02:52:35.635029
Alcachofa troceada Hacendado ultracongelada~Paquete~400 g~| 5,20 €/kg~2.08~/ud.~Congelados >~Verdura~https://tienda.mercadona.es/product/13865/alcachofa-troceada-hacendado-ultracongelada-paquete~13865~2023-03-12 02:52:36.156526
Espinacas en porciones Hacendado ultracongeladas~Paquete~500 g~| 1,92 €/kg~0.96~/ud.~Congelados >~Verdura~https://tienda.mercadona.es/product/15939/espinacas-porciones-hacendado-ultracongeladas-paquete~15939~2023-03-12 02:52:36.706946
Menestra de verduras con habas baby Hacendado ultracongelada~Paquete~1 kg~| 1,20 €/kg~1.2~/ud.~Congelados >~Verdura~https://tienda.mercadona.es/product/61021/menestra-verduras-con-habas-baby-hacendado-ultracongelada-paquete~61021~2023-03-12 02:52:37.293583
Relleno fajitas pollo, pimientos y cebolla Hacendado ultracongelado~Paquete~300 g~| 6,334 €/kg~1.9~/ud.~Congelados >~Verdura~https://tienda.mercadona.es/product/86820/relleno-fajitas-pollo-pimientos-cebolla-hacendado-ultracongelado-paquete~86820~2023-03-12 02:52:37.881993
Habitas muy tiernas Hacendado ultracongeladas~Paquete~300 g~| 9,467 €/kg~2.84~/ud.~Congelados >~Verdura~https://tienda.mercadona.es/product/61285/habitas-muy-tiernas-hacendado-ultracongeladas-paquete~61285~2023-03-12 02:52:38.470008
Haba fina Hacendado ultracongelada~Paquete~450 g~| 2,667 €/kg~1.2~/ud.~Congelados >~Verdura~https://tienda.mercadona.es/product/61233/haba-fina-hacendado-ultracongelada-paquete~61233~2023-03-12 02:52:39.058190
Haba baby Hacendado ultracongelada~Paquete~450 g~| 3,734 €/kg~1.68~/ud.~Congelados >~Verdura~https://tienda.mercadona.es/product/61252/haba-baby-hacendado-ultracongelada-paquete~61252~2023-03-12 02:52:39.649985
Salteado de setas Hacendado ultracongeladas~Paquete~450 g~| 3,845 €/kg~1.73~/ud.~Congelados >~Verdura~https://tienda.mercadona.es/product/61025/salteado-setas-hacendado-ultracongeladas-paquete~61025~2023-03-12 02:52:40.198622
Pimiento rojo y verde Hacendado ultracongelado~Paquete~450 g~| 2,356 €/kg~1.06~/ud.~Congelados >~Verdura~https://tienda.mercadona.es/product/35221/pimiento-rojo-verde-hacendado-ultracongelado-paquete~35221~2023-03-12 02:52:40.762509
Salteado de verduras asadas Hacendado ultracongeladas~Paquete~400 g~| 4,50 €/kg~1.8~/ud.~Congelados >~Verdura~https://tienda.mercadona.es/product/61027/salteado-verduras-asadas-hacendado-ultracongeladas-paquete~61027~2023-03-12 02:52:41.341171
Parrillada de verduras Hacendado ultracongeladas~Paquete~400 g~| 3,50 €/kg~1.4~/ud.~Congelados >~Verdura~https://tienda.mercadona.es/product/61034/parrillada-verduras-hacendado-ultracongeladas-paquete~61034~2023-03-12 02:52:41.932686
Maíz dulce Hacendado ultracongelado~Paquete~400 g~| 3,00 €/kg~1.2~/ud.~Congelados >~Verdura~https://tienda.mercadona.es/product/61289/maiz-dulce-hacendado-ultracongelado-paquete~61289~2023-03-12 02:52:42.520043
Espárrago verde troceado Hacendado ultracongelado~Paquete~300 g~| 8,00 €/kg~2.4~/ud.~Congelados >~Verdura~https://tienda.mercadona.es/product/61238/esparrago-verde-troceado-hacendado-ultracongelado-paquete~61238~2023-03-12 02:52:43.130992
Salteado de gambas, ajetes y espárragos verdes Hacendado ultracongelado~Paquete~450 g~| 6,00 €/kg~2.7~/ud.~Congelados >~Verdura~https://tienda.mercadona.es/product/61356/salteado-gambas-ajetes-esparragos-verdes-hacendado-ultracongelado-paquete~61356~2023-03-12 02:52:43.739618
Brócoli Hacendado ultracongelado~Paquete~1 kg~| 1,88 €/kg~1.88~/ud.~Congelados >~Verdura~https://tienda.mercadona.es/product/61261/brocoli-hacendado-ultracongelado-paquete~61261~2023-03-12 02:52:44.277245
Salteado de pollo Hacendado ultracongelado~Paquete~450 g~| 4,778 €/kg~2.15~/ud.~Congelados >~Verdura~https://tienda.mercadona.es/product/13404/salteado-pollo-hacendado-ultracongelado-paquete~13404~2023-03-12 02:52:44.873156
Menestra de verdura especial Hacendado ultracongelada~Paquete~1 kg~| 2,02 €/kg~2.02~/ud.~Congelados >~Verdura~https://tienda.mercadona.es/product/61007/menestra-verdura-especial-hacendado-ultracongelada-paquete~61007~2023-03-12 02:52:45.476243
Salteado de patata y salchicha Hacendado ultracongelado~Paquete~450 g~| 4,223 €/kg~1.9~/ud.~Congelados >~Verdura~https://tienda.mercadona.es/product/61053/salteado-patata-salchicha-hacendado-ultracongelado-paquete~61053~2023-03-12 02:52:46.087217
Ajo troceado Hacendado ultracongelado~Paquete~150 g~| 7,067 €/kg~1.06~/ud.~Congelados >~Verdura~https://tienda.mercadona.es/product/61251/ajo-troceado-hacendado-ultracongelado-paquete~61251~2023-03-12 02:52:46.640414
Alcachofa baby Hacendado ultracongelada~Paquete~300 g~| 9,30 €/kg~2.79~/ud.~Congelados >~Verdura~https://tienda.mercadona.es/product/61205/alcachofa-baby-hacendado-ultracongelada-paquete~61205~2023-03-12 02:52:47.248325
Pimientos del piquillo rellenos de bacalao Hacendado ultracongelados~Paquete~185 g~| 10,271 €/kg~1.9~/ud.~Congelados >~Verdura~https://tienda.mercadona.es/product/61371/pimientos-piquillo-rellenos-bacalao-hacendado-ultracongelados-paquete~61371~2023-03-12 02:52:47.873202
Tempura de verduras Hacendado ultracongelada~Paquete~400 g~| 6,75 €/kg~2.7~/ud.~Congelados >~Verdura~https://tienda.mercadona.es/product/61300/tempura-verduras-hacendado-ultracongelada-paquete~61300~2023-03-12 02:52:48.623308
Pisto de verduras Hacendado ultracongelado~Paquete~400 g~| 5,00 €/kg~2.0~/ud.~Congelados >~Verdura~https://tienda.mercadona.es/product/61245/pisto-verduras-hacendado-ultracongelado-paquete~61245~2023-03-12 02:52:49.237937
Zanahoria baby Hacendado ultracongelada~Paquete~400 g~| 2,525 €/kg~1.01~/ud.~Congelados >~Verdura~https://tienda.mercadona.es/product/61291/zanahoria-baby-hacendado-ultracongelada-paquete~61291~2023-03-12 02:52:49.849516
Alcachofa corazones Hacendado ultracongelada~Paquete~450 g~| 6,867 €/kg~3.09~/ud.~Congelados >~Verdura~https://tienda.mercadona.es/product/61274/alcachofa-corazones-hacendado-ultracongelada-paquete~61274~2023-03-12 02:52:50.471669
Rollitos primavera Hacendado ultracongelados~Caja~6 rollitos (300 g)~| 5,334 €/kg~1.6~/ud.~Congelados >~Rebozados~https://tienda.mercadona.es/product/63478/rollitos-primavera-hacendado-ultracongelados-caja~63478~2023-03-12 02:52:51.186390
Croquetas de espinacas Hacendado ultracongeladas~Paquete~350 g~| 5,715 €/kg~2.0~/ud.~Congelados >~Rebozados~https://tienda.mercadona.es/product/63791/croquetas-espinacas-hacendado-ultracongeladas-paquete~63791~2023-03-12 02:52:51.792518
Coliflor, brócoli y zanahoria Hacendado ultracongelada~Paquete~1 kg~| 2,07 €/kg~2.07~/ud.~Congelados >~Verdura~https://tienda.mercadona.es/product/61006/coliflor-brocoli-zanahoria-hacendado-ultracongelada-paquete~61006~2023-03-12 02:52:52.409545
Coles de Bruselas Hacendado ultracongeladas~Paquete~450 g~| 3,20 €/kg~1.44~/ud.~Congelados >~Verdura~https://tienda.mercadona.es/product/61248/coles-bruselas-hacendado-ultracongeladas-paquete~61248~2023-03-12 02:52:53.015037
Coliflor Hacendado ultracongelada~Paquete~1 kg~| 1,88 €/kg~1.88~/ud.~Congelados >~Verdura~https://tienda.mercadona.es/product/61231/coliflor-hacendado-ultracongelada-paquete~61231~2023-03-12 02:52:53.626985
Perejil troceado Hacendado ultracongelado~Paquete~75 g~| 20,00 €/kg~1.5~/ud.~Congelados >~Verdura~https://tienda.mercadona.es/product/61250/perejil-troceado-hacendado-ultracongelado-paquete~61250~2023-03-12 02:52:54.249780
Edamame soja verde Hacendado ultracongelada~Paquete~500 g~| 3,26 €/kg~1.63~/ud.~Congelados >~Verdura~https://tienda.mercadona.es/product/70740/edamame-soja-verde-hacendado-ultracongelada-paquete~70740~2023-03-12 02:52:54.836941
Acelga hoja en porciones Hacendado ultracongelada~Paquete~500 g~| 2,12 €/kg~1.06~/ud.~Congelados >~Verdura~https://tienda.mercadona.es/product/22284/acelga-hoja-porciones-hacendado-ultracongelada-paquete~22284~2023-03-12 02:52:55.491553
Espárrago verde entero Hacendado ultracongelado~Paquete~300 g~| 10,434 €/kg~3.13~/ud.~Congelados >~Verdura~https://tienda.mercadona.es/product/61239/esparrago-verde-entero-hacendado-ultracongelado-paquete~61239~2023-03-12 02:52:56.105214
Wok de verduras asiático Hacendado ultracongelado~Paquete~600 g~| 4,334 €/kg~2.6~/ud.~Congelados >~Verdura~https://tienda.mercadona.es/product/61363/wok-verduras-asiatico-hacendado-ultracongelado-paquete~61363~2023-03-12 02:52:56.720557
Wakame ensalada de alga marina Hacendado congelada con sésamo~Paquete~125 g~| 13,60 €/kg~1.7~/ud.~Congelados >~Verdura~https://tienda.mercadona.es/product/69383/wakame-ensalada-alga-marina-hacendado-congelada-con-sesamo-paquete~69383~2023-03-12 02:52:57.350910
Espinacas a la crema Hacendado ultracongeladas~Paquete~450 g~| 4,889 €/kg~2.2~/ud.~Congelados >~Verdura~https://tienda.mercadona.es/product/61368/espinacas-crema-hacendado-ultracongeladas-paquete~61368~2023-03-12 02:52:57.983105
Salteado de verduras Hacendado ultracongelado~Paquete~600 g~| 2,25 €/kg~1.35~/ud.~Congelados >~Verdura~https://tienda.mercadona.es/product/61065/salteado-verduras-hacendado-ultracongelado-paquete~61065~2023-03-12 02:52:58.575570
Migas de coliflor Hacendado ultracongeladas~Paquete~450 g~| 3,778 €/kg~1.7~/ud.~Congelados >~Verdura~https://tienda.mercadona.es/product/60999/migas-coliflor-hacendado-ultracongeladas-paquete~60999~2023-03-12 02:52:59.192615
Gyozas de pollo y verduras Hacendado congeladas~Paquete~10 ud. (230 g)~| 10,87 €/kg~2.5~/ud.~Congelados >~Verdura~https://tienda.mercadona.es/product/23155/gyozas-pollo-verduras-hacendado-congeladas-paquete~23155~2023-03-12 02:52:59.760798
Patatas corte fino Hacendado ultracongeladas~Paquete~1 kg~| 1,80 €/kg~1.8~/ud.~Congelados >~Verdura~https://tienda.mercadona.es/product/61421/patatas-corte-fino-hacendado-ultracongeladas-paquete~61421~2023-03-12 02:53:00.329986
Patatas corte grueso Hacendado ultracongeladas~Paquete~2 kg~| 1,575 €/kg~3.15~/ud.~Congelados >~Verdura~https://tienda.mercadona.es/product/61405/patatas-corte-grueso-hacendado-ultracongeladas-paquete~61405~2023-03-12 02:53:00.893924
Patatas corte grueso Hacendado ultracongeladas~Paquete~1 kg~| 1,80 €/kg~1.8~/ud.~Congelados >~Verdura~https://tienda.mercadona.es/product/61406/patatas-corte-grueso-hacendado-ultracongeladas-paquete~61406~2023-03-12 02:53:01.521283
Patatas gajo Hacendado ultracongeladas~Paquete~750 g~| 2,40 €/kg~1.8~/ud.~Congelados >~Verdura~https://tienda.mercadona.es/product/61416/patatas-gajo-hacendado-ultracongeladas-paquete~61416~2023-03-12 02:53:02.092575
Patatas horno Hacendado ultracongeladas~Paquete~750 g~| 2,40 €/kg~1.8~/ud.~Congelados >~Verdura~https://tienda.mercadona.es/product/61424/patatas-horno-hacendado-ultracongeladas-paquete~61424~2023-03-12 02:53:02.729015
Patatas fritas con piel Lambweston ultracongeladas~Paquete~750 g~| 2,80 €/kg~2.1~/ud.~Congelados >~Verdura~https://tienda.mercadona.es/product/35351/patatas-fritas-con-piel-lambweston-ultracongeladas-paquete~35351~2023-03-12 02:53:03.363052
Atún en aceite de girasol Hacendado~Lata~900 g (650 g escurrido)~| 10,462 €/kg~6.8~/ud.~Conservas, caldos y cremas >~Atún y otras conservas de pescado~https://tienda.mercadona.es/product/18086/atun-aceite-girasol-hacendado-lata~18086~2023-03-12 02:53:52.771056
Atún claro en aceite de girasol Hacendado~6 latas x 60 g~| 12,778 €/kg~Not available~4.6~/pack~Conservas, caldos y cremas >~Atún y otras conservas de pescado~https://tienda.mercadona.es/product/18055/atun-claro-aceite-girasol-hacendado-pack-6~18055~2023-03-12 02:53:53.296257
Atún claro en aceite de girasol Hacendado~3 latas x 60 g~| 14,723 €/kg~Not available~2.65~/pack~Conservas, caldos y cremas >~Atún y otras conservas de pescado~https://tienda.mercadona.es/product/23380/atun-claro-aceite-girasol-hacendado-pack-3~23380~2023-03-12 02:53:53.808015
Atún en aceite de oliva Hacendado~Lata~900 g (650 g escurrido)~| 12,231 €/kg~7.95~/ud.~Conservas, caldos y cremas >~Atún y otras conservas de pescado~https://tienda.mercadona.es/product/18030/atun-aceite-oliva-hacendado-lata~18030~2023-03-12 02:53:54.329176
Atún claro en aceite de oliva Hacendado~6 latas x 60 g~| 14,028 €/kg~Not available~5.05~/pack~Conservas, caldos y cremas >~Atún y otras conservas de pescado~https://tienda.mercadona.es/product/18002/atun-claro-aceite-oliva-hacendado-pack-6~18002~2023-03-12 02:53:54.788918
Atún claro en aceite de oliva Hacendado~Lata~111 g (82 g escurrido)~| 18,293 €/kg~1.5~/ud.~Conservas, caldos y cremas >~Atún y otras conservas de pescado~https://tienda.mercadona.es/product/18071/atun-claro-aceite-oliva-hacendado-lata~18071~2023-03-12 02:53:55.303520
Atún claro bajo en sal en aceite de oliva Hacendado~3 latas x 60 g~| 15,00 €/kg~Not available~2.7~/pack~Conservas, caldos y cremas >~Atún y otras conservas de pescado~https://tienda.mercadona.es/product/18008/atun-claro-bajo-sal-aceite-oliva-hacendado-pack-3~18008~2023-03-12 02:53:55.804180
Atún claro al natural Hacendado~6 latas x 60 g~| 12,917 €/kg~Not available~4.65~/pack~Conservas, caldos y cremas >~Atún y otras conservas de pescado~https://tienda.mercadona.es/product/18018/atun-claro-natural-hacendado~18018~2023-03-12 02:53:56.281904
Atún claro en escabeche blanco Hacendado~6 latas x 60 g~| 13,195 €/kg~Not available~4.75~/pack~Conservas, caldos y cremas >~Atún y otras conservas de pescado~https://tienda.mercadona.es/product/18031/atun-claro-escabeche-blanco-hacendado~18031~2023-03-12 02:53:56.788354
Atún claro en aceite de oliva Hacendado~Bote~195 g (140 g escurrido)~| 26,786 €/kg~3.75~/ud.~Conservas, caldos y cremas >~Atún y otras conservas de pescado~https://tienda.mercadona.es/product/18054/atun-claro-aceite-oliva-hacendado-bote~18054~2023-03-12 02:53:57.311648
Atún en salsa de tomate Hacendado~3 latas x 52 g~| 12,821 €/kg~Not available~2.0~/pack~Conservas, caldos y cremas >~Atún y otras conservas de pescado~https://tienda.mercadona.es/product/18037/atun-salsa-tomate-hacendado-pack-3~18037~2023-03-12 02:53:57.807227
Ventresca de atún claro en aceite de oliva Hacendado~Lata~111 g (78 g escurrido)~| 44,872 €/kg~3.5~/ud.~Conservas, caldos y cremas >~Atún y otras conservas de pescado~https://tienda.mercadona.es/product/18011/ventresca-atun-claro-aceite-oliva-hacendado-lata~18011~2023-03-12 02:53:58.328007
Migas de bonito del norte en aceite de oliva Hacendado~3 latas x 52 g~| 14,103 €/kg~Not available~2.2~/pack~Conservas, caldos y cremas >~Atún y otras conservas de pescado~https://tienda.mercadona.es/product/16812/migas-bonito-norte-aceite-oliva-hacendado-pack-3~16812~2023-03-12 02:53:58.838907
Bonito del norte en aceite de oliva Hacendado~2 latas x 73 g~| 20,548 €/kg~Not available~3.0~/pack~Conservas, caldos y cremas >~Atún y otras conservas de pescado~https://tienda.mercadona.es/product/18116/bonito-norte-aceite-oliva-hacendado-pack-2~18116~2023-03-12 02:53:59.355544
Filetes de bonito del norte en aceite de oliva Hacendado~Tarro~400 g (280 g escurrido)~| 25,00 €/kg~7.0~/ud.~Conservas, caldos y cremas >~Atún y otras conservas de pescado~https://tienda.mercadona.es/product/18102/filetes-bonito-norte-aceite-oliva-hacendado-tarro~18102~2023-03-12 02:53:59.877596
Bonito del norte en escabeche Hacendado~Lata~190 g (140 g escurrido)~| 24,286 €/kg~3.4~/ud.~Conservas, caldos y cremas >~Atún y otras conservas de pescado~https://tienda.mercadona.es/product/18108/bonito-norte-escabeche-hacendado-lata~18108~2023-03-12 02:54:00.389050
Bonito del norte en aceite de oliva La reina de España~Lata~110 g (73 g escurrido)~| 28,083 €/kg~2.05~/ud.~Conservas, caldos y cremas >~Atún y otras conservas de pescado~https://tienda.mercadona.es/product/18112/bonito-norte-aceite-oliva-reina-espana-lata~18112~2023-03-12 02:54:00.976775
Filetes de caballa del sur en aceite de oliva Hacendado~2 latas x 65 g~| 13,462 €/kg~Not available~1.75~/pack~Conservas, caldos y cremas >~Atún y otras conservas de pescado~https://tienda.mercadona.es/product/18310/filetes-caballa-sur-aceite-oliva-hacendado-pack-2~18310~2023-03-12 02:54:01.465737
Filetes de caballa del sur en tomate Hacendado~2 latas x 65 g~| 11,924 €/kg~Not available~1.55~/pack~Conservas, caldos y cremas >~Atún y otras conservas de pescado~https://tienda.mercadona.es/product/18313/filetes-caballa-sur-tomate-hacendado-pack-2~18313~2023-03-12 02:54:01.964300
Filetes de caballa del sur bajo contenido en sal Hacendado en aceite de oliva~2 latas x 65 g~| 15,77 €/kg~Not available~2.05~/pack~Conservas, caldos y cremas >~Atún y otras conservas de pescado~https://tienda.mercadona.es/product/18311/filetes-caballa-sur-bajo-contenido-sal-hacendado-aceite-oliva-pack-2~18311~2023-03-12 02:54:02.470956
Filetes de melva en aceite de oliva Hacendado~Lata~120 g (80 g escurrido)~| 23,125 €/kg~1.85~/ud.~Conservas, caldos y cremas >~Atún y otras conservas de pescado~https://tienda.mercadona.es/product/18107/filetes-melva-aceite-oliva-hacendado-lata~18107~2023-03-12 02:54:02.945980
Filetes de melva canutera con pimientos del piquillo Hacendado en aceite de oliva~Lata~90 g (65 g escurrido)~| 25,385 €/kg~1.65~/ud.~Conservas, caldos y cremas >~Atún y otras conservas de pescado~https://tienda.mercadona.es/product/18114/filetes-melva-canutera-con-pimientos-piquillo-hacendado-aceite-oliva-lata~18114~2023-03-12 02:54:03.451842
Sardinas en aceite de oliva Hacendado~2 latas x 84 g~| 10,366 €/kg~Not available~1.7~/pack~Conservas, caldos y cremas >~Atún y otras conservas de pescado~https://tienda.mercadona.es/product/18225/sardinas-aceite-oliva-hacendado-pack-2~18225~2023-03-12 02:54:03.970401
Sardinillas en aceite de oliva Hacendado 6-12 ud.~2 latas x 65 g~| 14,231 €/kg~Not available~1.85~/pack~Conservas, caldos y cremas >~Atún y otras conservas de pescado~https://tienda.mercadona.es/product/18210/sardinillas-aceite-oliva-hacendado-6-12-ud-pack-2~18210~2023-03-12 02:54:04.568444
Sardinillas reducidas en sal en aceite de oliva Hacendado 6-12 ud.~2 latas x 65 g~| 14,231 €/kg~Not available~1.85~/pack~Conservas, caldos y cremas >~Atún y otras conservas de pescado~https://tienda.mercadona.es/product/18214/sardinillas-reducidas-sal-aceite-oliva-hacendado-6-12-ud-pack-2~18214~2023-03-12 02:54:05.039331
Sardinillas en tomate Hacendado 6-12 ud.~2 latas x 65 g~| 11,539 €/kg~Not available~1.5~/pack~Conservas, caldos y cremas >~Atún y otras conservas de pescado~https://tienda.mercadona.es/product/18209/sardinillas-tomate-hacendado-6-12-ud-pack-2~18209~2023-03-12 02:54:05.491469
Sardinillas picantes en aceite de girasol Hacendado 6-12 ud.~2 latas x 65 g~| 12,693 €/kg~Not available~1.65~/pack~Conservas, caldos y cremas >~Atún y otras conservas de pescado~https://tienda.mercadona.es/product/18212/sardinillas-picantes-aceite-girasol-hacendado-6-12-ud-pack-2~18212~2023-03-12 02:54:05.953590
Sardinillas en escabeche Hacendado 6-10 ud.~2 latas x 65 g~| 12,693 €/kg~Not available~1.65~/pack~Conservas, caldos y cremas >~Atún y otras conservas de pescado~https://tienda.mercadona.es/product/18211/sardinillas-escabeche-hacendado-6-10-ud-pack-2~18211~2023-03-12 02:54:06.426838
Calamar en salsa americana Hacendado~3 latas x 59 g~| 10,452 €/kg~Not available~1.85~/pack~Conservas, caldos y cremas >~Atún y otras conservas de pescado~https://tienda.mercadona.es/product/18713/calamar-salsa-americana-hacendado-pack-3~18713~2023-03-12 02:54:06.892809
Calamar en tinta Hacendado~3 latas x 59 g~| 11,30 €/kg~Not available~2.0~/pack~Conservas, caldos y cremas >~Atún y otras conservas de pescado~https://tienda.mercadona.es/product/18714/calamar-tinta-hacendado-pack-3~18714~2023-03-12 02:54:07.353137
Tacos de pota al ajillo Hacendado~3 latas x 54 g~| 18,519 €/kg~Not available~3.0~/pack~Conservas, caldos y cremas >~Atún y otras conservas de pescado~https://tienda.mercadona.es/product/18729/tacos-pota-ajillo-hacendado-pack-3~18729~2023-03-12 02:54:07.819313
Salmón al natural Hacendado~3 latas x 50 g~| 21,667 €/kg~Not available~3.25~/pack~Conservas, caldos y cremas >~Atún y otras conservas de pescado~https://tienda.mercadona.es/product/86758/salmon-natural-hacendado-pack-3~86758~2023-03-12 02:54:08.305695
Chipirones rellenos enteros en aceite de girasol Hacendado~Lata~115 g (72 g escurrido)~| 30,556 €/kg~2.2~/ud.~Conservas, caldos y cremas >~Atún y otras conservas de pescado~https://tienda.mercadona.es/product/23560/chipirones-rellenos-enteros-aceite-girasol-hacendado-lata~23560~2023-03-12 02:54:08.788146
Berberecho al natural XS Hacendado~Lata~185 g (90 g escurrido)~| 32,223 €/kg~2.9~/ud.~Conservas, caldos y cremas >~Berberechos y mejillones~https://tienda.mercadona.es/product/18509/berberecho-natural-xs-hacendado-lata~18509~2023-03-12 02:55:05.764474
Berberechos al natural S Hacendado 60-100 piezas~Lata~111 g (63 g escurrido)~| 41,27 €/kg~2.6~/ud.~Conservas, caldos y cremas >~Berberechos y mejillones~https://tienda.mercadona.es/product/18553/berberechos-natural-s-hacendado-60-100-piezas-lata~18553~2023-03-12 02:55:06.318401
Berberechos al natural M Hacendado 45-55 piezas~Lata~111 g (63 g escurrido)~| 58,731 €/kg~3.7~/ud.~Conservas, caldos y cremas >~Berberechos y mejillones~https://tienda.mercadona.es/product/18564/berberechos-natural-m-hacendado-45-55-piezas-lata~18564~2023-03-12 02:55:06.804757
Berberechos al natural L Hacendado 30-45 piezas~Lata~111 g (63 g escurrido)~| 86,508 €/kg~5.45~/ud.~Conservas, caldos y cremas >~Berberechos y mejillones~https://tienda.mercadona.es/product/18565/berberechos-natural-l-hacendado-30-45-piezas-lata~18565~2023-03-12 02:55:07.322060
Almejones al natural Cono sur~Lata~111 g (63 g escurrido)~| 21,429 €/kg~1.35~/ud.~Conservas, caldos y cremas >~Berberechos y mejillones~https://tienda.mercadona.es/product/18552/almejones-natural-cono-sur-lata~18552~2023-03-12 02:55:07.800421
Navajuelas del Pacífico al natural Cono sur~Lata~111 g (63 g escurrido)~| 36,508 €/kg~2.3~/ud.~Conservas, caldos y cremas >~Berberechos y mejillones~https://tienda.mercadona.es/product/18542/navajuelas-pacifico-natural-cono-sur-lata~18542~2023-03-12 02:55:08.287275
Concha fina al natural Marinara~Lata~90 g (55 g escurrido)~| 35,455 €/kg~1.95~/ud.~Conservas, caldos y cremas >~Berberechos y mejillones~https://tienda.mercadona.es/product/18554/concha-fina-natural-marinara-lata~18554~2023-03-12 02:55:08.769762
Zamburiñas en salsa de vieira Cono sur~Lata~110 g (63 g escurrido)~| 34,127 €/kg~2.15~/ud.~Conservas, caldos y cremas >~Berberechos y mejillones~https://tienda.mercadona.es/product/23531/zamburinas-salsa-vieira-cono-sur-lata~23531~2023-03-12 02:55:09.254257
Almejas blancas del norte al natural Hacendado~Lata~185 g (90 g escurrido)~| 16,667 €/kg~1.5~/ud.~Conservas, caldos y cremas >~Berberechos y mejillones~https://tienda.mercadona.es/product/18579/almejas-blancas-norte-natural-hacendado-lata~18579~2023-03-12 02:55:09.737636
Navajas al natural Hacendado~Lata~111 g (63 g escurrido)~| 21,622 €/kg~2.4~/ud.~Conservas, caldos y cremas >~Berberechos y mejillones~https://tienda.mercadona.es/product/22541/navajas-natural-hacendado-lata~22541~2023-03-12 02:55:10.204633
Mejillones en escabeche Hacendado pequeños~2 latas x 106 g~| 11,793 €/kg~Not available~2.5~/pack~Conservas, caldos y cremas >~Berberechos y mejillones~https://tienda.mercadona.es/product/18615/mejillones-escabeche-hacendado-pequenos-pack-2~18615~2023-03-12 02:55:10.620441
Mejillones en escabeche Hacendado pequeños 13-18 piezas~Lata~111 g (69 g escurrido)~| 22,464 €/kg~1.55~/ud.~Conservas, caldos y cremas >~Berberechos y mejillones~https://tienda.mercadona.es/product/18609/mejillones-escabeche-hacendado-pequenos-13-18-piezas-lata~18609~2023-03-12 02:55:11.089751
Mejillones en escabeche Hacendado medianos 8-12 piezas~Lata~111 g (69 g escurrido)~| 31,885 €/kg~2.2~/ud.~Conservas, caldos y cremas >~Berberechos y mejillones~https://tienda.mercadona.es/product/18602/mejillones-escabeche-hacendado-medianos-8-12-piezas-lata~18602~2023-03-12 02:55:11.566346
Mejillones al natural Hacendado pequeños 13-18 piezas~Lata~111 g (69 g escurrido)~| 21,74 €/kg~1.5~/ud.~Conservas, caldos y cremas >~Berberechos y mejillones~https://tienda.mercadona.es/product/18613/mejillones-natural-hacendado-pequenos-13-18-piezas-lata~18613~2023-03-12 02:55:12.052550
Mejillones picantes en escabeche Hacendado pequeños 13-18 piezas~Lata~111 g (69 g escurrido)~| 23,914 €/kg~1.65~/ud.~Conservas, caldos y cremas >~Berberechos y mejillones~https://tienda.mercadona.es/product/18611/mejillones-picantes-escabeche-hacendado-pequenos-13-18-piezas-lata~18611~2023-03-12 02:55:12.552766
Mejillones en salsa de vieira Hacendado pequeños 13-18 piezas~Lata~111 g (65 g escurrido)~| 23,914 €/kg~1.65~/ud.~Conservas, caldos y cremas >~Berberechos y mejillones~https://tienda.mercadona.es/product/18622/mejillones-salsa-vieira-hacendado-pequenos-13-18-piezas-lata~18622~2023-03-12 02:55:13.046038
Mejillones en escabeche Hacendado grandes 6-8 piezas~Lata~111 g (69 g escurrido)~| 72,464 €/kg~5.0~/ud.~Conservas, caldos y cremas >~Berberechos y mejillones~https://tienda.mercadona.es/product/18601/mejillones-escabeche-hacendado-grandes-6-8-piezas-lata~18601~2023-03-12 02:55:13.527078
Maíz dulce Hacendado~3 latas x 140 g~| 3,334 €/kg~Not available~1.4~/pack~Conservas, caldos y cremas >~Conservas de verdura y frutas~https://tienda.mercadona.es/product/16712/maiz-dulce-hacendado-pack-3~16712~2023-03-12 03:01:27.025855
Maíz dulce Hacendado~3 latas x 70 g~| 5,715 €/kg~Not available~1.2~/pack~Conservas, caldos y cremas >~Conservas de verdura y frutas~https://tienda.mercadona.es/product/16714/maiz-dulce-hacendado-pack-3~16714~2023-03-12 03:01:27.586359
Espárragos delgados Hacendado~Tarro~200 g (110 g escurrido)~| 14,091 €/kg~1.55~/ud.~Conservas, caldos y cremas >~Conservas de verdura y frutas~https://tienda.mercadona.es/product/16519/esparragos-delgados-hacendado-tarro~16519~2023-03-12 03:01:28.124809
Espárragos medianos Hacendado~Tarro~345 g (205 g escurrido)~| 9,757 €/kg~2.0~/ud.~Conservas, caldos y cremas >~Conservas de verdura y frutas~https://tienda.mercadona.es/product/18562/esparragos-medianos-hacendado-tarro~18562~2023-03-12 03:01:28.687357
Espárragos muy gruesos Hacendado enteros~Tarro~540 g (325 g escurrido)~| 9,385 €/kg~3.05~/ud.~Conservas, caldos y cremas >~Conservas de verdura y frutas~https://tienda.mercadona.es/product/16561/esparragos-muy-gruesos-hacendado-enteros-tarro~16561~2023-03-12 03:01:29.277601
Champiñones laminados Hacendado~Bote~355 g (180 g escurrido)~| 4,723 €/kg~0.85~/ud.~Conservas, caldos y cremas >~Conservas de verdura y frutas~https://tienda.mercadona.es/product/16618/champinones-laminados-hacendado-bote~16618~2023-03-12 03:01:29.850220
Champiñón laminado Hacendado~3 latas x 85 g~| 6,275 €/kg~Not available~1.6~/pack~Conservas, caldos y cremas >~Conservas de verdura y frutas~https://tienda.mercadona.es/product/16616/champinon-laminado-hacendado-pack-3~16616~2023-03-12 03:01:30.383608
Champiñón entero Hacendado~Bote~355 g (180 g escurrido)~| 6,112 €/kg~1.1~/ud.~Conservas, caldos y cremas >~Conservas de verdura y frutas~https://tienda.mercadona.es/product/16625/champinon-entero-hacendado-bote~16625~2023-03-12 03:01:30.961095
Pimientos del piquillo enteros Hacendado extra~Tarro~340 g (275 g escurrido)~| 4,91 €/kg~1.35~/ud.~Conservas, caldos y cremas >~Conservas de verdura y frutas~https://tienda.mercadona.es/product/16005/pimientos-piquillo-enteros-hacendado-extra-tarro~16005~2023-03-12 03:01:31.543103
Guisantes extra Hacendado~Bote~390 g (250 g escurrido)~| 2,80 €/kg~0.7~/ud.~Conservas, caldos y cremas >~Conservas de verdura y frutas~https://tienda.mercadona.es/product/16416/guisantes-extra-hacendado-bote~16416~2023-03-12 03:01:32.080328
Guisantes extra Hacendado~3 latas x 120 g~| 5,834 €/kg~Not available~2.1~/pack~Conservas, caldos y cremas >~Conservas de verdura y frutas~https://tienda.mercadona.es/product/16415/guisantes-extra-hacendado-pack-3~16415~2023-03-12 03:01:32.582659
Pimientos rojos asados Hacendado en tiras extra~3 latas x 60 g~| 6,389 €/kg~Not available~1.15~/pack~Conservas, caldos y cremas >~Conservas de verdura y frutas~https://tienda.mercadona.es/product/16124/pimientos-rojos-asados-hacendado-tiras-extra-pack-3~16124~2023-03-12 03:01:33.156959
Judías verdes redondas Hacendado~Tarro~660 g (360 g escurrido)~| 3,195 €/kg~1.15~/ud.~Conservas, caldos y cremas >~Conservas de verdura y frutas~https://tienda.mercadona.es/product/16315/judias-verdes-redondas-hacendado-tarro~16315~2023-03-12 03:01:33.809202
Pimientos asados en tiras Hacendado~Bandeja~290 g~| 8,621 €/kg~2.5~/ud.~Conservas, caldos y cremas >~Conservas de verdura y frutas~https://tienda.mercadona.es/product/16103/pimientos-asados-tiras-hacendado-bandeja~16103~2023-03-12 03:01:34.413884
Corazones de alcachofas Hacendado~Bote~390 g (240 g escurrido)~| 7,709 €/kg~1.85~/ud.~Conservas, caldos y cremas >~Conservas de verdura y frutas~https://tienda.mercadona.es/product/16039/corazones-alcachofas-hacendado-bote~16039~2023-03-12 03:01:35.009828
Corazones de alcachofa Hacendado~Tarro~290 g (175 g escurrido)~| 10,858 €/kg~1.9~/ud.~Conservas, caldos y cremas >~Conservas de verdura y frutas~https://tienda.mercadona.es/product/16040/corazones-alcachofa-hacendado-tarro~16040~2023-03-12 03:01:35.606598
Corazones de alcachofa Hacendado~Tarro~535 g (330 g escurrido)~| 8,182 €/kg~2.7~/ud.~Conservas, caldos y cremas >~Conservas de verdura y frutas~https://tienda.mercadona.es/product/16019/corazones-alcachofa-hacendado-tarro~16019~2023-03-12 03:01:36.192327
Corazones de alcachofa Hacendado con aceite de oliva virgen~Bandeja~260 g~| 12,308 €/kg~3.2~/ud.~Conservas, caldos y cremas >~Conservas de verdura y frutas~https://tienda.mercadona.es/product/16228/corazones-alcachofa-hacendado-con-aceite-oliva-virgen-bandeja~16228~2023-03-12 03:01:36.789188
Zanahoria en tiras Hacendado~Tarro~425 g (250 g escurrido)~| 4,80 €/kg~1.2~/ud.~Conservas, caldos y cremas >~Conservas de verdura y frutas~https://tienda.mercadona.es/product/16752/zanahoria-tiras-hacendado-tarro~16752~2023-03-12 03:01:37.369622
Judías verdes planas Hacendado~Tarro~660 g (360 g escurrido)~| 3,195 €/kg~1.15~/ud.~Conservas, caldos y cremas >~Conservas de verdura y frutas~https://tienda.mercadona.es/product/16313/judias-verdes-planas-hacendado-tarro~16313~2023-03-12 03:01:37.929335
Remolacha en tiras Hacendado~Tarro~425 g (250 g escurrido)~| 5,60 €/kg~1.4~/ud.~Conservas, caldos y cremas >~Conservas de verdura y frutas~https://tienda.mercadona.es/product/16754/remolacha-tiras-hacendado-tarro~16754~2023-03-12 03:01:38.521072
Macedonia de verduras Hacendado~Tarro~535 g (320 g escurrido)~| 2,813 €/kg~0.9~/ud.~Conservas, caldos y cremas >~Conservas de verdura y frutas~https://tienda.mercadona.es/product/16737/macedonia-verduras-hacendado-tarro~16737~2023-03-12 03:01:39.129824
Verduras asadas Hacendado~Bandeja~290 g~| 10,00 €/kg~2.9~/ud.~Conservas, caldos y cremas >~Conservas de verdura y frutas~https://tienda.mercadona.es/product/22411/verduras-asadas-hacendado-bandeja~22411~2023-03-12 03:01:39.729701
Remolacha agridulce Hacendado en rodajas~Tarro~425 g (250 g escurrido)~| 5,60 €/kg~1.4~/ud.~Conservas, caldos y cremas >~Conservas de verdura y frutas~https://tienda.mercadona.es/product/16703/remolacha-agridulce-hacendado-rodajas-tarro~16703~2023-03-12 03:01:40.408929
Patata entera La Hacienda~Tarro~660 g (400 g escurrido)~| 4,75 €/kg~1.9~/ud.~Conservas, caldos y cremas >~Conservas de verdura y frutas~https://tienda.mercadona.es/product/15534/patata-entera-hacienda-tarro~15534~2023-03-12 03:01:41.031865
Ensalada china Hacendado con mazorquitas~Tarro~425 g (250 g escurrido)~| 6,40 €/kg~1.6~/ud.~Conservas, caldos y cremas >~Conservas de verdura y frutas~https://tienda.mercadona.es/product/16750/ensalada-china-hacendado-con-mazorquitas-tarro~16750~2023-03-12 03:01:41.650141
Yemas de espárragos Hacendado blancos muy gruesos~Tarro~345 g (205 g escurrido)~| 13,659 €/kg~2.8~/ud.~Conservas, caldos y cremas >~Conservas de verdura y frutas~https://tienda.mercadona.es/product/16507/yemas-esparragos-hacendado-blancos-muy-gruesos-tarro~16507~2023-03-12 03:01:42.261545
Brotes germinados Hacendado~Tarro~425 g (250 g escurrido)~| 7,60 €/kg~1.9~/ud.~Conservas, caldos y cremas >~Conservas de verdura y frutas~https://tienda.mercadona.es/product/16748/brotes-germinados-hacendado-tarro~16748~2023-03-12 03:01:42.864665
Habas fritas Peña Torcal mini baby extra~Tarro~225 g (150 g escurrido)~| 21,667 €/kg~3.25~/ud.~Conservas, caldos y cremas >~Conservas de verdura y frutas~https://tienda.mercadona.es/product/16412/habas-fritas-pena-torcal-mini-baby-extra-tarro~16412~2023-03-12 03:01:43.484750
Ensalada de pimientos del piquillo Cidacos~2 latas x 180 g~| 5,00 €/kg~Not available~1.8~/pack~Conservas, caldos y cremas >~Conservas de verdura y frutas~https://tienda.mercadona.es/product/16106/ensalada-pimientos-piquillo-cidacos-pack-2~16106~2023-03-12 03:01:44.096626
Apio en tiras Hacendado~Tarro~425 g (250 g escurrido)~| 5,80 €/kg~1.45~/ud.~Conservas, caldos y cremas >~Conservas de verdura y frutas~https://tienda.mercadona.es/product/16749/apio-tiras-hacendado-tarro~16749~2023-03-12 03:01:44.711938
Espárragos delgados verdes Hacendado enteros~Tarro~230 g (125 g escurrido)~| 15,20 €/kg~1.9~/ud.~Conservas, caldos y cremas >~Conservas de verdura y frutas~https://tienda.mercadona.es/product/16510/esparragos-delgados-verdes-hacendado-enteros-tarro~16510~2023-03-12 03:01:45.320386
Cebolla caramelizada Hacendado con aceite de oliva~Tarro~300 g~| 5,50 €/kg~1.65~/ud.~Azúcar, caramelos y chocolate >~Mermelada y miel~https://tienda.mercadona.es/product/16761/cebolla-caramelizada-hacendado-con-aceite-oliva-tarro~16761~2023-03-12 03:01:45.944861
Yemas de espárragos Hacendado~2 latas x 100 g~| 13,00 €/kg~Not available~2.6~/pack~Conservas, caldos y cremas >~Conservas de verdura y frutas~https://tienda.mercadona.es/product/16503/yemas-esparragos-hacendado-pack-2~16503~2023-03-12 03:01:46.561711
Menestra de verduras con aceite Hacendado~Tarro~660 g~| 4,319 €/kg~2.85~/ud.~Conservas, caldos y cremas >~Conservas de verdura y frutas~https://tienda.mercadona.es/product/22553/menestra-verduras-con-aceite-hacendado-tarro~22553~2023-03-12 03:01:47.182229
Pimientos del piquillo en tiras con ajo Hacendado~Tarro~290 g (235 g escurrido)~| 4,681 €/kg~1.1~/ud.~Conservas, caldos y cremas >~Conservas de verdura y frutas~https://tienda.mercadona.es/product/16008/pimientos-piquillo-tiras-con-ajo-hacendado-tarro~16008~2023-03-12 03:01:47.889840
Mazorquitas de maíz agridulce Hacendado~Tarro~350 g (190 g escurrido)~| 13,158 €/kg~2.5~/ud.~Conservas, caldos y cremas >~Conservas de verdura y frutas~https://tienda.mercadona.es/product/16757/mazorquitas-maiz-agridulce-hacendado-tarro~16757~2023-03-12 03:01:48.528656
Chucrut al estilo bávaro Hengstenberg~Tarro~680 g (650 g escurrido)~| 3,077 €/kg~2.0~/ud.~Conservas, caldos y cremas >~Conservas de verdura y frutas~https://tienda.mercadona.es/product/16717/chucrut-estilo-bavaro-hengstenberg-tarro~16717~2023-03-12 03:01:49.147854
Acelgas troceadas Hacendado~Tarro~660 g (425 g escurrido)~| 3,53 €/kg~1.5~/ud.~Conservas, caldos y cremas >~Conservas de verdura y frutas~https://tienda.mercadona.es/product/16314/acelgas-troceadas-hacendado-tarro~16314~2023-03-12 03:01:49.760727
Carne de Ñora Hacendado~Tarro~140 g~| 10,715 €/kg~1.5~/ud.~Conservas, caldos y cremas >~Conservas de verdura y frutas~https://tienda.mercadona.es/product/34229/carne-nora-hacendado-tarro~34229~2023-03-12 03:01:50.375497
Rovellones trozos primera Ferrer~Tarro~330 g (180 g escurrido)~| 20,834 €/kg~3.75~/ud.~Conservas, caldos y cremas >~Conservas de verdura y frutas~https://tienda.mercadona.es/product/22555/rovellones-trozos-primera-ferrer-tarro~22555~2023-03-12 03:01:50.995174
Pimientos del piquillo extra Hacendado estilo tradicional~Tarro~185 g (175 g escurrido)~| 9,143 €/kg~1.6~/ud.~Conservas, caldos y cremas >~Conservas de verdura y frutas~https://tienda.mercadona.es/product/15969/pimientos-piquillo-extra-hacendado-estilo-tradicional-tarro~15969~2023-03-12 03:01:51.607530
Piña en su jugo Hacendado rodajas~3 latas x 140 g~| 5,596 €/kg~Not available~2.35~/pack~Conservas, caldos y cremas >~Conservas de verdura y frutas~https://tienda.mercadona.es/product/15203/pina-jugo-hacendado-rodajas-pack-3~15203~2023-03-12 03:01:52.168352
Piña en su jugo Hacendado rodajas~Bote~822 g (490 g escurrido)~| 3,878 €/kg~1.9~/ud.~Conservas, caldos y cremas >~Conservas de verdura y frutas~https://tienda.mercadona.es/product/15256/pina-jugo-hacendado-rodajas-bote~15256~2023-03-12 03:01:52.813192
Melocotón en almíbar Hacendado~Bote~850 g (480 g escurrido)~| 3,959 €/kg~1.9~/ud.~Conservas, caldos y cremas >~Conservas de verdura y frutas~https://tienda.mercadona.es/product/15216/melocoton-almibar-hacendado-bote~15216~2023-03-12 03:01:53.433434
Melocotón en almíbar Hacendado~3 latas x 115 g~| 6,812 €/kg~Not available~2.35~/pack~Conservas, caldos y cremas >~Conservas de verdura y frutas~https://tienda.mercadona.es/product/15206/melocoton-almibar-hacendado-pack-3~15206~2023-03-12 03:01:54.032411
Dulce de membrillo Hacendado categoría primera~Bandeja~450 g~| 3,112 €/kg~1.4~/ud.~Conservas, caldos y cremas >~Conservas de verdura y frutas~https://tienda.mercadona.es/product/15334/dulce-membrillo-hacendado-categoria-primera-bandeja~15334~2023-03-12 03:01:54.659199
Melocotón light Hacendado sin azúcares añadidos~Bote~400 g (240 g escurrido)~| 5,834 €/kg~1.4~/ud.~Conservas, caldos y cremas >~Conservas de verdura y frutas~https://tienda.mercadona.es/product/15260/melocoton-light-hacendado-sin-azucares-anadidos-bote~15260~2023-03-12 03:01:55.386245
Macedonia de frutas Hacendado en zumo de uva~2 latas x 115 g~| 9,566 €/kg~Not available~2.2~/pack~Conservas, caldos y cremas >~Conservas de verdura y frutas~https://tienda.mercadona.es/product/15224/macedonia-frutas-hacendado-zumo-uva-pack-2~15224~2023-03-12 03:01:55.994987
Dulce de membrillo Hacendado sin azúcares añadidos~Tarrina~400 g~| 5,50 €/kg~2.2~/ud.~Conservas, caldos y cremas >~Conservas de verdura y frutas~https://tienda.mercadona.es/product/16876/dulce-membrillo-hacendado-sin-azucares-anadidos-tarrina~16876~2023-03-12 03:01:56.624408
Cabello de Ángel Hida~Bote~520 g~| 4,231 €/kg~2.2~/ud.~Conservas, caldos y cremas >~Conservas de verdura y frutas~https://tienda.mercadona.es/product/15031/cabello-angel-hida-bote~15031~2023-03-12 03:01:57.243999
Postre de manzana Jamar~Tarro~710 g~| 2,817 €/kg~2.0~/ud.~Conservas, caldos y cremas >~Conservas de verdura y frutas~https://tienda.mercadona.es/product/15086/postre-manzana-jamar-tarro~15086~2023-03-12 03:01:57.881639
Pera en zumo de uva Hacendado~2 latas x 115 g~| 12,827 €/kg~Not available~2.95~/pack~Conservas, caldos y cremas >~Conservas de verdura y frutas~https://tienda.mercadona.es/product/15225/pera-zumo-uva-hacendado-pack-2~15225~2023-03-12 03:01:58.499024
Cerezas en almíbar denso Hacendado~Tarro~160 g (90 g escurrido)~| 21,667 €/kg~1.95~/ud.~Conservas, caldos y cremas >~Conservas de verdura y frutas~https://tienda.mercadona.es/product/15087/cerezas-almibar-denso-hacendado-tarro~15087~2023-03-12 03:01:59.131594
Dulce de boniato Hida~Bote~820 g~| 4,513 €/kg~3.7~/ud.~Conservas, caldos y cremas >~Conservas de verdura y frutas~https://tienda.mercadona.es/product/15055/dulce-boniato-hida-bote~15055~2023-03-12 03:01:59.713194
Dulce de membrillo taco Hacendado~Paquete~250 g~| 9,20 €/kg~2.3~/ud.~Conservas, caldos y cremas >~Conservas de verdura y frutas~https://tienda.mercadona.es/product/86766/dulce-membrillo-taco-hacendado-paquete~86766~2023-03-12 03:02:00.347892
Gazpacho tradicional Hacendado~3 mini bricks x 330 ml~| 2,172 €/L~Not available~2.15~/pack~Conservas, caldos y cremas >~Gazpacho y cremas~https://tienda.mercadona.es/product/39934/gazpacho-tradicional-hacendado-pack-3~39934~2023-03-12 03:03:04.640526
Gazpacho tradicional Hacendado~Botella~1 L~| 1,70 €/L~1.7~/ud.~Conservas, caldos y cremas >~Gazpacho y cremas~https://tienda.mercadona.es/product/15604/gazpacho-tradicional-hacendado-botella~15604~2023-03-12 03:03:05.157440
Salmorejo al estilo cordobés Hacendado~3 mini bricks x 330 ml~| 2,526 €/L~Not available~2.5~/pack~Conservas, caldos y cremas >~Gazpacho y cremas~https://tienda.mercadona.es/product/39903/salmorejo-estilo-cordobes-hacendado-pack-3~39903~2023-03-12 03:03:05.679422
Salmorejo al estilo cordobés Hacendado~Brick~1 L~| 2,15 €/L~2.15~/ud.~Conservas, caldos y cremas >~Gazpacho y cremas~https://tienda.mercadona.es/product/39902/salmorejo-estilo-cordobes-hacendado-brick~39902~2023-03-12 03:03:06.162306
Gazpacho fresco Hacendado~Botella~1 L~| 2,85 €/L~2.85~/ud.~Conservas, caldos y cremas >~Gazpacho y cremas~https://tienda.mercadona.es/product/39900/gazpacho-fresco-hacendado-botella~39900~2023-03-12 03:03:06.658741
Gazpacho fresco Hacendado~Botella~330 ml~| 3,182 €/L~1.05~/ud.~Conservas, caldos y cremas >~Gazpacho y cremas~https://tienda.mercadona.es/product/39965/gazpacho-fresco-hacendado-botella~39965~2023-03-12 03:03:07.146105
Salmorejo fresco Hacendado~Botella~1 L~| 3,15 €/L~3.15~/ud.~Conservas, caldos y cremas >~Gazpacho y cremas~https://tienda.mercadona.es/product/39901/salmorejo-fresco-hacendado-botella~39901~2023-03-12 03:03:07.642513
Salmorejo fresco Hacendado~Botella~330 ml~| 3,485 €/L~1.15~/ud.~Conservas, caldos y cremas >~Gazpacho y cremas~https://tienda.mercadona.es/product/39966/salmorejo-fresco-hacendado-botella~39966~2023-03-12 03:03:08.131742
Crema de calabaza y zanahoria Hacendado~Bol~350 g~| 4,858 €/kg~1.7~/ud.~Conservas, caldos y cremas >~Gazpacho y cremas~https://tienda.mercadona.es/product/23225/crema-calabaza-zanahoria-hacendado-bol~23225~2023-03-12 03:03:08.564480
Crema de espárragos Hacendado~Bol~350 g~| 4,858 €/kg~1.7~/ud.~Conservas, caldos y cremas >~Gazpacho y cremas~https://tienda.mercadona.es/product/86587/crema-esparragos-hacendado-bol~86587~2023-03-12 03:03:09.079293
Crema de verduras Hacendado~Bol~350 g~| 4,858 €/kg~1.7~/ud.~Conservas, caldos y cremas >~Gazpacho y cremas~https://tienda.mercadona.es/product/8722/crema-verduras-hacendado-bol~8722~2023-03-12 03:03:09.521678
Vichyssoise de puerro y patata Hacendado~Bol~350 g~| 4,858 €/kg~1.7~/ud.~Conservas, caldos y cremas >~Gazpacho y cremas~https://tienda.mercadona.es/product/8723/vichyssoise-puerro-patata-hacendado-bol~8723~2023-03-12 03:03:09.996312
Crema de pollo Hacendado con verduras~Brick~500 ml~| 2,20 €/L~1.1~/ud.~Conservas, caldos y cremas >~Gazpacho y cremas~https://tienda.mercadona.es/product/8448/crema-pollo-hacendado-con-verduras-brick~8448~2023-03-12 03:03:10.484899
Crema de calabaza Hacendado~Brick~500 ml~| 2,20 €/L~1.1~/ud.~Conservas, caldos y cremas >~Gazpacho y cremas~https://tienda.mercadona.es/product/13499/crema-calabaza-hacendado-brick~13499~2023-03-12 03:03:10.922712
Crema de verduras Hacendado~Brick~500 ml~| 2,20 €/L~1.1~/ud.~Conservas, caldos y cremas >~Gazpacho y cremas~https://tienda.mercadona.es/product/8453/crema-verduras-hacendado-brick~8453~2023-03-12 03:03:11.372957
Puré de patatas Hacendado en copos~Caja~4 bolsas (500 g)~| 3,80 €/kg~1.9~/ud.~Conservas, caldos y cremas >~Gazpacho y cremas~https://tienda.mercadona.es/product/23264/pure-patatas-hacendado-copos-caja~23264~2023-03-12 03:03:11.824911
Crema de setas del bosque Knorr con champiñones~2 bricks x 500 ml~| 3,00 €/L~Not available~3.0~/pack~Conservas, caldos y cremas >~Gazpacho y cremas~https://tienda.mercadona.es/product/8631/crema-setas-bosque-knorr-con-champinones-pack-2~8631~2023-03-12 03:03:12.310034
Crema de setas del bosque Knorr con champiñones~Brick~500 ml~| 4,50 €/L~2.25~/ud.~Conservas, caldos y cremas >~Gazpacho y cremas~https://tienda.mercadona.es/product/8611/crema-setas-bosque-knorr-con-champinones-brick~8611~2023-03-12 03:03:12.798686
Crema de calabacín Knorr con queso de cabra~2 bricks x 500 ml~| 3,00 €/L~Not available~3.0~/pack~Conservas, caldos y cremas >~Gazpacho y cremas~https://tienda.mercadona.es/product/8715/crema-calabacin-knorr-con-queso-cabra-pack-2~8715~2023-03-12 03:03:13.339756
Crema de calabacín Knorr con queso de cabra~Brick~500 ml~| 4,50 €/L~2.25~/ud.~Conservas, caldos y cremas >~Gazpacho y cremas~https://tienda.mercadona.es/product/8714/crema-calabacin-knorr-con-queso-cabra-brick~8714~2023-03-12 03:03:13.837794
Crema de marisco Hacendado~Brick~500 ml~| 4,20 €/L~2.1~/ud.~Conservas, caldos y cremas >~Gazpacho y cremas~https://tienda.mercadona.es/product/8447/crema-marisco-hacendado-brick~8447~2023-03-12 03:03:14.441899
Crema Thai con zanahoria y coco Ametller Origen~Bote~350 g~| 4,858 €/kg~1.7~/ud.~Conservas, caldos y cremas >~Gazpacho y cremas~https://tienda.mercadona.es/product/23361/crema-thai-con-zanahoria-coco-ametller-origen-bote~23361~2023-03-12 03:03:14.940382
Sopa de pollo Gallina Blanca con fideos finos~Sobre~71 g~| 11,972 €/kg~0.85~/ud.~Conservas, caldos y cremas >~Sopa y caldo~https://tienda.mercadona.es/product/8044/sopa-pollo-gallina-blanca-con-fideos-finos~8044~2023-03-12 03:04:05.833720
Sopa de pollo Hacendado con fideos finos~2 sobres x 71 g~| 7,043 €/kg~Not available~1.0~/pack~Conservas, caldos y cremas >~Sopa y caldo~https://tienda.mercadona.es/product/8047/sopa-pollo-hacendado-con-fideos-finos-pack-2~8047~2023-03-12 03:04:06.368005
Sopa de cebolla Hacendado~2 sobres x 50 g~| 13,00 €/kg~Not available~1.3~/pack~Conservas, caldos y cremas >~Sopa y caldo~https://tienda.mercadona.es/product/8038/sopa-cebolla-hacendado-pack-2~8038~2023-03-12 03:04:06.853197
Sopa maravilla Hacendado~2 sobres x 91 g~| 5,495 €/kg~Not available~1.0~/pack~Conservas, caldos y cremas >~Sopa y caldo~https://tienda.mercadona.es/product/8050/sopa-maravilla-hacendado-pack-2~8050~2023-03-12 03:04:07.343093
Tallarines Formaggio Hacendado salsa cremosa de queso~Sobre~190 g~| 7,632 €/kg~1.45~/ud.~Conservas, caldos y cremas >~Sopa y caldo~https://tienda.mercadona.es/product/23457/tallarines-formaggio-hacendado-salsa-cremosa-queso~23457~2023-03-12 03:04:07.849962
Tallarines a la carbonara Hacendado~Sobre~190 g~| 7,632 €/kg~1.45~/ud.~Conservas, caldos y cremas >~Sopa y caldo~https://tienda.mercadona.es/product/23456/tallarines-carbonara-hacendado~23456~2023-03-12 03:04:08.349698
Sopa de miso~Paquete~3 ud.~| 28,626 €/kg~2.25~/ud.~Conservas, caldos y cremas >~Sopa y caldo~https://tienda.mercadona.es/product/80057/sopa-miso-paquete~80057~2023-03-12 03:04:08.833225
Sopa instantánea de verduras deshidratada Hacendado~Caja~4 sobres (80 g)~| 15,00 €/kg~1.2~/ud.~Conservas, caldos y cremas >~Sopa y caldo~https://tienda.mercadona.es/product/22858/sopa-instantanea-verduras-deshidratada-hacendado-caja~22858~2023-03-12 03:04:09.334129
Sopa de verduras Gallina Blanca~Sobre~51 g~| 16,667 €/kg~0.85~/ud.~Conservas, caldos y cremas >~Sopa y caldo~https://tienda.mercadona.es/product/13823/sopa-verduras-gallina-blanca~13823~2023-03-12 03:04:09.823501
Caldo de pollo Hacendado~Brick~1 L~| 0,80 €/L~0.8~/ud.~Conservas, caldos y cremas >~Sopa y caldo~https://tienda.mercadona.es/product/7313/caldo-pollo-hacendado-brick~7313~2023-03-12 03:04:10.312047
Caldo de pollo casero Gallina Blanca~Brick~1 L~| 2,20 €/L~2.2~/ud.~Conservas, caldos y cremas >~Sopa y caldo~https://tienda.mercadona.es/product/7024/caldo-pollo-casero-gallina-blanca-brick~7024~2023-03-12 03:04:10.760790
Caldo de pescado Hacendado~Brick~1 L~| 1,15 €/L~1.15~/ud.~Conservas, caldos y cremas >~Sopa y caldo~https://tienda.mercadona.es/product/7325/caldo-pescado-hacendado-brick~7325~2023-03-12 03:04:11.210455
Caldo de cocido Hacendado~Brick~1 L~| 0,90 €/L~0.9~/ud.~Conservas, caldos y cremas >~Sopa y caldo~https://tienda.mercadona.es/product/7328/caldo-cocido-hacendado-brick~7328~2023-03-12 03:04:11.663156
Caldo de verduras Hacendado~Brick~1 L~| 1,00 €/L~1.0~/ud.~Conservas, caldos y cremas >~Sopa y caldo~https://tienda.mercadona.es/product/7032/caldo-verduras-hacendado-brick~7032~2023-03-12 03:04:12.108174
Caldo de marisco o fideuá para paella Hacendado con sofrito~Brick~1 L~| 2,10 €/L~2.1~/ud.~Conservas, caldos y cremas >~Sopa y caldo~https://tienda.mercadona.es/product/7021/caldo-marisco-fideua-paella-hacendado-con-sofrito-brick~7021~2023-03-12 03:04:12.587298
Caldo para fideuá o arroz negro Hacendado con sofrito~Brick~1 L~| 2,70 €/L~2.7~/ud.~Conservas, caldos y cremas >~Sopa y caldo~https://tienda.mercadona.es/product/7036/caldo-fideua-arroz-negro-hacendado-con-sofrito-brick~7036~2023-03-12 03:04:13.141982
Caldo de pollo Hacendado bajo en sal~Brick~1 L~| 1,20 €/L~1.2~/ud.~Conservas, caldos y cremas >~Sopa y caldo~https://tienda.mercadona.es/product/7031/caldo-pollo-hacendado-bajo-sal-brick~7031~2023-03-12 03:04:13.651828
Caldo de escudella Caldíssimo~Brick~1 L~| 2,50 €/L~2.5~/ud.~Conservas, caldos y cremas >~Sopa y caldo~https://tienda.mercadona.es/product/86535/caldo-escudella-caldissimo-brick~86535~2023-03-12 03:04:14.136897
Caldo casero de escudella Gallina Blanca~Brick~1 L~| 2,20 €/L~2.2~/ud.~Conservas, caldos y cremas >~Sopa y caldo~https://tienda.mercadona.es/product/7025/caldo-casero-escudella-gallina-blanca-brick~7025~2023-03-12 03:04:14.641675
Fumet caldo de pescado Hacendado~Botella~950 g~| 3,158 €/kg~3.0~/ud.~Conservas, caldos y cremas >~Sopa y caldo~https://tienda.mercadona.es/product/22081/fumet-caldo-pescado-hacendado-botella~22081~2023-03-12 03:04:15.136112
Caldo de carne a leña para paella Hacendado~Botella~950 g~| 3,158 €/kg~3.0~/ud.~Conservas, caldos y cremas >~Sopa y caldo~https://tienda.mercadona.es/product/67646/caldo-carne-lena-paella-hacendado-botella~67646~2023-03-12 03:04:15.633810
Caldo de carne Hacendado en pastillas~Caja~12 ud. (120 g)~| 5,834 €/kg~0.7~/ud.~Conservas, caldos y cremas >~Sopa y caldo~https://tienda.mercadona.es/product/22860/caldo-carne-hacendado-pastillas-caja~22860~2023-03-12 03:04:16.134511
Caldo de pollo Avecrem en pastillas Gallina Blanca~Caja~24 ud. (240 g)~| 12,292 €/kg~2.95~/ud.~Conservas, caldos y cremas >~Sopa y caldo~https://tienda.mercadona.es/product/7014/caldo-pollo-avecrem-pastillas-gallina-blanca-caja~7014~2023-03-12 03:04:16.738292
Caldo de pescado Hacendado en pastillas~Caja~12 ud. (120 g)~| 5,834 €/kg~0.7~/ud.~Conservas, caldos y cremas >~Sopa y caldo~https://tienda.mercadona.es/product/7305/caldo-pescado-hacendado-pastillas-caja~7305~2023-03-12 03:04:17.249170
Doble caldo sabor clásico carne Knorr en pastillas~Caja~16 ud. (160 g)~| 10,313 €/kg~1.65~/ud.~Conservas, caldos y cremas >~Sopa y caldo~https://tienda.mercadona.es/product/7331/doble-caldo-sabor-clasico-carne-knorr-pastillas-caja~7331~2023-03-12 03:04:17.746091
Caldo de pollo Hacendado en pastillas~Caja~24 ud. (240 g)~| 5,209 €/kg~1.25~/ud.~Conservas, caldos y cremas >~Sopa y caldo~https://tienda.mercadona.es/product/7867/caldo-pollo-hacendado-pastillas-caja~7867~2023-03-12 03:04:18.203505
Caldo de verduras Hacendado en pastillas~Caja~12 ud. (120 g)~| 5,834 €/kg~0.7~/ud.~Conservas, caldos y cremas >~Sopa y caldo~https://tienda.mercadona.es/product/15592/caldo-verduras-hacendado-pastillas-caja~15592~2023-03-12 03:04:18.733776
Tomate triturado Hacendado para freír~Bote~800 g~| 1,188 €/kg~0.95~/ud.~Conservas, caldos y cremas >~Tomate~https://tienda.mercadona.es/product/16043/tomate-triturado-hacendado-freir-bote~16043~2023-03-12 03:05:03.329650
Tomate triturado Hacendado para freír~Bote~400 g~| 1,75 €/kg~0.7~/ud.~Conservas, caldos y cremas >~Tomate~https://tienda.mercadona.es/product/16044/tomate-triturado-hacendado-freir-bote~16044~2023-03-12 03:05:03.785504
Tomate frito Hacendado~3 bricks x 400 g~| 1,209 €/kg~Not available~1.45~/pack~Aceite, especias y salsas >~Otras salsas~https://tienda.mercadona.es/product/17132/tomate-frito-hacendado-pack-3~17132~2023-03-12 03:05:04.196284
Tomate frito Hacendado~3 mini bricks x 210 g~| 1,747 €/kg~Not available~1.1~/pack~Aceite, especias y salsas >~Otras salsas~https://tienda.mercadona.es/product/17151/tomate-frito-hacendado-pack-3~17151~2023-03-12 03:05:04.629590
Tomate frito Hacendado~Tarro~560 g~| 1,786 €/kg~1.0~/ud.~Aceite, especias y salsas >~Otras salsas~https://tienda.mercadona.es/product/17108/tomate-frito-hacendado-tarro~17108~2023-03-12 03:05:05.046661
Tomate frito receta artesana Hacendado con aceite de oliva~Tarro~560 g~| 3,84 €/kg~2.15~/ud.~Aceite, especias y salsas >~Otras salsas~https://tienda.mercadona.es/product/17163/tomate-frito-receta-artesana-hacendado-con-aceite-oliva-tarro~17163~2023-03-12 03:05:05.462228
Tomate frito receta artesana Hacendado con aceite de oliva~Tarro~300 g~| 5,334 €/kg~1.6~/ud.~Aceite, especias y salsas >~Otras salsas~https://tienda.mercadona.es/product/17131/tomate-frito-receta-artesana-hacendado-con-aceite-oliva-tarro~17131~2023-03-12 03:05:05.889408
Tomate frito estilo casero Hacendado con aceite de oliva~Brick~380 g~| 3,158 €/kg~1.2~/ud.~Aceite, especias y salsas >~Otras salsas~https://tienda.mercadona.es/product/17153/tomate-frito-estilo-casero-hacendado-con-aceite-oliva-brick~17153~2023-03-12 03:05:06.303802
Tomate troceado pelado Hacendado para freír~Bote~410 g~| 1,952 €/kg~0.8~/ud.~Conservas, caldos y cremas >~Tomate~https://tienda.mercadona.es/product/16022/tomate-troceado-pelado-hacendado-freir-bote~16022~2023-03-12 03:05:06.752344
Fritada pisto Hacendado~Brick~380 g~| 3,027 €/kg~1.15~/ud.~Conservas, caldos y cremas >~Tomate~https://tienda.mercadona.es/product/17112/fritada-pisto-hacendado-brick~17112~2023-03-12 03:05:07.175214
Tomate entero pelado Hacendado para freír~Bote~800 g (480 g escurrido)~| 2,50 €/kg~1.2~/ud.~Conservas, caldos y cremas >~Tomate~https://tienda.mercadona.es/product/16041/tomate-entero-pelado-hacendado-freir-bote~16041~2023-03-12 03:05:07.635485
Tomate entero pelado Hacendado para freír~Bote~400 g (240 g escurrido)~| 2,917 €/kg~0.7~/ud.~Conservas, caldos y cremas >~Tomate~https://tienda.mercadona.es/product/16042/tomate-entero-pelado-hacendado-freir-bote~16042~2023-03-12 03:05:08.101730
Tomate frito Hacendado con aceite de oliva~3 mini bricks x 210 g~| 1,905 €/kg~Not available~1.2~/pack~Aceite, especias y salsas >~Otras salsas~https://tienda.mercadona.es/product/17128/tomate-frito-hacendado-con-aceite-oliva-pack-3~17128~2023-03-12 03:05:08.510500
Tomate frito con cebolla Hacendado con aceite de oliva~Brick~380 g~| 3,553 €/kg~1.35~/ud.~Aceite, especias y salsas >~Otras salsas~https://tienda.mercadona.es/product/17154/tomate-frito-con-cebolla-hacendado-con-aceite-oliva-brick~17154~2023-03-12 03:05:08.996442
Tomate frito sin azúcares añadidos Hacendado~Tarro~560 g~| 2,143 €/kg~1.2~/ud.~Aceite, especias y salsas >~Otras salsas~https://tienda.mercadona.es/product/17330/tomate-frito-sin-azucares-anadidos-hacendado-tarro~17330~2023-03-12 03:05:09.465530
Tomate doble concentrado Hacendado extra para freír~Bote~170 g~| 5,883 €/kg~1.0~/ud.~Conservas, caldos y cremas >~Tomate~https://tienda.mercadona.es/product/16074/tomate-doble-concentrado-hacendado-extra-freir-bote~16074~2023-03-12 03:05:09.942046
Tomate para untar Hacendado con aceite de oliva~2 tarritos x 160 g~| 5,157 €/kg~Not available~1.65~/pack~Conservas, caldos y cremas >~Tomate~https://tienda.mercadona.es/product/16004/tomate-untar-hacendado-con-aceite-oliva-pack-2~16004~2023-03-12 03:05:10.463351
Tomate tamizado sin piel Hacendado para freír~Brick~390 g~| 2,18 €/kg~0.85~/ud.~Conservas, caldos y cremas >~Tomate~https://tienda.mercadona.es/product/16012/tomate-tamizado-sin-piel-hacendado-freir-brick~16012~2023-03-12 03:05:11.034769
Tomate seco Hacendado en aceite de oliva~Tarro~190 g~| 23,158 €/kg~2.2~/ud.~Conservas, caldos y cremas >~Tomate~https://tienda.mercadona.es/product/16046/tomate-seco-hacendado-aceite-oliva-tarro~16046~2023-03-12 03:05:11.510904
Acondicionador Suavidad y Brillo Deliplus todo tipo de cabello con queratina~Botella~1 L~| 0,19 €/100 ml~1.9~/ud.~Cuidado del cabello >~Acondicionador y mascarilla~https://tienda.mercadona.es/product/35420/acondicionador-suavidad-brillo-deliplus-tipo-cabello-con-queratina-botella~35420~2023-03-12 03:06:20.800693
Acondicionador Repair & Nutrition Deliplus cabello seco y dañado con 8 agentes reparadores~Bote~300 ml~| 0,434 €/100 ml~1.3~/ud.~Cuidado del cabello >~Acondicionador y mascarilla~https://tienda.mercadona.es/product/44363/acondicionador-repair-nutrition-deliplus-cabello-seco-danado-con-8-agentes-reparadores-bote~44363~2023-03-12 03:06:21.369981
Acondicionador Liss Frizz Control Deliplus cabello rebelde con vitamina E y queratina~Bote~300 ml~| 0,467 €/100 ml~1.4~/ud.~Cuidado del cabello >~Acondicionador y mascarilla~https://tienda.mercadona.es/product/44282/acondicionador-liss-frizz-control-deliplus-cabello-rebelde-con-vitamina-queratina-bote~44282~2023-03-12 03:06:21.893022
Acondicionador Hydra Deliplus cabello normal con extracto de flor de cactus~Bote~300 ml~| 0,434 €/100 ml~1.3~/ud.~Cuidado del cabello >~Acondicionador y mascarilla~https://tienda.mercadona.es/product/44323/acondicionador-hydra-deliplus-cabello-normal-con-extracto-flor-cactus-bote~44323~2023-03-12 03:06:22.422476
Acondicionador instantáneo Kids Deliplus~Bote~250 ml~| 0,68 €/100 ml~1.7~/ud.~Cuidado del cabello >~Acondicionador y mascarilla~https://tienda.mercadona.es/product/44321/acondicionador-instantaneo-kids-deliplus-bote~44321~2023-03-12 03:06:22.989344
Acondicionador instantáneo Repair & Nutrition Deliplus cabello seco y dañado con 8 agentes reparadores con pistola~Botella~400 ml~| 0,625 €/100 ml~2.5~/ud.~Cuidado del cabello >~Acondicionador y mascarilla~https://tienda.mercadona.es/product/44326/acondicionador-instantaneo-repair-nutrition-deliplus-cabello-seco-danado-con-8-agentes-reparadores-con-pistola-botella~44326~2023-03-12 03:06:23.512332
Acondicionador Repara & Protege Pantene cabello débil y dañado~Bote~250 ml~| 1,52 €/100 ml~3.8~/ud.~Cuidado del cabello >~Acondicionador y mascarilla~https://tienda.mercadona.es/product/35615/acondicionador-repara-protege-pantene-cabello-debil-danado-bote~35615~2023-03-12 03:06:24.026418
Acondicionador instantáneo Volumen Deliplus cabello fino y sin volumen con colágeno y tilicine con pistola~Botella~400 ml~| 0,625 €/100 ml~2.5~/ud.~Cuidado del cabello >~Acondicionador y mascarilla~https://tienda.mercadona.es/product/44285/acondicionador-instantaneo-volumen-deliplus-cabello-fino-sin-volumen-con-colageno-tilicine-con-pistola-botella~44285~2023-03-12 03:06:24.552712
Acondicionador Protector Color Vive Elvive cabello teñido o con mechas~Bote~250 ml~| 1,20 €/100 ml~3.0~/ud.~Cuidado del cabello >~Acondicionador y mascarilla~https://tienda.mercadona.es/product/75532/acondicionador-protector-color-vive-elvive-cabello-tenido-con-mechas-bote~75532~2023-03-12 03:06:25.077727
Acondicionador instantáneo Hydra Deliplus cabello normal con extracto de Flor de Cáctus y aceite de Coco 100% natural~Bote~250 ml~| 0,80 €/100 ml~2.0~/ud.~Cuidado del cabello >~Acondicionador y mascarilla~https://tienda.mercadona.es/product/22556/acondicionador-instantaneo-hydra-deliplus-cabello-normal-con-extracto-flor-cactus-aceite-coco-100-natural-bote~22556~2023-03-12 03:06:25.600461
Mascarilla Repair & Nutrition Deliplus cabello seco y dañado con 8 agentes reparadores~Tarro~400 ml~| 0,45 €/100 ml~1.8~/ud.~Cuidado del cabello >~Acondicionador y mascarilla~https://tienda.mercadona.es/product/46569/mascarilla-repair-nutrition-deliplus-cabello-seco-danado-con-8-agentes-reparadores-tarro~46569~2023-03-12 03:06:26.115615
Mascarilla Argan Oil Deliplus cabello seco y dañado~Tarro~400 ml~| 0,65 €/100 ml~2.6~/ud.~Cuidado del cabello >~Acondicionador y mascarilla~https://tienda.mercadona.es/product/44338/mascarilla-argan-oil-deliplus-cabello-seco-danado-tarro~44338~2023-03-12 03:06:26.650694
Mascarilla Liss Frizz Control Deliplus cabello rebelde con vitamina E y queratina~Tarro~400 ml~| 0,50 €/100 ml~2.0~/ud.~Cuidado del cabello >~Acondicionador y mascarilla~https://tienda.mercadona.es/product/44283/mascarilla-liss-frizz-control-deliplus-cabello-rebelde-con-vitamina-queratina-tarro~44283~2023-03-12 03:06:27.185040
Mascarilla Curl Perfect Deliplus cabello rizado apto para método curly~Tarro~400 ml~| 0,688 €/100 ml~2.75~/ud.~Cuidado del cabello >~Acondicionador y mascarilla~https://tienda.mercadona.es/product/22630/mascarilla-curl-perfect-deliplus-cabello-rizado-apto-metodo-curly-tarro~22630~2023-03-12 03:06:27.711994
Mascarilla Repara & Protege Pantene cabello dañado y seco~Tarro~300 ml~| 1,334 €/100 ml~4.0~/ud.~Cuidado del cabello >~Acondicionador y mascarilla~https://tienda.mercadona.es/product/75367/mascarilla-repara-protege-pantene-cabello-danado-seco-tarro~75367~2023-03-12 03:06:28.316070
Mascarilla Color Intense Deliplus cabello teñido o con mechas con aceite de Granada y vitamina E~Tarro~400 ml~| 0,575 €/100 ml~2.3~/ud.~Cuidado del cabello >~Acondicionador y mascarilla~https://tienda.mercadona.es/product/86077/mascarilla-color-intense-deliplus-cabello-tenido-con-mechas-con-aceite-granada-vitamina-tarro~86077~2023-03-12 03:06:28.869563
Mascarilla sin aclarado Repair & Nutrition Deliplus cabello seco y dañado con 8 agentes reparadores~Bote~150 ml~| 2,467 €/100 ml~3.7~/ud.~Cuidado del cabello >~Acondicionador y mascarilla~https://tienda.mercadona.es/product/44216/mascarilla-sin-aclarado-repair-nutrition-deliplus-cabello-seco-danado-con-8-agentes-reparadores-bote~44216~2023-03-12 03:06:29.392201
Mascarilla Natural Deliplus todo tipo de cabello con aceite de abisinia y aceites esenciales de salvia y cedro 97% origen natural~Tarro~400 ml~| 0,75 €/100 ml~3.0~/ud.~Cuidado del cabello >~Acondicionador y mascarilla~https://tienda.mercadona.es/product/23195/mascarilla-natural-deliplus-tipo-cabello-con-aceite-abisinia-aceites-esenciales-salvia-cedro-97-origen-natural-tarro~23195~2023-03-12 03:06:29.919585
Mascarilla Suave & Liso Pantene cabello encrespado~Tarro~300 ml~| 1,334 €/100 ml~4.0~/ud.~Cuidado del cabello >~Acondicionador y mascarilla~https://tienda.mercadona.es/product/78567/mascarilla-suave-liso-pantene-cabello-encrespado-tarro~78567~2023-03-12 03:06:30.458924
Mascarilla sin aclarado Argan Oil Deliplus cabello seco y dañado~Bote~150 ml~| 2,534 €/100 ml~3.8~/ud.~Cuidado del cabello >~Acondicionador y mascarilla~https://tienda.mercadona.es/product/44218/mascarilla-sin-aclarado-argan-oil-deliplus-cabello-seco-danado-bote~44218~2023-03-12 03:06:30.992983
Mascarilla Silver Deliplus cabello blanco y platino con extracto de magnolia, reduce los tonos amarillentos~Bote~200 ml~| 1,975 €/100 ml~3.95~/ud.~Cuidado del cabello >~Acondicionador y mascarilla~https://tienda.mercadona.es/product/44365/mascarilla-silver-deliplus-cabello-blanco-platino-con-extracto-magnolia-reduce-tonos-amarillentos-bote~44365~2023-03-12 03:06:31.624219
Mascarilla Protectora Color Vive Elvive cabello teñido o con mechas~Tarro~300 ml~| 1,334 €/100 ml~4.0~/ud.~Cuidado del cabello >~Acondicionador y mascarilla~https://tienda.mercadona.es/product/75538/mascarilla-protectora-color-vive-elvive-cabello-tenido-con-mechas-tarro~75538~2023-03-12 03:06:32.142776
Mascarilla Plex Repair Deliplus cabello muy dañado con aceite de argán, jojoba y karité~Bote~200 ml~| 1,45 €/100 ml~2.9~/ud.~Cuidado del cabello >~Acondicionador y mascarilla~https://tienda.mercadona.es/product/67795/mascarilla-plex-repair-deliplus-cabello-muy-danado-con-aceite-argan-jojoba-karite-bote~67795~2023-03-12 03:06:32.674678
Mascarilla sin aclarado Curl Perfect Deliplus cabello rizado~Not available~Not available~Not available~4.0~/ud.~Not Available~Compartir~https://tienda.mercadona.es/product/22631/mascarilla-sin-aclarado-curl-perfect-deliplus-cabello-rizado-apto-metodo-curly-bote~22631~2023-03-12 03:06:33.166271
Mascarilla Hidra Hialurónico Elvive cabello deshidratado~Not available~Not available~Not available~4.0~/ud.~Not Available~Compartir~https://tienda.mercadona.es/product/67899/mascarilla-hidra-hialuronico-elvive-cabello-deshidratado-tarro~67899~2023-03-12 03:06:33.644786
Mascarilla Ultra Platinum Deliplus cabello gris, rubio y decolorado~Not available~Not available~Not available~3.95~/ud.~Not Available~Compartir~https://tienda.mercadona.es/product/67701/mascarilla-ultra-platinum-deliplus-cabello-gris-rubio-decolorado-con-carbon-activo-bambu-reduce-tonos-amarillentos-bote~67701~2023-03-12 03:06:34.134416
Ampollas tratamiento intensivo Repara & Protege Pantene cabello dañado~Not available~Not available~Not available~5.0~/ud.~Not Available~Compartir~https://tienda.mercadona.es/product/35614/ampollas-tratamiento-intensivo-repara-protege-pantene-cabello-danado-caja~35614~2023-03-12 03:06:34.545410
Hidrocrema Liss Frizz Control Deliplus cabello rebelde~Not available~Not available~Not available~2.75~/ud.~Not Available~Compartir~https://tienda.mercadona.es/product/44284/hidrocrema-liss-frizz-control-deliplus-cabello-rebelde-con-vitamina-queratina-proteccion-termica-230oc-bote~44284~2023-03-12 03:06:34.980732
Sérum Natural Deliplus todo tipo de cabello~Not available~Not available~Not available~4.15~/ud.~Not Available~Compartir~https://tienda.mercadona.es/product/44329/serum-natural-deliplus-tipo-cabello-con-aceite-abisinia-aceites-esenciales-savia-cedro-97-origen-natural-bote~44329~2023-03-12 03:06:35.383369
Sérum Anticaída Deliplus~Not available~Not available~Not available~6.95~/ud.~Not Available~Compartir~https://tienda.mercadona.es/product/44356/serum-anticaida-deliplus-con-ginseng-cafeina-bote~44356~2023-03-12 03:06:35.778243
Sérum Be Radiant 10 en 1 Deliplus cabello apagado~Not available~Not available~Not available~4.05~/ud.~Not Available~Compartir~https://tienda.mercadona.es/product/44289/serum-be-radiant-10-1-deliplus-cabello-apagado-con-aceite-camelia-bote~44289~2023-03-12 03:06:36.178128
Sérum Plex Repair Deliplus cabello muy dañado~Not available~Not available~Not available~4.0~/ud.~Not Available~Compartir~https://tienda.mercadona.es/product/67796/serum-plex-repair-deliplus-cabello-muy-danado-con-aceite-argan-jojoba-karite-bote~67796~2023-03-12 03:06:36.577816
Sérum Liss Frizz Control Deliplus iluminador~Not available~Not available~Not available~4.35~/ud.~Not Available~Compartir~https://tienda.mercadona.es/product/13473/serum-liss-frizz-control-deliplus-iluminador-con-proteccion-termica-bote~13473~2023-03-12 03:06:36.978270
Sérum oil Curl Perfect Deliplus cabello rizado~Not available~Not available~Not available~4.0~/ud.~Not Available~Compartir~https://tienda.mercadona.es/product/22632/serum-oil-curl-perfect-deliplus-cabello-rizado-apto-metodo-curly-bote~22632~2023-03-12 03:06:37.377557
Sérum rellenador Hidra Hialurónico 2% Elvive cabello deshidratado~Not available~Not available~Not available~6.0~/ud.~Not Available~Compartir~https://tienda.mercadona.es/product/67900/serum-rellenador-hidra-hialuronico-2-elvive-cabello-deshidratado-bote~67900~2023-03-12 03:06:37.776711
Champú protección y brillo Deliplus todo tipo de cabello con extracto de frutas naturales~Botella~1 L~| 0,175 €/100 ml~1.75~/ud.~Cuidado del cabello >~Champú~https://tienda.mercadona.es/product/35419/champu-proteccion-brillo-deliplus-tipo-cabello-con-extracto-frutas-naturales-botella~35419~2023-03-12 03:27:27.004619
Champú Repair & Nutrition Deliplus cabello seco y dañado con 8 agentes reparadores~Bote~400 ml~| 0,425 €/100 ml~1.7~/ud.~Cuidado del cabello >~Champú~https://tienda.mercadona.es/product/46568/champu-repair-nutrition-deliplus-cabello-seco-danado-con-8-agentes-reparadores-bote~46568~2023-03-12 03:27:27.579115
Envase rellenable Deliplus tamaño viaje~Bote~100 ml~| 0,90 €/ud~0.9~/ud.~Cuidado del cabello >~Champú~https://tienda.mercadona.es/product/45297/envase-rellenable-deliplus-tamano-viaje-bote~45297~2023-03-12 03:27:28.127471
Champú Argan Oil Deliplus cabello seco y dañado~Bote~400 ml~| 0,488 €/100 ml~1.95~/ud.~Cuidado del cabello >~Champú~https://tienda.mercadona.es/product/44337/champu-argan-oil-deliplus-cabello-seco-danado-bote~44337~2023-03-12 03:27:28.655359
Champú Repara & Protege Pantene cabello débil y dañado~Bote~300 ml~| 1,184 €/100 ml~3.55~/ud.~Cuidado del cabello >~Champú~https://tienda.mercadona.es/product/35612/champu-repara-protege-pantene-cabello-debil-danado-bote~35612~2023-03-12 03:27:29.190958
Champú Detox Deliplus cabello graso con extracto de pepino~Bote~400 ml~| 0,513 €/100 ml~2.05~/ud.~Cuidado del cabello >~Champú~https://tienda.mercadona.es/product/44296/champu-detox-deliplus-cabello-graso-con-extracto-pepino-bote~44296~2023-03-12 03:27:29.727981
Champú Hydra Deliplus cabello normal con extracto de flor de cactus~Bote~400 ml~| 0,425 €/100 ml~1.7~/ud.~Cuidado del cabello >~Champú~https://tienda.mercadona.es/product/44322/champu-hydra-deliplus-cabello-normal-con-extracto-flor-cactus-bote~44322~2023-03-12 03:27:30.248596
Champú Color Intense Deliplus cabello teñido o con mechas con aceite de Granada y vitamina E~Bote~400 ml~| 0,45 €/100 ml~1.8~/ud.~Cuidado del cabello >~Champú~https://tienda.mercadona.es/product/86076/champu-color-intense-deliplus-cabello-tenido-con-mechas-con-aceite-granada-vitamina-bote~86076~2023-03-12 03:27:30.775772
Champú Liss Frizz Control Deliplus cabello rebelde con vitamina E y queratina~Bote~400 ml~| 0,45 €/100 ml~1.8~/ud.~Cuidado del cabello >~Champú~https://tienda.mercadona.es/product/44281/champu-liss-frizz-control-deliplus-cabello-rebelde-con-vitamina-queratina-bote~44281~2023-03-12 03:27:31.308782
Champú Natural Deliplus todo tipo de cabello con extracto de tilo y aceites esenciales de salvia y cedro, 97% origen natural~Bote~400 ml~| 0,513 €/100 ml~2.05~/ud.~Cuidado del cabello >~Champú~https://tienda.mercadona.es/product/44335/champu-natural-deliplus-tipo-cabello-con-extracto-tilo-aceites-esenciales-salvia-cedro-97-origen-natural-bote~44335~2023-03-12 03:27:31.831931
Champú Color Vive Elvive cabello teñido o con mechas~Bote~285 ml~| 1,053 €/100 ml~3.0~/ud.~Cuidado del cabello >~Champú~https://tienda.mercadona.es/product/45950/champu-color-vive-elvive-cabello-tenido-con-mechas-bote~45950~2023-03-12 03:27:32.353982
Champú Suave & Liso Pantene cabello encrespado o seco~Bote~300 ml~| 1,184 €/100 ml~3.55~/ud.~Cuidado del cabello >~Champú~https://tienda.mercadona.es/product/35616/champu-suave-liso-pantene-cabello-encrespado-seco-bote~35616~2023-03-12 03:27:32.820551
Champú Purificante Pantene cabello graso~Bote~270 ml~| 1,112 €/100 ml~3.0~/ud.~Cuidado del cabello >~Champú~https://tienda.mercadona.es/product/45837/champu-purificante-pantene-cabello-graso-bote~45837~2023-03-12 03:27:33.337398
Champú Fortificante Deliplus cabello fuerte y resistente con extracto de cebolla, jengibre y proteínas de soja~Bote~400 ml~| 0,625 €/100 ml~2.5~/ud.~Cuidado del cabello >~Champú~https://tienda.mercadona.es/product/35352/champu-fortificante-deliplus-cabello-fuerte-resistente-con-extracto-cebolla-jengibre-proteinas-soja-bote~35352~2023-03-12 03:27:33.912863
Champú Silver Deliplus cabello blanco y platino, reduce los tonos amarillentos~Bote~300 ml~| 0,934 €/100 ml~2.8~/ud.~Cuidado del cabello >~Champú~https://tienda.mercadona.es/product/44290/champu-silver-deliplus-cabello-blanco-platino-reduce-tonos-amarillentos-bote~44290~2023-03-12 03:27:34.428799
Champú Curl Perfect Deliplus cabello rizado apto para método curly~Bote~400 ml~| 0,625 €/100 ml~2.5~/ud.~Cuidado del cabello >~Champú~https://tienda.mercadona.es/product/22629/champu-curl-perfect-deliplus-cabello-rizado-apto-metodo-curly-bote~22629~2023-03-12 03:27:34.952036
Champú seco O'lysee~Bote~200 ml~| 1,00 €/100 ml~2.0~/ud.~Cuidado del cabello >~Champú~https://tienda.mercadona.es/product/44233/champu-seco-olysee-bote~44233~2023-03-12 03:27:35.485355
Champú Dermo Sensitive Deliplus cuero cabelludo sensible con extracto de almendra dulce y aceite de algodón~Bote~400 ml~| 0,65 €/100 ml~2.6~/ud.~Cuidado del cabello >~Champú~https://tienda.mercadona.es/product/44330/champu-dermo-sensitive-deliplus-cuero-cabelludo-sensible-con-extracto-almendra-dulce-aceite-algodon-bote~44330~2023-03-12 03:27:36.007122
Champú Extra Suave Deliplus todo tipo de cabello con extracto de miel~Botella~750 ml~| 0,26 €/100 ml~1.95~/ud.~Cuidado del cabello >~Champú~https://tienda.mercadona.es/product/44280/champu-extra-suave-deliplus-tipo-cabello-con-extracto-miel-botella~44280~2023-03-12 03:27:36.628299
Champú Volumen Deliplus cabello fino y sin volumen con extracto de germen de trigo~Bote~400 ml~| 0,65 €/100 ml~2.6~/ud.~Cuidado del cabello >~Champú~https://tienda.mercadona.es/product/35470/champu-volumen-deliplus-cabello-fino-sin-volumen-con-extracto-germen-trigo-bote~35470~2023-03-12 03:27:37.154306
Champú Anticaída Men Deliplus con ginseng y ácido salicílico~Bote~400 ml~| 0,488 €/100 ml~1.95~/ud.~Cuidado del cabello >~Champú~https://tienda.mercadona.es/product/44355/champu-anticaida-men-deliplus-con-ginseng-acido-salicilico-bote~44355~2023-03-12 03:27:37.694060
Champú Zero Deliplus todo tipo de cabello~Bote~400 ml~| 0,488 €/100 ml~1.95~/ud.~Cuidado del cabello >~Champú~https://tienda.mercadona.es/product/44286/champu-zero-deliplus-tipo-cabello-bote~44286~2023-03-12 03:27:38.227031
Champú Plex Repair Deliplus cabello muy dañado con argán y jojoba~Bote~400 ml~| 0,688 €/100 ml~2.75~/ud.~Cuidado del cabello >~Champú~https://tienda.mercadona.es/product/67794/champu-plex-repair-deliplus-cabello-muy-danado-con-argan-jojoba-bote~67794~2023-03-12 03:27:38.762291
Champú Hidra Hialurónico Elvive cabello deshidratado~Bote~285 ml~| 1,053 €/100 ml~3.0~/ud.~Cuidado del cabello >~Champú~https://tienda.mercadona.es/product/67898/champu-hidra-hialuronico-elvive-cabello-deshidratado-bote~67898~2023-03-12 03:27:39.299026
Champú anticaspa Citrus Fresh H&S cabello graso~Bote~360 ml~| 1,181 €/100 ml~4.25~/ud.~Cuidado del cabello >~Champú~https://tienda.mercadona.es/product/35309/champu-anticaspa-citrus-fresh-hs-cabello-graso-bote~35309~2023-03-12 03:27:39.847201
Champú anticaspa Menthol Fresh H&S~Bote~360 ml~| 1,181 €/100 ml~4.25~/ud.~Cuidado del cabello >~Champú~https://tienda.mercadona.es/product/35312/champu-anticaspa-menthol-fresh-hs-bote~35312~2023-03-12 03:27:40.423877
Champú anticaspa Classic 2 en 1 H&S~Bote~360 ml~| 1,181 €/100 ml~4.25~/ud.~Cuidado del cabello >~Champú~https://tienda.mercadona.es/product/35311/champu-anticaspa-classic-2-1-hs-bote~35311~2023-03-12 03:27:40.962538
Champú anticaspa Classic H&S~Bote~360 ml~| 1,181 €/100 ml~4.25~/ud.~Cuidado del cabello >~Champú~https://tienda.mercadona.es/product/35310/champu-anticaspa-classic-hs-bote~35310~2023-03-12 03:27:41.513092
Champú anticaspa Citric Ultrex cabello graso~Bote~360 ml~| 0,667 €/100 ml~2.4~/ud.~Cuidado del cabello >~Champú~https://tienda.mercadona.es/product/35397/champu-anticaspa-citric-ultrex-cabello-graso-bote~35397~2023-03-12 03:27:42.072902
Champú anticaspa Menthol Ultrex todo tipo de cabello~Bote~360 ml~| 0,667 €/100 ml~2.4~/ud.~Cuidado del cabello >~Champú~https://tienda.mercadona.es/product/35398/champu-anticaspa-menthol-ultrex-tipo-cabello-bote~35398~2023-03-12 03:27:42.614010
Champú y acondicionador anticaspa Classic 2 en 1 Ultrex todo tipo de cabello~Bote~360 ml~| 0,667 €/100 ml~2.4~/ud.~Cuidado del cabello >~Champú~https://tienda.mercadona.es/product/35399/champu-acondicionador-anticaspa-classic-2-1-ultrex-tipo-cabello-bote~35399~2023-03-12 03:27:43.162587
Champú infantil Kids 3 en 1 Deliplus, champú, acondicionador y gel~Bote~300 ml~| 0,567 €/100 ml~1.7~/ud.~Cuidado del cabello >~Champú~https://tienda.mercadona.es/product/44320/champu-infantil-kids-3-1-deliplus-champu-acondicionador-gel-bote~44320~2023-03-12 03:27:43.701019
Loción infantil elimina liendres y piojos Deliplus contiene gorro y lendrera~Bote~150 ml~| 3,00 €/100 ml~4.5~/ud.~Cuidado del cabello >~Champú~https://tienda.mercadona.es/product/67802/locion-infantil-elimina-liendres-piojos-deliplus-contiene-gorro-lendrera-bote~67802~2023-03-12 03:27:44.259839
Champú Protect Triple Action Deliplus preventivo y protector con árbol de té, vinagre y quassia amara~Bote~300 ml~| 0,967 €/100 ml~2.9~/ud.~Cuidado del cabello >~Champú~https://tienda.mercadona.es/product/67800/champu-protect-triple-action-deliplus-preventivo-protector-con-arbol-te-vinagre-quassia-amara-bote~67800~2023-03-12 03:27:44.811971
Instant conditioner Protect Triple Action Deliplus preventivo y sin aclarado con árbol de té, vinagre y quassia amara~Bote~250 ml~| 0,80 €/100 ml~2.0~/ud.~Cuidado del cabello >~Champú~https://tienda.mercadona.es/product/67801/instant-conditioner-protect-triple-action-deliplus-preventivo-sin-aclarado-con-arbol-te-vinagre-quassia-amara-bote~67801~2023-03-12 03:27:45.363703
Coloración permanente 1 negro Deliplus Colorcor~Caja~1 ud.~| 3,90 €/ud~3.9~/ud.~Cuidado del cabello >~Coloración cabello~https://tienda.mercadona.es/product/73182/coloracion-permanente-1-negro-deliplus-colorcor-caja~73182~2023-03-12 03:40:35.452405
Coloración permanente 2.10 negro azulado Deliplus Colorcor~Caja~1 ud.~| 3,90 €/ud~3.9~/ud.~Cuidado del cabello >~Coloración cabello~https://tienda.mercadona.es/product/73149/coloracion-permanente-210-negro-azulado-deliplus-colorcor-caja~73149~2023-03-12 03:40:36.306780
Coloración permanente Garnier 1.0 ultra negro Color Sensation~Caja~1 ud.~| 3,50 €/ud~3.5~/ud.~Cuidado del cabello >~Coloración cabello~https://tienda.mercadona.es/product/77783/coloracion-permanente-garnier-10-ultra-negro-color-sensation-caja~77783~2023-03-12 03:40:37.082274
Coloración permanente L'Oréal 1 negro Excellence Creme~Caja~1 ud.~| 6,75 €/ud~6.75~/ud.~Cuidado del cabello >~Coloración cabello~https://tienda.mercadona.es/product/75300/coloracion-permanente-loreal-1-negro-excellence-creme-caja~75300~2023-03-12 03:40:37.734782
Coloración sin amoníaco L'Oréal 210 negro azulado Casting Crème Gloss~Caja~1 ud.~| 6,00 €/ud~6.0~/ud.~Cuidado del cabello >~Coloración cabello~https://tienda.mercadona.es/product/76637/coloracion-sin-amoniaco-loreal-210-negro-azulado-casting-creme-gloss-caja~76637~2023-03-12 03:40:38.409132
Mascarilla cabello Reviva negro Deliplus Colorcor~Caja~1 ud.~| 3,50 €/100 ml~2.1~/ud.~Cuidado del cabello >~Coloración cabello~https://tienda.mercadona.es/product/73275/mascarilla-cabello-reviva-negro-deliplus-colorcor-caja~73275~2023-03-12 03:40:39.047300
Coloración sin amoníaco L'Oréal 323 negro chocolate Casting Crème Gloss~Caja~1 ud.~| 6,00 €/ud~6.0~/ud.~Cuidado del cabello >~Coloración cabello~https://tienda.mercadona.es/product/75498/coloracion-sin-amoniaco-loreal-323-negro-chocolate-casting-creme-gloss-caja~75498~2023-03-12 03:40:39.666479
Coloración permanente 1 negro Deliplus 0% amoníaco Colorcor~Caja~1 ud.~| 3,90 €/ud~3.9~/ud.~Cuidado del cabello >~Coloración cabello~https://tienda.mercadona.es/product/73252/coloracion-permanente-1-negro-deliplus-0-amoniaco-colorcor-caja~73252~2023-03-12 03:40:40.343178
Coloración permanente 1.88 negro azulado intenso Deliplus 0% amoníaco Colorcor~Caja~1 ud.~| 3,90 €/ud~3.9~/ud.~Cuidado del cabello >~Coloración cabello~https://tienda.mercadona.es/product/73253/coloracion-permanente-188-negro-azulado-intenso-deliplus-0-amoniaco-colorcor-caja~73253~2023-03-12 03:40:41.019492
Coloración permanente 3 castaño oscuro Deliplus Colorcor~Caja~1 ud.~| 3,90 €/ud~3.9~/ud.~Cuidado del cabello >~Coloración cabello~https://tienda.mercadona.es/product/73150/coloracion-permanente-3-castano-oscuro-deliplus-colorcor-caja~73150~2023-03-12 03:40:41.741358
Coloración permanente 4 castaño medio Deliplus Colorcor~Caja~1 ud.~| 3,90 €/ud~3.9~/ud.~Cuidado del cabello >~Coloración cabello~https://tienda.mercadona.es/product/73195/coloracion-permanente-4-castano-medio-deliplus-colorcor-caja~73195~2023-03-12 03:40:42.420870
Coloración permanente 4.15 chocolate helado Deliplus Colorcor~Caja~1 ud.~| 3,90 €/ud~3.9~/ud.~Cuidado del cabello >~Coloración cabello~https://tienda.mercadona.es/product/73153/coloracion-permanente-415-chocolate-helado-deliplus-colorcor-caja~73153~2023-03-12 03:40:43.112204
Coloración permanente 5 castaño claro Deliplus Colorcor~Caja~1 ud.~| 3,90 €/ud~3.9~/ud.~Cuidado del cabello >~Coloración cabello~https://tienda.mercadona.es/product/73196/coloracion-permanente-5-castano-claro-deliplus-colorcor-caja~73196~2023-03-12 03:40:43.780193
Coloración permanente 5.77 castaño claro marrón intenso Deliplus Colorcor~Caja~1 ud.~| 3,90 €/ud~3.9~/ud.~Cuidado del cabello >~Coloración cabello~https://tienda.mercadona.es/product/73159/coloracion-permanente-577-castano-claro-marron-intenso-deliplus-colorcor-caja~73159~2023-03-12 03:40:44.504815
Coloración permanente 5.79 marrón chocolate Deliplus Colorcor~Caja~1 ud.~| 3,90 €/ud~3.9~/ud.~Cuidado del cabello >~Coloración cabello~https://tienda.mercadona.es/product/73160/coloracion-permanente-579-marron-chocolate-deliplus-colorcor-caja~73160~2023-03-12 03:40:45.233815
Coloración permanente 6.15 marrón macadamia Deliplus Colorcor~Caja~1 ud.~| 3,90 €/ud~3.9~/ud.~Cuidado del cabello >~Coloración cabello~https://tienda.mercadona.es/product/73163/coloracion-permanente-615-marron-macadamia-deliplus-colorcor-caja~73163~2023-03-12 03:40:45.903696
Coloración permanente 6.25 marrón avellana Deliplus Colorcor~Caja~1 ud.~| 3,90 €/ud~3.9~/ud.~Cuidado del cabello >~Coloración cabello~https://tienda.mercadona.es/product/73164/coloracion-permanente-625-marron-avellana-deliplus-colorcor-caja~73164~2023-03-12 03:40:46.571873
Coloración permanente 6.35 marrón caramelo Deliplus Colorcor~Caja~1 ud.~| 3,90 €/ud~3.9~/ud.~Cuidado del cabello >~Coloración cabello~https://tienda.mercadona.es/product/73165/coloracion-permanente-635-marron-caramelo-deliplus-colorcor-caja~73165~2023-03-12 03:40:47.252299
Coloración permanente Garnier 5.0 castaño luminoso Color Sensation~Caja~1 ud.~| 3,50 €/ud~3.5~/ud.~Cuidado del cabello >~Coloración cabello~https://tienda.mercadona.es/product/77791/coloracion-permanente-garnier-50-castano-luminoso-color-sensation-caja~77791~2023-03-12 03:40:47.989603
Coloración permanente Garnier 5.35 castaño canela Color Sensatión~Caja~1 ud.~| 3,50 €/ud~3.5~/ud.~Cuidado del cabello >~Coloración cabello~https://tienda.mercadona.es/product/78595/coloracion-permanente-garnier-535-castano-canela-color-sensation-caja~78595~2023-03-12 03:40:48.693485
Coloración permanente L'Oréal 3 castaño oscuro Excellence Creme~Caja~1 ud.~| 6,75 €/ud~6.75~/ud.~Cuidado del cabello >~Coloración cabello~https://tienda.mercadona.es/product/75301/coloracion-permanente-loreal-3-castano-oscuro-excellence-creme-caja~75301~2023-03-12 03:40:49.484815
Coloración permanente L'Oréal 4 castaño Excellence Creme~Caja~1 ud.~| 6,75 €/ud~6.75~/ud.~Cuidado del cabello >~Coloración cabello~https://tienda.mercadona.es/product/75302/coloracion-permanente-loreal-4-castano-excellence-creme-caja~75302~2023-03-12 03:40:50.244145
Coloración permanente L'Oréal 5 castaño claro Excellence Creme~Caja~1 ud.~| 6,75 €/ud~6.75~/ud.~Cuidado del cabello >~Coloración cabello~https://tienda.mercadona.es/product/75303/coloracion-permanente-loreal-5-castano-claro-excellence-creme-caja~75303~2023-03-12 03:40:51.010464
Coloración sin amoníaco L'Oréal 400 castaño Casting Crème Gloss~Caja~1 ud.~| 6,00 €/ud~6.0~/ud.~Cuidado del cabello >~Coloración cabello~https://tienda.mercadona.es/product/79012/coloracion-sin-amoniaco-loreal-400-castano-casting-creme-gloss-caja~79012~2023-03-12 03:40:51.758548
Coloración sin amoníaco L'Oréal 415 castaño helado Casting Crème Gloss~Caja~1 ud.~| 6,00 €/ud~6.0~/ud.~Cuidado del cabello >~Coloración cabello~https://tienda.mercadona.es/product/76639/coloracion-sin-amoniaco-loreal-415-castano-helado-casting-creme-gloss-caja~76639~2023-03-12 03:40:52.505447
Coloración sin amoníaco L'Oréal 503 castaño dorado Casting Crème Gloss~Caja~1 ud.~| 6,00 €/ud~6.0~/ud.~Cuidado del cabello >~Coloración cabello~https://tienda.mercadona.es/product/79260/coloracion-sin-amoniaco-loreal-503-castano-dorado-casting-creme-gloss-caja~79260~2023-03-12 03:40:53.282182
Mascarilla cabello Reviva chocolate Deliplus Colorcor~Caja~1 ud.~| 3,50 €/100 ml~2.1~/ud.~Cuidado del cabello >~Coloración cabello~https://tienda.mercadona.es/product/73277/mascarilla-cabello-reviva-chocolate-deliplus-colorcor-caja~73277~2023-03-12 03:40:53.990383
Coloración permanente 3 castaño oscuro Deliplus 0% amoníaco Colorcor~Caja~1 ud.~| 3,90 €/ud~3.9~/ud.~Cuidado del cabello >~Coloración cabello~https://tienda.mercadona.es/product/73014/coloracion-permanente-3-castano-oscuro-deliplus-0-amoniaco-colorcor-caja~73014~2023-03-12 03:40:54.832572
Coloración permanente 4 castaño Deliplus 0% amoníaco Colorcor~Caja~1 ud.~| 3,90 €/ud~3.9~/ud.~Cuidado del cabello >~Coloración cabello~https://tienda.mercadona.es/product/73255/coloracion-permanente-4-castano-deliplus-0-amoniaco-colorcor-caja~73255~2023-03-12 03:40:55.610717
Coloración permanente 4.15 chocolate helado Deliplus 0% amoníaco Colorcor~Caja~1 ud.~| 3,90 €/ud~3.9~/ud.~Cuidado del cabello >~Coloración cabello~https://tienda.mercadona.es/product/73256/coloracion-permanente-415-chocolate-helado-deliplus-0-amoniaco-colorcor-caja~73256~2023-03-12 03:40:56.370049
Coloración permanente 5 castaño claro Deliplus 0% amoníaco Colorcor~Caja~1 ud.~| 3,90 €/ud~3.9~/ud.~Cuidado del cabello >~Coloración cabello~https://tienda.mercadona.es/product/73257/coloracion-permanente-5-castano-claro-deliplus-0-amoniaco-colorcor-caja~73257~2023-03-12 03:40:57.134688
Coloración permanente 5.1 castaño claro ceniza Deliplus 0% amoníaco Colorcor~Caja~1 ud.~| 3,90 €/ud~3.9~/ud.~Cuidado del cabello >~Coloración cabello~https://tienda.mercadona.es/product/22693/coloracion-permanente-51-castano-claro-ceniza-deliplus-0-amoniaco-colorcor-caja~22693~2023-03-12 03:40:57.830701
Coloración permanente 5.35 chocolate Deliplus 0% amoníaco Colorcor~Caja~1 ud.~| 3,90 €/ud~3.9~/ud.~Cuidado del cabello >~Coloración cabello~https://tienda.mercadona.es/product/73258/coloracion-permanente-535-chocolate-deliplus-0-amoniaco-colorcor-caja~73258~2023-03-12 03:40:58.524971
Coloración permanente 0% amoníaco Deliplus 6.74 marrón cobrizo Colorcor~Caja~1 ud.~| 3,90 €/ud~3.9~/ud.~Cuidado del cabello >~Coloración cabello~https://tienda.mercadona.es/product/73262/coloracion-permanente-0-amoniaco-deliplus-674-marron-cobrizo-colorcor-caja~73262~2023-03-12 03:40:59.274903
Coloración permanente 7.73 marrón dorado Deliplus 0% amoníaco Colorcor~Caja~1 ud.~| 3,90 €/ud~3.9~/ud.~Cuidado del cabello >~Coloración cabello~https://tienda.mercadona.es/product/73267/coloracion-permanente-773-marron-dorado-deliplus-0-amoniaco-colorcor-caja~73267~2023-03-12 03:40:59.983478
Coloración permanente 4.5 caoba oscuro Deliplus Colorcor~Caja~1 ud.~| 3,90 €/ud~3.9~/ud.~Cuidado del cabello >~Coloración cabello~https://tienda.mercadona.es/product/73154/coloracion-permanente-45-caoba-oscuro-deliplus-colorcor-caja~73154~2023-03-12 03:41:00.695084
Coloración permanente 5.5 caoba rojizo Deliplus Colorcor~Caja~1 ud.~| 3,90 €/ud~3.9~/ud.~Cuidado del cabello >~Coloración cabello~https://tienda.mercadona.es/product/73158/coloracion-permanente-55-caoba-rojizo-deliplus-colorcor-caja~73158~2023-03-12 03:41:01.410798
Coloración permanente 6.60 rojo pasión Deliplus Colorcor~Caja~1 ud.~| 3,90 €/ud~3.9~/ud.~Cuidado del cabello >~Coloración cabello~https://tienda.mercadona.es/product/73167/coloracion-permanente-660-rojo-pasion-deliplus-colorcor-caja~73167~2023-03-12 03:41:02.117112
Coloración permanente 7.43 cobre cálido Deliplus Colorcor~Caja~1 ud.~| 3,90 €/ud~3.9~/ud.~Cuidado del cabello >~Coloración cabello~https://tienda.mercadona.es/product/73172/coloracion-permanente-743-cobre-calido-deliplus-colorcor-caja~73172~2023-03-12 03:41:02.819532
Coloración permanente 8.6 rojo intenso Deliplus Colorcor~Caja~1 ud.~| 3,90 €/ud~3.9~/ud.~Cuidado del cabello >~Coloración cabello~https://tienda.mercadona.es/product/73178/coloracion-permanente-86-rojo-intenso-deliplus-colorcor-caja~73178~2023-03-12 03:41:03.602556
Coloración permanente Garnier 3.16 violín intenso Color Sensation~Caja~1 ud.~| 3,50 €/ud~3.5~/ud.~Cuidado del cabello >~Coloración cabello~https://tienda.mercadona.es/product/77787/coloracion-permanente-garnier-316-violin-intenso-color-sensation-caja~77787~2023-03-12 03:41:04.370414
Coloración permanente Garnier 6.60 rojo intenso Color Sensation~Caja~1 ud.~| 3,50 €/ud~3.5~/ud.~Cuidado del cabello >~Coloración cabello~https://tienda.mercadona.es/product/77796/coloracion-permanente-garnier-660-rojo-intenso-color-sensation-caja~77796~2023-03-12 03:41:05.093971
Coloración permanente 5.20 violín Deliplus Colorcor~Caja~1 ud.~| 3,90 €/ud~3.9~/ud.~Cuidado del cabello >~Coloración cabello~https://tienda.mercadona.es/product/73415/coloracion-permanente-520-violin-deliplus-colorcor-caja~73415~2023-03-12 03:41:05.823977
Mascarilla cabello Reviva violín Deliplus Colorcor~Caja~1 ud.~| 3,50 €/100 ml~2.1~/ud.~Cuidado del cabello >~Coloración cabello~https://tienda.mercadona.es/product/73276/mascarilla-cabello-reviva-violin-deliplus-colorcor-caja~73276~2023-03-12 03:41:06.536799
Coloración permanente 5.69 violín Deliplus 0% amoníaco Colorcor~Caja~1 ud.~| 3,90 €/ud~3.9~/ud.~Cuidado del cabello >~Coloración cabello~https://tienda.mercadona.es/product/73259/coloracion-permanente-569-violin-deliplus-0-amoniaco-colorcor-caja~73259~2023-03-12 03:41:07.254767
Coloración permanente 0% amoníaco Deliplus 6.6 rubio oscuro rojizo Colorcor~Caja~1 ud.~| 3,90 €/ud~3.9~/ud.~Cuidado del cabello >~Coloración cabello~https://tienda.mercadona.es/product/73261/coloracion-permanente-0-amoniaco-deliplus-66-rubio-oscuro-rojizo-colorcor-caja~73261~2023-03-12 03:41:08.013269
Coloración permanente 8.66 rojo rubí Deliplus 0% amoníaco Colorcor~Caja~1 ud.~| 3,90 €/ud~3.9~/ud.~Cuidado del cabello >~Coloración cabello~https://tienda.mercadona.es/product/73270/coloracion-permanente-866-rojo-rubi-deliplus-0-amoniaco-colorcor-caja~73270~2023-03-12 03:41:08.790605
Mascarilla cabello Reviva rojo Deliplus Colorcor~Caja~1 ud.~| 3,50 €/100 ml~2.1~/ud.~Cuidado del cabello >~Coloración cabello~https://tienda.mercadona.es/product/73278/mascarilla-cabello-reviva-rojo-deliplus-colorcor-caja~73278~2023-03-12 03:41:09.584617
Coloración permanente 6 rubio oscuro Deliplus Colorcor~Caja~1 ud.~| 3,90 €/ud~3.9~/ud.~Cuidado del cabello >~Coloración cabello~https://tienda.mercadona.es/product/73197/coloracion-permanente-6-rubio-oscuro-deliplus-colorcor-caja~73197~2023-03-12 03:41:10.394897
Coloración permanente 6.1 rubio oscuro ceniza Deliplus Colorcor~Caja~1 ud.~| 3,90 €/ud~3.9~/ud.~Cuidado del cabello >~Coloración cabello~https://tienda.mercadona.es/product/73162/coloracion-permanente-61-rubio-oscuro-ceniza-deliplus-colorcor-caja~73162~2023-03-12 03:41:11.186815
Coloración permanente 6.4 rubio oscuro cobrizo Deliplus Colorcor~Caja~1 ud.~| 3,90 €/ud~3.9~/ud.~Cuidado del cabello >~Coloración cabello~https://tienda.mercadona.es/product/73166/coloracion-permanente-64-rubio-oscuro-cobrizo-deliplus-colorcor-caja~73166~2023-03-12 03:41:11.919931
Coloración permanente 7 rubio medio Deliplus Colorcor~Caja~1 ud.~| 3,90 €/ud~3.9~/ud.~Cuidado del cabello >~Coloración cabello~https://tienda.mercadona.es/product/73168/coloracion-permanente-7-rubio-medio-deliplus-colorcor-caja~73168~2023-03-12 03:41:12.696148
Coloración permanente 7.1 rubio medio ceniza Deliplus Colorcor~Caja~1 ud.~| 3,90 €/ud~3.9~/ud.~Cuidado del cabello >~Coloración cabello~https://tienda.mercadona.es/product/73169/coloracion-permanente-71-rubio-medio-ceniza-deliplus-colorcor-caja~73169~2023-03-12 03:41:13.502148
Coloración permanente 7.3 rubio medio dorado Deliplus Colorcor~Caja~1 ud.~| 3,90 €/ud~3.9~/ud.~Cuidado del cabello >~Coloración cabello~https://tienda.mercadona.es/product/73170/coloracion-permanente-73-rubio-medio-dorado-deliplus-colorcor-caja~73170~2023-03-12 03:41:14.262280
Coloración permanente 7.40 rubio cobrizo intenso Deliplus Colorcor~Caja~1 ud.~| 3,90 €/ud~3.9~/ud.~Cuidado del cabello >~Coloración cabello~https://tienda.mercadona.es/product/73171/coloracion-permanente-740-rubio-cobrizo-intenso-deliplus-colorcor-caja~73171~2023-03-12 03:41:14.990409
Coloración permanente 7.77 rubio marrón intenso Deliplus Colorcor~Caja~1 ud.~| 3,90 €/ud~3.9~/ud.~Cuidado del cabello >~Coloración cabello~https://tienda.mercadona.es/product/73173/coloracion-permanente-777-rubio-marron-intenso-deliplus-colorcor-caja~73173~2023-03-12 03:41:15.751518
Coloración permanente 8 rubio claro Deliplus Colorcor~Caja~1 ud.~| 3,90 €/ud~3.9~/ud.~Cuidado del cabello >~Coloración cabello~https://tienda.mercadona.es/product/73174/coloracion-permanente-8-rubio-claro-deliplus-colorcor-caja~73174~2023-03-12 03:41:16.544219
Mascarilla cabello Reviva rubio miel Deliplus Colorcor~Caja~1 ud.~| 3,50 €/100 ml~2.1~/ud.~Cuidado del cabello >~Coloración cabello~https://tienda.mercadona.es/product/73280/mascarilla-cabello-reviva-rubio-miel-deliplus-colorcor-caja~73280~2023-03-12 03:41:17.471350
Coloración permanente 8.1 rubio claro ceniza Deliplus Colorcor~Caja~1 ud.~| 3,90 €/ud~3.9~/ud.~Cuidado del cabello >~Coloración cabello~https://tienda.mercadona.es/product/73175/coloracion-permanente-81-rubio-claro-ceniza-deliplus-colorcor-caja~73175~2023-03-12 03:41:18.227881
Coloración permanente 8.3 rubio claro dorado Deliplus Colorcor~Caja~1 ud.~| 3,90 €/ud~3.9~/ud.~Cuidado del cabello >~Coloración cabello~https://tienda.mercadona.es/product/73176/coloracion-permanente-83-rubio-claro-dorado-deliplus-colorcor-caja~73176~2023-03-12 03:41:18.982076
Mascarilla cabello Reviva cobre Deliplus Colorcor~Caja~1 ud.~| 3,50 €/100 ml~2.1~/ud.~Cuidado del cabello >~Coloración cabello~https://tienda.mercadona.es/product/73279/mascarilla-cabello-reviva-cobre-deliplus-colorcor-caja~73279~2023-03-12 03:41:19.786315
Coloración permanente 8.44 rubio claro cobrizo Deliplus Colorcor~Caja~1 ud.~| 3,90 €/ud~3.9~/ud.~Cuidado del cabello >~Coloración cabello~https://tienda.mercadona.es/product/73177/coloracion-permanente-844-rubio-claro-cobrizo-deliplus-colorcor-caja~73177~2023-03-12 03:41:20.548651
Coloración permanente 9 rubio clarísimo Deliplus Colorcor~Caja~1 ud.~| 3,90 €/ud~3.9~/ud.~Cuidado del cabello >~Coloración cabello~https://tienda.mercadona.es/product/73179/coloracion-permanente-9-rubio-clarisimo-deliplus-colorcor-caja~73179~2023-03-12 03:41:21.334318
Coloración permanente 9.1 rubio clarísimo ceniza Deliplus Colorcor~Caja~1 ud.~| 3,90 €/ud~3.9~/ud.~Cuidado del cabello >~Coloración cabello~https://tienda.mercadona.es/product/73180/coloracion-permanente-91-rubio-clarisimo-ceniza-deliplus-colorcor-caja~73180~2023-03-12 03:41:22.130992
Coloración permanente 9.3 rubio clarísimo dorado Deliplus Colorcor~Caja~1 ud.~| 3,90 €/ud~3.9~/ud.~Cuidado del cabello >~Coloración cabello~https://tienda.mercadona.es/product/73181/coloracion-permanente-93-rubio-clarisimo-dorado-deliplus-colorcor-caja~73181~2023-03-12 03:41:22.874844
Coloración permanente 10 rubio extra claro Deliplus Colorcor~Caja~1 ud.~| 3,90 €/ud~3.9~/ud.~Cuidado del cabello >~Coloración cabello~https://tienda.mercadona.es/product/73184/coloracion-permanente-10-rubio-extra-claro-deliplus-colorcor-caja~73184~2023-03-12 03:41:23.688540
Coloración permanente 100 rubio platino natural Deliplus Colorcor~Caja~1 ud.~| 3,90 €/ud~3.9~/ud.~Cuidado del cabello >~Coloración cabello~https://tienda.mercadona.es/product/73185/coloracion-permanente-100-rubio-platino-natural-deliplus-colorcor-caja~73185~2023-03-12 03:41:24.432562
Coloración permanente 101 rubio platino ceniza Deliplus Colorcor~Caja~1 ud.~| 3,90 €/ud~3.9~/ud.~Cuidado del cabello >~Coloración cabello~https://tienda.mercadona.es/product/73147/coloracion-permanente-101-rubio-platino-ceniza-deliplus-colorcor-caja~73147~2023-03-12 03:41:25.233191
Coloración permanente Garnier 6.0 rubio oscuro Color Sensation~Caja~1 ud.~| 3,50 €/ud~3.5~/ud.~Cuidado del cabello >~Coloración cabello~https://tienda.mercadona.es/product/77794/coloracion-permanente-garnier-60-rubio-oscuro-color-sensation-caja~77794~2023-03-12 03:41:26.052384
Coloración permanente Garnier 6.35 rubio caramelo Color Sensation~Caja~1 ud.~| 3,50 €/ud~3.5~/ud.~Cuidado del cabello >~Coloración cabello~https://tienda.mercadona.es/product/77795/coloracion-permanente-garnier-635-rubio-caramelo-color-sensation-caja~77795~2023-03-12 03:41:26.810600
Coloración permanente Garnier 110 rubio extra claro ceniza Color Sensation~Caja~1 ud.~| 3,50 €/ud~3.5~/ud.~Cuidado del cabello >~Coloración cabello~https://tienda.mercadona.es/product/77799/coloracion-permanente-garnier-110-rubio-extra-claro-ceniza-color-sensation-caja~77799~2023-03-12 03:41:27.554915
Coloración permanente L'Oréal 6 rubio oscuro Excellence Creme~Caja~1 ud.~| 6,75 €/ud~6.75~/ud.~Cuidado del cabello >~Coloración cabello~https://tienda.mercadona.es/product/75304/coloracion-permanente-loreal-6-rubio-oscuro-excellence-creme-caja~75304~2023-03-12 03:41:28.350676
Coloración permanente L'Oréal 6.1 rubio ceniza oscuro Excellence Creme~Caja~1 ud.~| 6,75 €/ud~6.75~/ud.~Cuidado del cabello >~Coloración cabello~https://tienda.mercadona.es/product/75319/coloracion-permanente-loreal-61-rubio-ceniza-oscuro-excellence-creme-caja~75319~2023-03-12 03:41:29.170330
Coloración permanente L'Oréal 7 rubio Excellence Creme~Caja~1 ud.~| 6,75 €/ud~6.75~/ud.~Cuidado del cabello >~Coloración cabello~https://tienda.mercadona.es/product/75305/coloracion-permanente-loreal-7-rubio-excellence-creme-caja~75305~2023-03-12 03:41:30.002059
Coloración permanente L'Oréal 7.1 rubio ceniza Excellence Creme~Caja~1 ud.~| 6,75 €/ud~6.75~/ud.~Cuidado del cabello >~Coloración cabello~https://tienda.mercadona.es/product/75309/coloracion-permanente-loreal-71-rubio-ceniza-excellence-creme-caja~75309~2023-03-12 03:41:30.818208
Coloración permanente L'Oréal 7.3 rubio dorado Excellence Creme~Caja~1 ud.~| 6,75 €/ud~6.75~/ud.~Cuidado del cabello >~Coloración cabello~https://tienda.mercadona.es/product/75310/coloracion-permanente-loreal-73-rubio-dorado-excellence-creme-caja~75310~2023-03-12 03:41:31.581668
Coloración permanente L'Oréal 8 rubio claro Excellence Creme~Caja~1 ud.~| 6,75 €/ud~6.75~/ud.~Cuidado del cabello >~Coloración cabello~https://tienda.mercadona.es/product/75306/coloracion-permanente-loreal-8-rubio-claro-excellence-creme-caja~75306~2023-03-12 03:41:32.415520
Coloración permanente L'Oréal 8.1 rubio claro ceniza Excellence Creme~Caja~1 ud.~| 6,75 €/ud~6.75~/ud.~Cuidado del cabello >~Coloración cabello~https://tienda.mercadona.es/product/75311/coloracion-permanente-loreal-81-rubio-claro-ceniza-excellence-creme-caja~75311~2023-03-12 03:41:33.280441
Coloración permanente L'Oréal 9 rubio claro claro Excellence Creme~Caja~1 ud.~| 6,75 €/ud~6.75~/ud.~Cuidado del cabello >~Coloración cabello~https://tienda.mercadona.es/product/75314/coloracion-permanente-loreal-9-rubio-claro-claro-excellence-creme-caja~75314~2023-03-12 03:41:34.050590
Coloración permanente L'Oréal 9.1 rubio claro claro ceniza Excellence Creme~Caja~1 ud.~| 6,75 €/ud~6.75~/ud.~Cuidado del cabello >~Coloración cabello~https://tienda.mercadona.es/product/75315/coloracion-permanente-loreal-91-rubio-claro-claro-ceniza-excellence-creme-caja~75315~2023-03-12 03:41:34.824685
Coloración permanente L'Oréal 9.3 rubio muy claro dorado Excellence Creme~Caja~1 ud.~| 6,75 €/ud~6.75~/ud.~Cuidado del cabello >~Coloración cabello~https://tienda.mercadona.es/product/75313/coloracion-permanente-loreal-93-rubio-muy-claro-dorado-excellence-creme-caja~75313~2023-03-12 03:41:35.609167
Coloración permanente L'Oréal 10 rubio muy claro Excellence Creme~Caja~1 ud.~| 6,75 €/ud~6.75~/ud.~Cuidado del cabello >~Coloración cabello~https://tienda.mercadona.es/product/75625/coloracion-permanente-loreal-10-rubio-muy-claro-excellence-creme-caja~75625~2023-03-12 03:41:36.390104
Coloración sin amoníaco L'Oréal 600 rubio oscuro Casting Crème Gloss~Caja~1 ud.~| 6,00 €/ud~6.0~/ud.~Cuidado del cabello >~Coloración cabello~https://tienda.mercadona.es/product/76633/coloracion-sin-amoniaco-loreal-600-rubio-oscuro-casting-creme-gloss-caja~76633~2023-03-12 03:41:37.228158
Coloración permanente 6.0 rubio oscuro luminoso Deliplus 0% amoníaco Colorcor~Caja~1 ud.~| 3,90 €/ud~3.9~/ud.~Cuidado del cabello >~Coloración cabello~https://tienda.mercadona.es/product/73260/coloracion-permanente-60-rubio-oscuro-luminoso-deliplus-0-amoniaco-colorcor-caja~73260~2023-03-12 03:41:38.056095
Coloración permanente 6.1 rubio oscuro ceniza Deliplus 0% amoníaco Colorcor~Caja~1 ud.~| 3,90 €/ud~3.9~/ud.~Cuidado del cabello >~Coloración cabello~https://tienda.mercadona.es/product/22694/coloracion-permanente-61-rubio-oscuro-ceniza-deliplus-0-amoniaco-colorcor-caja~22694~2023-03-12 03:41:38.844707
Coloración permanente 7 rubio Deliplus 0% amoníaco Colorcor~Caja~1 ud.~| 3,90 €/ud~3.9~/ud.~Cuidado del cabello >~Coloración cabello~https://tienda.mercadona.es/product/72000/coloracion-permanente-7-rubio-deliplus-0-amoniaco-colorcor-caja~72000~2023-03-12 03:41:39.651239
Coloración permanente 7.0 rubio medio luminoso Deliplus 0% amoníaco Colorcor~Caja~1 ud.~| 3,90 €/ud~3.9~/ud.~Cuidado del cabello >~Coloración cabello~https://tienda.mercadona.es/product/73264/coloracion-permanente-70-rubio-medio-luminoso-deliplus-0-amoniaco-colorcor-caja~73264~2023-03-12 03:41:40.493732
Coloración permanente 7.1 rubio medio ceniza Deliplus 0% amoníaco Colorcor~Caja~1 ud.~| 3,90 €/ud~3.9~/ud.~Cuidado del cabello >~Coloración cabello~https://tienda.mercadona.es/product/22695/coloracion-permanente-71-rubio-medio-ceniza-deliplus-0-amoniaco-colorcor-caja~22695~2023-03-12 03:41:41.276545
Coloración permanente 7.13 rubio beige Deliplus 0% amoníaco Colorcor~Caja~1 ud.~| 3,90 €/ud~3.9~/ud.~Cuidado del cabello >~Coloración cabello~https://tienda.mercadona.es/product/73265/coloracion-permanente-713-rubio-beige-deliplus-0-amoniaco-colorcor-caja~73265~2023-03-12 03:41:42.063160
Coloración permanente 7.44 rubio cobrizo Deliplus 0% amoníaco Colorcor~Caja~1 ud.~| 3,90 €/ud~3.9~/ud.~Cuidado del cabello >~Coloración cabello~https://tienda.mercadona.es/product/73266/coloracion-permanente-744-rubio-cobrizo-deliplus-0-amoniaco-colorcor-caja~73266~2023-03-12 03:41:43.033383
Coloración permanente 8.0 rubio claro luminoso Deliplus 0% amoníaco Colorcor~Caja~1 ud.~| 3,90 €/ud~3.9~/ud.~Cuidado del cabello >~Coloración cabello~https://tienda.mercadona.es/product/73268/coloracion-permanente-80-rubio-claro-luminoso-deliplus-0-amoniaco-colorcor-caja~73268~2023-03-12 03:41:43.854462
Coloración permanente 8.1 rubio claro ceniza Deliplus 0% amoníaco Colorcor~Caja~1 ud.~| 3,90 €/ud~3.9~/ud.~Cuidado del cabello >~Coloración cabello~https://tienda.mercadona.es/product/22696/coloracion-permanente-81-rubio-claro-ceniza-deliplus-0-amoniaco-colorcor-caja~22696~2023-03-12 03:41:44.687396
Coloración permanente 8.31 rubio miel Deliplus 0% amoníaco Colorcor~Caja~1 ud.~| 3,90 €/ud~3.9~/ud.~Cuidado del cabello >~Coloración cabello~https://tienda.mercadona.es/product/73269/coloracion-permanente-831-rubio-miel-deliplus-0-amoniaco-colorcor-caja~73269~2023-03-12 03:41:45.483113
Coloración permanente 8.77 rubio claro marrón intenso Deliplus 0% amoníaco Colorcor~Caja~1 ud.~| 3,90 €/ud~3.9~/ud.~Cuidado del cabello >~Coloración cabello~https://tienda.mercadona.es/product/73271/coloracion-permanente-877-rubio-claro-marron-intenso-deliplus-0-amoniaco-colorcor-caja~73271~2023-03-12 03:41:46.273439
Coloración permanente 9.0 rubio muy claro lumonoso Deliplus 0% amoníaco Colorcor~Caja~1 ud.~| 3,90 €/ud~3.9~/ud.~Cuidado del cabello >~Coloración cabello~https://tienda.mercadona.es/product/73272/coloracion-permanente-90-rubio-muy-claro-lumonoso-deliplus-0-amoniaco-colorcor-caja~73272~2023-03-12 03:41:47.052329
Coloración permanente 9.1 rubio muy claro ceniza Deliplus 0% amoníaco Colorcor~Caja~1 ud.~| 3,90 €/ud~3.9~/ud.~Cuidado del cabello >~Coloración cabello~https://tienda.mercadona.es/product/22697/coloracion-permanente-91-rubio-muy-claro-ceniza-deliplus-0-amoniaco-colorcor-caja~22697~2023-03-12 03:41:47.851916
Coloración permanente 10.0 rubio extra claro Deliplus 0% amoníaco Colorcor~Caja~1 ud.~| 3,90 €/ud~3.9~/ud.~Cuidado del cabello >~Coloración cabello~https://tienda.mercadona.es/product/73273/coloracion-permanente-100-rubio-extra-claro-deliplus-0-amoniaco-colorcor-caja~73273~2023-03-12 03:41:48.651047
Coloración permanente 101 rubio platino ceniza Deliplus 0% amoníaco Colorcor~Caja~1 ud.~| 3,90 €/ud~3.9~/ud.~Cuidado del cabello >~Coloración cabello~https://tienda.mercadona.es/product/73274/coloracion-permanente-101-rubio-platino-ceniza-deliplus-0-amoniaco-colorcor-caja~73274~2023-03-12 03:41:49.466525
Coloración permanente 7 1/2.1 rubio medio ceniza Deliplus Colorcor~Caja~1 ud.~| 3,90 €/ud~3.9~/ud.~Cuidado del cabello >~Coloración cabello~https://tienda.mercadona.es/product/73192/coloracion-permanente-7-121-rubio-medio-ceniza-deliplus-colorcor-caja~73192~2023-03-12 03:41:50.253377
Coloración permanente 8 1/2.1 rubio claro ceniza Deliplus Colorcor~Caja~1 ud.~| 3,90 €/ud~3.9~/ud.~Cuidado del cabello >~Coloración cabello~https://tienda.mercadona.es/product/73194/coloracion-permanente-8-121-rubio-claro-ceniza-deliplus-colorcor-caja~73194~2023-03-12 03:41:51.064034
Coloración permanente 7.31 nude beige Deliplus Colorcor~Caja~1 ud.~| 3,90 €/ud~3.9~/ud.~Cuidado del cabello >~Coloración cabello~https://tienda.mercadona.es/product/73198/coloracion-permanente-731-nude-beige-deliplus-colorcor-caja~73198~2023-03-12 03:41:51.869683
Coloración permanente 8.31 nude arena Deliplus Colorcor~Caja~1 ud.~| 3,90 €/ud~3.9~/ud.~Cuidado del cabello >~Coloración cabello~https://tienda.mercadona.es/product/73199/coloracion-permanente-831-nude-arena-deliplus-colorcor-caja~73199~2023-03-12 03:41:52.673624
Aclarante crema color L'Oréal 01 rubio ultra claro natural Excellence Pure Blonde~Caja~1 ud.~| 6,75 €/ud~6.75~/ud.~Cuidado del cabello >~Coloración cabello~https://tienda.mercadona.es/product/75324/aclarante-crema-color-loreal-01-rubio-ultra-claro-natural-excellence-pure-blonde-caja~75324~2023-03-12 03:41:53.523317
Aclarante crema color L'Oréal 03 rubio ultra claro ceniza Excellence Pure Blonde~Caja~1 ud.~| 6,75 €/ud~6.75~/ud.~Cuidado del cabello >~Coloración cabello~https://tienda.mercadona.es/product/75331/aclarante-crema-color-loreal-03-rubio-ultra-claro-ceniza-excellence-pure-blonde-caja~75331~2023-03-12 03:41:54.346695
Decolorante permanente sin amoníaco Garnier 8 super rubio extremo Olia~Caja~1 ud.~| 6,30 €/ud~6.3~/ud.~Cuidado del cabello >~Coloración cabello~https://tienda.mercadona.es/product/78849/decolorante-permanente-sin-amoniaco-garnier-8-super-rubio-extremo-olia-caja~78849~2023-03-12 03:41:55.139734
Tinte cabello hombre 3 moreno Deliplus 0% amoníaco Colorcor~Caja~1 ud.~| 5,00 €/ud~5.0~/ud.~Cuidado del cabello >~Coloración cabello~https://tienda.mercadona.es/product/73317/tinte-cabello-hombre-3-moreno-deliplus-0-amoniaco-colorcor-caja~73317~2023-03-12 03:41:55.932875
Tinte cabello hombre 4 castaño oscuro Deliplus 0% amoníaco Colorcor~Caja~1 ud.~| 5,00 €/ud~5.0~/ud.~Cuidado del cabello >~Coloración cabello~https://tienda.mercadona.es/product/73318/tinte-cabello-hombre-4-castano-oscuro-deliplus-0-amoniaco-colorcor-caja~73318~2023-03-12 03:41:56.733114
Tinte cabello hombre 5 castaño natural Deliplus 0% amoníaco Colorcor~Caja~1 ud.~| 5,00 €/ud~5.0~/ud.~Cuidado del cabello >~Coloración cabello~https://tienda.mercadona.es/product/73319/tinte-cabello-hombre-5-castano-natural-deliplus-0-amoniaco-colorcor-caja~73319~2023-03-12 03:41:57.714101
Retoca raíces instantáneo L'Oréal rubio claro Magic Retouch~Spray~100 ml~| 6,40 €/100 ml~6.4~/ud.~Cuidado del cabello >~Coloración cabello~https://tienda.mercadona.es/product/13881/retoca-raices-instantaneo-loreal-rubio-claro-magic-retouch-spray~13881~2023-03-12 03:41:58.504640
Retoca raíces instantáneo L'Oréal rubio Magic Retouch~Spray~100 ml~| 6,40 €/100 ml~6.4~/ud.~Cuidado del cabello >~Coloración cabello~https://tienda.mercadona.es/product/13880/retoca-raices-instantaneo-loreal-rubio-magic-retouch-spray~13880~2023-03-12 03:41:59.354191
Retoca raíces instantáneo L'Oréal castaño Magic Retouch~Spray~100 ml~| 6,40 €/100 ml~6.4~/ud.~Cuidado del cabello >~Coloración cabello~https://tienda.mercadona.es/product/13883/retoca-raices-instantaneo-loreal-castano-magic-retouch-spray~13883~2023-03-12 03:42:00.209068
Retoca raíces instantáneo L'Oréal castaño oscuro Magic Retouch~Spray~100 ml~| 6,40 €/100 ml~6.4~/ud.~Cuidado del cabello >~Coloración cabello~https://tienda.mercadona.es/product/13882/retoca-raices-instantaneo-loreal-castano-oscuro-magic-retouch-spray~13882~2023-03-12 03:42:01.070300
Retoca raíces instantáneo L'Oréal castaño caoba~Spray~100 ml~| 6,40 €/100 ml~6.4~/ud.~Cuidado del cabello >~Coloración cabello~https://tienda.mercadona.es/product/13885/retoca-raices-instantaneo-loreal-castano-caoba-spray~13885~2023-03-12 03:42:01.885186
Retoca raíces instantáneo L'Oréal negro Magic Retouch~Spray~100 ml~| 6,40 €/100 ml~6.4~/ud.~Cuidado del cabello >~Coloración cabello~https://tienda.mercadona.es/product/13884/retoca-raices-instantaneo-loreal-negro-magic-retouch-spray~13884~2023-03-12 03:42:02.720816
Quitamanchas de tinte capilar Deliplus con aceite de rosa mosqueta~Bote~100 ml~| 2,50 €/100 ml~2.5~/ud.~Cuidado del cabello >~Coloración cabello~https://tienda.mercadona.es/product/79623/quitamanchas-tinte-capilar-deliplus-con-aceite-rosa-mosqueta-bote~79623~2023-03-12 03:42:03.675507
Laca cabello Nelly~Spray~400 ml~| 0,563 €/100 ml~2.25~/ud.~Cuidado del cabello >~Fijación cabello~https://tienda.mercadona.es/product/75210/laca-cabello-nelly-spray~75210~2023-03-12 03:42:51.345961
Laca cabello Forte Deliplus fijación 3 ProFix~Spray~400 ml~| 0,45 €/100 ml~1.8~/ud.~Cuidado del cabello >~Fijación cabello~https://tienda.mercadona.es/product/23702/laca-cabello-forte-deliplus-fijacion-3-profix-spray~23702~2023-03-12 03:42:52.019479
Espuma cabello Rizos Definidos Pantene fijación 5 con aceite de coco~Spray~250 ml~| 1,70 €/100 ml~4.25~/ud.~Cuidado del cabello >~Fijación cabello~https://tienda.mercadona.es/product/35328/espuma-cabello-rizos-definidos-pantene-fijacion-5-con-aceite-coco-spray~35328~2023-03-12 03:42:52.514452
Laca cabello Normal Deliplus fijación 2 ProFix~Spray~400 ml~| 0,45 €/100 ml~1.8~/ud.~Cuidado del cabello >~Fijación cabello~https://tienda.mercadona.es/product/23701/laca-cabello-normal-deliplus-fijacion-2-profix-spray~23701~2023-03-12 03:42:53.027632
Laca cabello Ultra Fuerte Pantene fijación 5 con aceite de Jojoba~Spray~300 ml~| 1,417 €/100 ml~4.25~/ud.~Cuidado del cabello >~Fijación cabello~https://tienda.mercadona.es/product/35327/laca-cabello-ultra-fuerte-pantene-fijacion-5-con-aceite-jojoba-spray~35327~2023-03-12 03:42:53.581443
Laca cabello Xtra Forte Deliplus fijación 4 ProFix~Spray~400 ml~| 0,45 €/100 ml~1.8~/ud.~Cuidado del cabello >~Fijación cabello~https://tienda.mercadona.es/product/44332/laca-cabello-xtra-forte-deliplus-fijacion-4-profix-spray~44332~2023-03-12 03:42:54.091736
Laca cabello Xtra Forte Deliplus fijación 4 tamaño viaje ProFix~Spray~75 ml~| 1,40 €/100 ml~1.05~/ud.~Cuidado del cabello >~Fijación cabello~https://tienda.mercadona.es/product/44331/laca-cabello-xtra-forte-deliplus-fijacion-4-tamano-viaje-profix-spray~44331~2023-03-12 03:42:54.559052
Espuma cabello Xtra Forte Deliplus fijación 4 ProFix~Bote~300 ml~| 0,584 €/100 ml~1.75~/ud.~Cuidado del cabello >~Fijación cabello~https://tienda.mercadona.es/product/44273/espuma-cabello-xtra-forte-deliplus-fijacion-4-profix-bote~44273~2023-03-12 03:42:55.028950
Espuma cabello Xtra Forte Deliplus fijación 4 tamaño viaje ProFix~Bote~100 ml~| 1,50 €/100 ml~1.5~/ud.~Cuidado del cabello >~Fijación cabello~https://tienda.mercadona.es/product/44274/espuma-cabello-xtra-forte-deliplus-fijacion-4-tamano-viaje-profix-bote~44274~2023-03-12 03:42:55.543827
Espuma cabello Rizos Descarados Giorgi fijación 4~Spray~250 ml~| 1,12 €/100 ml~2.8~/ud.~Cuidado del cabello >~Fijación cabello~https://tienda.mercadona.es/product/23764/espuma-cabello-rizos-descarados-giorgi-fijacion-4-spray~23764~2023-03-12 03:42:56.031509
Espuma cabello Ondas Flexibles Deliplus fijación fuerte Stylius~Spray~300 ml~| 0,584 €/100 ml~1.75~/ud.~Cuidado del cabello >~Fijación cabello~https://tienda.mercadona.es/product/44032/espuma-cabello-ondas-flexibles-deliplus-fijacion-fuerte-stylius-spray~44032~2023-03-12 03:42:56.520894
Espuma cabello Ondas Marcadas Deliplus fijación 3 ProFix~Bote~300 ml~| 0,584 €/100 ml~1.75~/ud.~Cuidado del cabello >~Fijación cabello~https://tienda.mercadona.es/product/44318/espuma-cabello-ondas-marcadas-deliplus-fijacion-3-profix-bote~44318~2023-03-12 03:42:57.013041
Protector térmico cabello Termo Protect Deliplus fijación 1 con pistola ProFix~Spray~200 ml~| 1,50 €/100 ml~3.0~/ud.~Cuidado del cabello >~Fijación cabello~https://tienda.mercadona.es/product/44317/protector-termico-cabello-termo-protect-deliplus-fijacion-1-con-pistola-profix-spray~44317~2023-03-12 03:42:57.528973
Agua de peinado cabello Aqua Styling Deliplus fijación 1 ProFix~Spray~200 ml~| 1,05 €/100 ml~2.1~/ud.~Cuidado del cabello >~Fijación cabello~https://tienda.mercadona.es/product/44313/agua-peinado-cabello-aqua-styling-deliplus-fijacion-1-profix-spray~44313~2023-03-12 03:42:58.050190
Mousse fijador cabello Deliplus fijación 2 ProFix~Bote~200 ml~| 1,35 €/100 ml~2.7~/ud.~Cuidado del cabello >~Fijación cabello~https://tienda.mercadona.es/product/44342/mousse-fijador-cabello-deliplus-fijacion-2-profix-bote~44342~2023-03-12 03:42:58.540303
Gel activador de rizos cabello Curl Perfect Deliplus fix 3 apto para método curly~Bote~200 ml~| 1,475 €/100 ml~2.95~/ud.~Cuidado del cabello >~Fijación cabello~https://tienda.mercadona.es/product/23019/gel-activador-rizos-cabello-curl-perfect-deliplus-fix-3-apto-metodo-curly-bote~23019~2023-03-12 03:42:59.017297
Espuma cabello Max Volum Deliplus fijación 3 ProFix~Bote~300 ml~| 0,584 €/100 ml~1.75~/ud.~Cuidado del cabello >~Fijación cabello~https://tienda.mercadona.es/product/44341/espuma-cabello-max-volum-deliplus-fijacion-3-profix-bote~44341~2023-03-12 03:42:59.490185
Laca cabello Elnett fijación fuerte L'Oréal~Spray~400 ml~| 1,375 €/100 ml~5.5~/ud.~Cuidado del cabello >~Fijación cabello~https://tienda.mercadona.es/product/75230/laca-cabello-elnett-fijacion-fuerte-loreal-spray~75230~2023-03-12 03:42:59.948360
Spray cabello Ondas Surfing Deliplus fijación 2 ProFix~Spray~200 ml~| 1,20 €/100 ml~2.4~/ud.~Cuidado del cabello >~Fijación cabello~https://tienda.mercadona.es/product/46897/spray-cabello-ondas-surfing-deliplus-fijacion-2-profix-spray~46897~2023-03-12 03:43:00.425692
Gel fijador cabello Xtra Forte Deliplus fijación 4 ProFix~Bote~250 ml~| 0,64 €/100 ml~1.6~/ud.~Cuidado del cabello >~Fijación cabello~https://tienda.mercadona.es/product/44276/gel-fijador-cabello-xtra-forte-deliplus-fijacion-4-profix-bote~44276~2023-03-12 03:43:00.940042
Gel fijador cabello Xtra Forte Deliplus fijación 4 tamaño viaje ProFix~Bote~100 ml~| 1,50 €/100 ml~1.5~/ud.~Cuidado del cabello >~Fijación cabello~https://tienda.mercadona.es/product/44277/gel-fijador-cabello-xtra-forte-deliplus-fijacion-4-tamano-viaje-profix-bote~44277~2023-03-12 03:43:01.593193
Gel fijador cabello Forte Deliplus fijación 3 ProFix~Bote~400 ml~| 0,40 €/100 ml~1.6~/ud.~Cuidado del cabello >~Fijación cabello~https://tienda.mercadona.es/product/44275/gel-fijador-cabello-forte-deliplus-fijacion-3-profix-bote~44275~2023-03-12 03:43:02.083029
Gel fijador cabello X-trem Deliplus fijación 6 ProFix~Bote~250 ml~| 0,64 €/100 ml~1.6~/ud.~Cuidado del cabello >~Fijación cabello~https://tienda.mercadona.es/product/44316/gel-fijador-cabello-x-trem-deliplus-fijacion-6-profix-bote~44316~2023-03-12 03:43:02.569803
Gel fijador cabello Aqua Efect Deliplus fijación 2 ProFix~Bote~250 ml~| 0,76 €/100 ml~1.9~/ud.~Cuidado del cabello >~Fijación cabello~https://tienda.mercadona.es/product/44315/gel-fijador-cabello-aqua-efect-deliplus-fijacion-2-profix-bote~44315~2023-03-12 03:43:03.058607
Gel fijador cabello Wet Shine Fructis fuerte 02~Bote~250 ml~| 1,10 €/100 ml~2.75~/ud.~Cuidado del cabello >~Fijación cabello~https://tienda.mercadona.es/product/45662/gel-fijador-cabello-wet-shine-fructis-fuerte-02-bote~45662~2023-03-12 03:43:03.541677
Gel fijador cabello extra fuerte Giorgi fijación 3~Bote~170 ml~| 1,648 €/100 ml~2.8~/ud.~Cuidado del cabello >~Fijación cabello~https://tienda.mercadona.es/product/23762/gel-fijador-cabello-extra-fuerte-giorgi-fijacion-3-bote~23762~2023-03-12 03:43:04.039211
Gel fijador cabello control total Giorgi fijación 5~Bote~170 ml~| 1,648 €/100 ml~2.8~/ud.~Cuidado del cabello >~Fijación cabello~https://tienda.mercadona.es/product/23763/gel-fijador-cabello-control-total-giorgi-fijacion-5-bote~23763~2023-03-12 03:43:04.551202
Cera cabello Xtra Mat Deliplus fijación 5 ProFix~Bote~100 ml~| 2,80 €/100 ml~2.8~/ud.~Cuidado del cabello >~Fijación cabello~https://tienda.mercadona.es/product/44272/cera-cabello-xtra-mat-deliplus-fijacion-5-profix-bote~44272~2023-03-12 03:43:05.049121
Gel fijador cabello Ondas Curly Deliplus fijación 3 ProFix~Bote~250 ml~| 0,76 €/100 ml~1.9~/ud.~Cuidado del cabello >~Fijación cabello~https://tienda.mercadona.es/product/60045/gel-fijador-cabello-ondas-curly-deliplus-fijacion-3-profix-bote~60045~2023-03-12 03:43:05.557108
Gel de afeitar piel sensible Deliplus~Bote~200 ml~| 0,85 €/100 ml~1.7~/ud.~Cuidado facial y corporal >~Afeitado y cuidado para hombre~https://tienda.mercadona.es/product/23013/gel-afeitar-piel-sensible-deliplus-bote~23013~2023-03-12 03:49:34.014808
Gel de afeitar piel sensible Deliplus~Bote~75 ml~| 1,80 €/100 ml~1.35~/ud.~Cuidado facial y corporal >~Afeitado y cuidado para hombre~https://tienda.mercadona.es/product/23277/gel-afeitar-piel-sensible-deliplus-bote~23277~2023-03-12 03:49:34.617765
Gel de afeitar piel sensible Gillette con aloe~Bote~200 ml~| 1,35 €/100 ml~2.7~/ud.~Cuidado facial y corporal >~Afeitado y cuidado para hombre~https://tienda.mercadona.es/product/35611/gel-afeitar-piel-sensible-gillette-con-aloe-bote~35611~2023-03-12 03:49:35.092445
Espuma de afeitar piel sensible Gillette con aloe~Bote~300 ml~| 0,784 €/100 ml~2.35~/ud.~Cuidado facial y corporal >~Afeitado y cuidado para hombre~https://tienda.mercadona.es/product/73510/espuma-afeitar-piel-sensible-gillette-con-aloe-bote~73510~2023-03-12 03:49:35.658477
Crema de afeitar piel sensible Lea~150 ml~| 1,167 €/100 ml~Not available~1.75~/ud.~Cuidado facial y corporal >~Afeitado y cuidado para hombre~https://tienda.mercadona.es/product/73400/crema-afeitar-piel-sensible-lea~73400~2023-03-12 03:49:36.214096
After shave bálsamo sensitive Nivea Men 0% alcohol anti-irritación~Frasco~100 ml~| 5,95 €/100 ml~5.95~/ud.~Cuidado facial y corporal >~Afeitado y cuidado para hombre~https://tienda.mercadona.es/product/73850/after-shave-balsamo-sensitive-nivea-men-0-alcohol-anti-irritacion-frasco~73850~2023-03-12 03:49:36.805821
After shave bálsamo piel sensible Deliplus 0% alcohol ni perfume~Bote~100 ml~| 1,95 €/100 ml~1.95~/ud.~Cuidado facial y corporal >~Afeitado y cuidado para hombre~https://tienda.mercadona.es/product/45421/after-shave-balsamo-piel-sensible-deliplus-0-alcohol-perfume-bote~45421~2023-03-12 03:49:37.381590
After shave gel piel normal Deliplus de aloe vera~Bote~300 ml~| 1,134 €/100 ml~3.4~/ud.~Cuidado facial y corporal >~Afeitado y cuidado para hombre~https://tienda.mercadona.es/product/45420/after-shave-gel-piel-normal-deliplus-aloe-vera-bote~45420~2023-03-12 03:49:38.026122
After shave bálsamo hidratante Nivea Men con aloe vera~Frasco~100 ml~| 5,40 €/100 ml~5.4~/ud.~Cuidado facial y corporal >~Afeitado y cuidado para hombre~https://tienda.mercadona.es/product/73802/after-shave-balsamo-hidratante-nivea-men-con-aloe-vera-frasco~73802~2023-03-12 03:49:38.593022
After shave loción piel normal Deliplus extracto de algas marinas~Bote~320 ml~| 0,875 €/100 ml~2.8~/ud.~Cuidado facial y corporal >~Afeitado y cuidado para hombre~https://tienda.mercadona.es/product/45549/after-shave-locion-piel-normal-deliplus-extracto-algas-marinas-bote~45549~2023-03-12 03:49:39.172348
Lote corporal Nivea Men contiene crema 150 ml, bálsamo sensitive 100 ml, desodorante roll-on 50 ml y neceser~1 ud.~| 10,00 €/ud~Not available~10.0~/ud.~Cuidado facial y corporal >~Afeitado y cuidado para hombre~https://tienda.mercadona.es/product/44924/lote-corporal-nivea-men-contiene-crema-150-ml-balsamo-sensitive-100-ml-desodorante-roll-on-50-ml-neceser~44924~2023-03-12 03:49:39.687920
Lote corporal hombre Axe Dark temptation contiene desodorante body spray 150 ml, gel de ducha 250 ml, after shave 100 ml, mini desodorante body spray 35 ml y neceser~1 ud.~| 11,00 €/ud~Not available~11.0~/ud.~Cuidado facial y corporal >~Afeitado y cuidado para hombre~https://tienda.mercadona.es/product/60836/lote-corporal-hombre-axe-dark-temptation-contiene-desodorante-body-spray-150-ml-gel-ducha-250-ml-after-shave-100-ml-mini-desodorante-body-spray-35-ml-neceser~60836~2023-03-12 03:49:40.177943
Maquinilla de afeitar desechable Fix 2 Deliplus 2 hojas~Paquete~10 ud.~| 0,10 €/ud~1.0~/ud.~Cuidado facial y corporal >~Afeitado y cuidado para hombre~https://tienda.mercadona.es/product/73443/maquinilla-afeitar-desechable-fix-2-deliplus-2-hojas-paquete~73443~2023-03-12 03:49:40.700926
Maquinilla de afeitar desechable Blue II plus Gillette 2 hojas~Paquete~6 ud.~| 0,459 €/ud~2.75~/ud.~Cuidado facial y corporal >~Afeitado y cuidado para hombre~https://tienda.mercadona.es/product/73006/maquinilla-afeitar-desechable-blue-ii-plus-gillette-2-hojas-paquete~73006~2023-03-12 03:49:41.224444
Maquinilla de afeitar desechable Active 3 Deliplus 3 hojas~Caja~4 ud.~| 0,488 €/ud~1.95~/ud.~Cuidado facial y corporal >~Afeitado y cuidado para hombre~https://tienda.mercadona.es/product/73445/maquinilla-afeitar-desechable-active-3-deliplus-3-hojas-caja~73445~2023-03-12 03:49:41.750669
Maquinilla de afeitar desechable Sensor 3 Gillette 3 hojas~Paquete~5 ud.~| 1,00 €/ud~5.0~/ud.~Cuidado facial y corporal >~Afeitado y cuidado para hombre~https://tienda.mercadona.es/product/73002/maquinilla-afeitar-desechable-sensor-3-gillette-3-hojas-paquete~73002~2023-03-12 03:49:42.325314
Maquinilla de afeitar desechable Blue II plus Gillette 2 hojas~Paquete~20 ud.~| 0,40 €/ud~8.0~/ud.~Cuidado facial y corporal >~Afeitado y cuidado para hombre~https://tienda.mercadona.es/product/73045/maquinilla-afeitar-desechable-blue-ii-plus-gillette-2-hojas-paquete~73045~2023-03-12 03:49:42.908914
Maquinilla de afeitar recargable Precision System 3 Deliplus 3 hojas~Caja~1 ud.~| 3,40 €/ud~3.4~/ud.~Cuidado facial y corporal >~Afeitado y cuidado para hombre~https://tienda.mercadona.es/product/22083/maquinilla-afeitar-recargable-precision-system-3-deliplus-3-hojas-caja~22083~2023-03-12 03:49:43.485088
Maquinilla de afeitar recargable Proshield Gillette 5 hojas~Caja~1 ud.~| 8,95 €/ud~8.95~/ud.~Cuidado facial y corporal >~Afeitado y cuidado para hombre~https://tienda.mercadona.es/product/15571/maquinilla-afeitar-recargable-proshield-gillette-5-hojas-caja~15571~2023-03-12 03:49:44.009016
Maquinilla de afeitar recargable Mach 3 Start Gillette 3 hojas incluye tres recambios~Paquete~1 ud.~| 6,95 €/ud~6.95~/ud.~Cuidado facial y corporal >~Afeitado y cuidado para hombre~https://tienda.mercadona.es/product/73225/maquinilla-afeitar-recargable-mach-3-start-gillette-3-hojas-incluye-tres-recambios-paquete~73225~2023-03-12 03:49:44.585258
Maquinilla de afeitar desechable Active 2 Deliplus 2 hojas~Paquete~6 ud.~| 0,20 €/ud~1.2~/ud.~Cuidado facial y corporal >~Afeitado y cuidado para hombre~https://tienda.mercadona.es/product/73444/maquinilla-afeitar-desechable-active-2-deliplus-2-hojas-paquete~73444~2023-03-12 03:49:45.193619
Maquinilla de afeitar recargable Precision System 6 Deliplus 6 hojas~Caja~1 ud.~| 5,70 €/ud~5.7~/ud.~Cuidado facial y corporal >~Afeitado y cuidado para hombre~https://tienda.mercadona.es/product/13804/maquinilla-afeitar-recargable-precision-system-6-deliplus-6-hojas-caja~13804~2023-03-12 03:49:45.789177
Lote Precision System 6 Deliplus contiene maquinilla, 5 recambios y un estuche~Caja~1 ud.~| 10,50 €/ud~10.5~/ud.~Cuidado facial y corporal >~Afeitado y cuidado para hombre~https://tienda.mercadona.es/product/35411/lote-precision-system-6-deliplus-contiene-maquinilla-5-recambios-estuche-caja~35411~2023-03-12 03:49:46.420845
Recambios maquinilla de afeitar Gillette Fusion 5 hojas~Paquete~4 ud.~| 3,238 €/ud~12.95~/ud.~Cuidado facial y corporal >~Afeitado y cuidado para hombre~https://tienda.mercadona.es/product/73411/recambios-maquinilla-afeitar-gillette-fusion-5-hojas-paquete~73411~2023-03-12 03:49:47.012115
Recambios maquinilla de afeitar Gillette Fusion proshield 5 hojas~Paquete~3 ud.~| 4,317 €/ud~12.95~/ud.~Cuidado facial y corporal >~Afeitado y cuidado para hombre~https://tienda.mercadona.es/product/73138/recambios-maquinilla-afeitar-gillette-fusion-proshield-5-hojas-paquete~73138~2023-03-12 03:49:47.570932
Recambios maquinilla de afeitar Precision System 3 Deliplus 3 hojas~Caja~4 ud.~| 1,025 €/ud~4.1~/ud.~Cuidado facial y corporal >~Afeitado y cuidado para hombre~https://tienda.mercadona.es/product/22084/recambios-maquinilla-afeitar-precision-system-3-deliplus-3-hojas-caja~22084~2023-03-12 03:49:48.105830
Recambios maquinilla de afeitar Precision System 5 Deliplus 5 hojas~Caja~4 ud.~| 1,20 €/ud~4.8~/ud.~Cuidado facial y corporal >~Afeitado y cuidado para hombre~https://tienda.mercadona.es/product/73449/recambios-maquinilla-afeitar-precision-system-5-deliplus-5-hojas-caja~73449~2023-03-12 03:49:48.698574
Recambios maquinilla de afeitar Precision System 6 Deliplus 6 hojas~Caja~4 ud.~| 1,425 €/ud~5.7~/ud.~Cuidado facial y corporal >~Afeitado y cuidado para hombre~https://tienda.mercadona.es/product/13805/recambios-maquinilla-afeitar-precision-system-6-deliplus-6-hojas-caja~13805~2023-03-12 03:49:49.292891
Recambios maquinilla de afeitar Fusion Gillette 3 hojas~Paquete~4 ud.~| 1,988 €/ud~7.95~/ud.~Cuidado facial y corporal >~Afeitado y cuidado para hombre~https://tienda.mercadona.es/product/35316/recambios-maquinilla-afeitar-fusion-gillette-3-hojas-paquete~35316~2023-03-12 03:49:49.893905
Crema cara, cuerpo y manos Nivea Men~Lata~150 ml~| 2,334 €/100 ml~3.5~/ud.~Cuidado facial y corporal >~Afeitado y cuidado para hombre~https://tienda.mercadona.es/product/73984/crema-cara-cuerpo-manos-nivea-men-lata~73984~2023-03-12 03:49:50.439334
Cuidado hidratante anti-fatiga 24H L'Oréal men expert Hydra energetic~Bote~50 ml~| 13,90 €/100 ml~6.95~/ud.~Cuidado facial y corporal >~Afeitado y cuidado para hombre~https://tienda.mercadona.es/product/74817/cuidado-hidratante-anti-fatiga-24h-loreal-men-expert-hydra-energetic-bote~74817~2023-03-12 03:49:51.018801
Crema facial Antiarrugas Men Care Deliplus Regen Skin FPS 12 todo tipo de pieles~Bote~50 ml~| 11,00 €/100 ml~5.5~/ud.~Cuidado facial y corporal >~Afeitado y cuidado para hombre~https://tienda.mercadona.es/product/46865/crema-facial-antiarrugas-men-care-deliplus-regen-skin-fps-12-tipo-pieles-bote~46865~2023-03-12 03:49:51.551564
Gel reductor Abdomen Men Care Deliplus~Bote~150 ml~| 2,467 €/100 ml~3.7~/ud.~Cuidado facial y corporal >~Afeitado y cuidado para hombre~https://tienda.mercadona.es/product/46862/gel-reductor-abdomen-men-care-deliplus-bote~46862~2023-03-12 03:49:52.089752
Gel facial limpiador Men Care Facial Clean Deliplus Vital todo tipo de pieles~Bote~150 ml~| 2,334 €/100 ml~3.5~/ud.~Cuidado facial y corporal >~Afeitado y cuidado para hombre~https://tienda.mercadona.es/product/46860/gel-facial-limpiador-men-care-facial-clean-deliplus-vital-tipo-pieles-bote~46860~2023-03-12 03:49:52.663919
Crema facial Revitalizante e Hidratante Men Care Deliplus Vital todo tipo de pieles~Bote~50 ml~| 11,00 €/100 ml~5.5~/ud.~Cuidado facial y corporal >~Afeitado y cuidado para hombre~https://tienda.mercadona.es/product/46857/crema-facial-revitalizante-hidratante-men-care-deliplus-vital-tipo-pieles-bote~46857~2023-03-12 03:49:53.198787
Contorno de ojos Men Care Deliplus Regen Skin todo tipo de pieles~Tubo~15 ml~| 33,334 €/100 ml~5.0~/ud.~Cuidado facial y corporal >~Afeitado y cuidado para hombre~https://tienda.mercadona.es/product/46866/contorno-ojos-men-care-deliplus-regen-skin-tipo-pieles-tubo~46866~2023-03-12 03:49:53.755321
Crema facial anti-edad integral L'Oréal men expert Vita lift 5 acciones~Bote~50 ml~| 17,90 €/100 ml~8.95~/ud.~Cuidado facial y corporal >~Afeitado y cuidado para hombre~https://tienda.mercadona.es/product/79021/crema-facial-anti-edad-integral-loreal-men-expert-vita-lift-5-acciones-bote~79021~2023-03-12 03:49:54.324784
Roll-on ojos anti-fatiga L'Oréal men expert Hydra energetic~10 ml~| 80,00 €/100 ml~Not available~8.0~/ud.~Cuidado facial y corporal >~Afeitado y cuidado para hombre~https://tienda.mercadona.es/product/74819/roll-on-ojos-anti-fatiga-loreal-men-expert-hydra-energetic~74819~2023-03-12 03:49:54.918516
Gel de ducha taurina Hydra Energetic L'Oréal Men Expert~Bote~400 ml~| 0,90 €/100 ml~3.6~/ud.~Cuidado facial y corporal >~Afeitado y cuidado para hombre~https://tienda.mercadona.es/product/35357/gel-ducha-taurina-hydra-energetic-loreal-men-expert-bote~35357~2023-03-12 03:49:55.537345
Lote corporal Nivea Men contiene crema 150 ml, bálsamo sensitive 100 ml, desodorante roll-on 50 ml y neceser~1 ud.~| 10,00 €/ud~Not available~10.0~/ud.~Cuidado facial y corporal >~Afeitado y cuidado para hombre~https://tienda.mercadona.es/product/44924/lote-corporal-nivea-men-contiene-crema-150-ml-balsamo-sensitive-100-ml-desodorante-roll-on-50-ml-neceser~44924~2023-03-12 03:49:56.084715
Crema corporal con aceite de oliva Deliplus~Tarro~250 ml~| 0,60 €/100 ml~1.5~/ud.~Cuidado facial y corporal >~Cuidado corporal~https://tienda.mercadona.es/product/46765/crema-corporal-con-aceite-oliva-deliplus-tarro~46765~2023-03-12 04:01:30.265760
Loción corporal aloe vera Deliplus~Bote~400 ml~| 0,275 €/100 ml~1.1~/ud.~Cuidado facial y corporal >~Cuidado corporal~https://tienda.mercadona.es/product/79201/locion-corporal-aloe-vera-deliplus-bote~79201~2023-03-12 04:01:30.895943
Crema corporal Nivea~Lata~250 ml~| 1,50 €/100 ml~3.75~/ud.~Cuidado facial y corporal >~Cuidado corporal~https://tienda.mercadona.es/product/76542/crema-corporal-nivea-lata~76542~2023-03-12 04:01:31.525328
Aceite corporal aloe vera Deliplus~Bote~400 ml~| 0,413 €/100 ml~1.65~/ud.~Cuidado facial y corporal >~Cuidado corporal~https://tienda.mercadona.es/product/79217/aceite-corporal-aloe-vera-deliplus-bote~79217~2023-03-12 04:01:32.094430
Gel corporal aloe vera Deliplus~Bote~390 ml~| 0,962 €/100 ml~3.75~/ud.~Cuidado facial y corporal >~Cuidado corporal~https://tienda.mercadona.es/product/46825/gel-corporal-aloe-vera-deliplus-bote~46825~2023-03-12 04:01:32.665803
Loción corporal 10% urea pura Deliplus pieles muy secas~Bote~400 ml~| 0,488 €/100 ml~1.95~/ud.~Cuidado facial y corporal >~Cuidado corporal~https://tienda.mercadona.es/product/79529/locion-corporal-10-urea-pura-deliplus-pieles-muy-secas-bote~79529~2023-03-12 04:01:33.247225
Crema corporal con aceite de argán Deliplus~Tarro~250 ml~| 0,72 €/100 ml~1.8~/ud.~Cuidado facial y corporal >~Cuidado corporal~https://tienda.mercadona.es/product/46766/crema-corporal-con-aceite-argan-deliplus-tarro~46766~2023-03-12 04:01:33.825288
Loción corporal pieles atópicas Deliplus con omegas 3,6 y 9~Bote~400 ml~| 0,55 €/100 ml~2.2~/ud.~Cuidado facial y corporal >~Cuidado corporal~https://tienda.mercadona.es/product/79218/locion-corporal-pieles-atopicas-deliplus-con-omegas-36-9-bote~79218~2023-03-12 04:01:34.434444
Loción corporal reafirmante Q10 Nivea piel normal~Bote~400 ml~| 1,438 €/100 ml~5.75~/ud.~Cuidado facial y corporal >~Cuidado corporal~https://tienda.mercadona.es/product/76596/locion-corporal-reafirmante-q10-nivea-piel-normal-bote~76596~2023-03-12 04:01:35.039480
Aceite en crema oriental Deliplus para el cuerpo~Bote~250 ml~| 1,20 €/100 ml~3.0~/ud.~Cuidado facial y corporal >~Cuidado corporal~https://tienda.mercadona.es/product/46844/aceite-crema-oriental-deliplus-cuerpo-bote~46844~2023-03-12 04:01:35.626566
Aceite corporal de almendras Deliplus 100% natural~Bote~200 ml~| 1,60 €/100 ml~3.2~/ud.~Cuidado facial y corporal >~Cuidado corporal~https://tienda.mercadona.es/product/46815/aceite-corporal-almendras-deliplus-100-natural-bote~46815~2023-03-12 04:01:36.215260
Crema corporal anticelulítica Deliplus~Tarro~250 ml~| 0,80 €/100 ml~2.0~/ud.~Cuidado facial y corporal >~Cuidado corporal~https://tienda.mercadona.es/product/46768/crema-corporal-anticelulitica-deliplus-tarro~46768~2023-03-12 04:01:36.796508
Gel corporal aloe vera puro Atlantia~Bote~200 ml~| 2,975 €/100 ml~5.95~/ud.~Cuidado facial y corporal >~Cuidado corporal~https://tienda.mercadona.es/product/76178/gel-corporal-aloe-vera-puro-atlantia-bote~76178~2023-03-12 04:01:37.389223
Leche corporal nutritiva Nivea piel seca~Bote~500 ml~| 1,10 €/100 ml~5.5~/ud.~Cuidado facial y corporal >~Cuidado corporal~https://tienda.mercadona.es/product/79358/leche-corporal-nutritiva-nivea-piel-seca-bote~79358~2023-03-12 04:01:37.962248
Aceite corporal de romero Deliplus 100% natural~Bote~200 ml~| 1,60 €/100 ml~3.2~/ud.~Cuidado facial y corporal >~Cuidado corporal~https://tienda.mercadona.es/product/46816/aceite-corporal-romero-deliplus-100-natural-bote~46816~2023-03-12 04:01:38.615814
Gel anticelulítico efecto frío Deliplus~Bote~200 ml~| 1,90 €/100 ml~3.8~/ud.~Cuidado facial y corporal >~Cuidado corporal~https://tienda.mercadona.es/product/46808/gel-anticelulitico-efecto-frio-deliplus-bote~46808~2023-03-12 04:01:39.205829
Tratamiento crema reductor intensivo noche Deliplus~Bote~200 ml~| 2,75 €/100 ml~5.5~/ud.~Cuidado facial y corporal >~Cuidado corporal~https://tienda.mercadona.es/product/79531/tratamiento-crema-reductor-intensivo-noche-deliplus-bote~79531~2023-03-12 04:01:39.857020
Aceite corporal tacto seco Deliplus perfumado~Bote~250 ml~| 1,40 €/100 ml~3.5~/ud.~Cuidado facial y corporal >~Cuidado corporal~https://tienda.mercadona.es/product/46827/aceite-corporal-tacto-seco-deliplus-perfumado-bote~46827~2023-03-12 04:01:40.466756
Spray refrescante mentol Deliplus para pies y piernas~Bote~200 ml~| 1,975 €/100 ml~3.95~/ud.~Cuidado facial y corporal >~Cuidado corporal~https://tienda.mercadona.es/product/46836/spray-refrescante-mentol-deliplus-pies-piernas-bote~46836~2023-03-12 04:01:40.995351
Gel refrescante mentol Deliplus para pies y piernas~Bote~300 ml~| 0,834 €/100 ml~2.5~/ud.~Cuidado facial y corporal >~Cuidado corporal~https://tienda.mercadona.es/product/46835/gel-refrescante-mentol-deliplus-pies-piernas-bote~46835~2023-03-12 04:01:41.560989
Loción corporal de almendras Deliplus pieles muy secas~Bote~400 ml~| 0,488 €/100 ml~1.95~/ud.~Cuidado facial y corporal >~Cuidado corporal~https://tienda.mercadona.es/product/46814/locion-corporal-almendras-deliplus-pieles-muy-secas-bote~46814~2023-03-12 04:01:42.154491
Manteca corporal con aroma de coco Deliplus~Tarro~250 ml~| 1,60 €/100 ml~4.0~/ud.~Cuidado facial y corporal >~Cuidado corporal~https://tienda.mercadona.es/product/46850/manteca-corporal-con-aroma-coco-deliplus-tarro~46850~2023-03-12 04:01:42.744846
Aceite corporal rosa mosqueta Deliplus 100% puro y natural~Bote~30 ml~| 16,634 €/100 ml~4.99~/ud.~Cuidado facial y corporal >~Cuidado corporal~https://tienda.mercadona.es/product/46831/aceite-corporal-rosa-mosqueta-deliplus-100-puro-natural-bote~46831~2023-03-12 04:01:43.336290
Exfoliante corporal con partículas de coco Deliplus~Tarro~250 ml~| 1,60 €/100 ml~4.0~/ud.~Cuidado facial y corporal >~Cuidado corporal~https://tienda.mercadona.es/product/46853/exfoliante-corporal-con-particulas-coco-deliplus-tarro~46853~2023-03-12 04:01:43.926243
Tratamiento corporal intensivo Meso-Anticelulítico concentrado Deliplus~Caja~15 ampollas (75 ml)~| 11,334 €/100 ml~8.5~/ud.~Cuidado facial y corporal >~Cuidado corporal~https://tienda.mercadona.es/product/70370/tratamiento-corporal-intensivo-meso-anticelulitico-concentrado-deliplus-caja~70370~2023-03-12 04:01:44.522302
Crema corporal hidratante sorbete Elixir Fleur de Monoï~Tarro~250 ml~| 0,98 €/100 ml~2.45~/ud.~Cuidado facial y corporal >~Cuidado corporal~https://tienda.mercadona.es/product/13826/crema-corporal-hidratante-sorbete-elixir-fleur-monoi-tarro~13826~2023-03-12 04:01:45.130154
Tratamiento corporal Kit Detox-Lipolítico Deliplus contiene fluido remodelante 250 ml y cepillo exfoliante activador~Caja~1 ud.~| 7,25 €/ud~7.25~/ud.~Cuidado facial y corporal >~Cuidado corporal~https://tienda.mercadona.es/product/23182/tratamiento-corporal-kit-detox-lipolitico-deliplus-contiene-fluido-remodelante-250-ml-cepillo-exfoliante-activador-caja~23182~2023-03-12 04:01:45.725535
Crema corporal hidratante vainilla Deliplus~Tarro~250 ml~| 0,72 €/100 ml~1.8~/ud.~Cuidado facial y corporal >~Cuidado corporal~https://tienda.mercadona.es/product/60719/crema-corporal-hidratante-vainilla-deliplus-tarro~60719~2023-03-12 04:01:46.326436
Crema corporal hidratante Esferas VIT-E Deliplus con ácido hialurónico~Tarro~250 ml~| 1,10 €/100 ml~2.75~/ud.~Cuidado facial y corporal >~Cuidado corporal~https://tienda.mercadona.es/product/60842/crema-corporal-hidratante-esferas-vit-e-deliplus-con-acido-hialuronico-tarro~60842~2023-03-12 04:01:46.970476
Lote corporal My Moment contiene loción corporal hidratante 250 ml, gel de baño cremoso 250 ml, desodorante roll-on 50 ml y body mist perfumado 100 ml~Caja~1 ud.~| 8,00 €/ud~8.0~/ud.~Cuidado facial y corporal >~Cuidado corporal~https://tienda.mercadona.es/product/35006/lote-corporal-my-moment-contiene-locion-corporal-hidratante-250-ml-gel-bano-cremoso-250-ml-desodorante-roll-on-50-ml-body-mist-perfumado-100-ml-caja~35006~2023-03-12 04:01:47.517237
Crema de manos flor de Japón Deliplus~Tubo~30 ml~| 3,334 €/100 ml~1.0~/ud.~Cuidado facial y corporal >~Cuidado corporal~https://tienda.mercadona.es/product/46812/crema-manos-flor-japon-deliplus-tubo~46812~2023-03-12 04:01:48.132534
Crema de manos hidratante con aloe vera Deliplus~Bote~75 ml~| 1,734 €/100 ml~1.3~/ud.~Cuidado facial y corporal >~Cuidado corporal~https://tienda.mercadona.es/product/35101/crema-manos-hidratante-con-aloe-vera-deliplus-bote~35101~2023-03-12 04:01:48.757975
Crema de manos Karité Deliplus~Bote~125 ml~| 1,00 €/100 ml~1.25~/ud.~Cuidado facial y corporal >~Cuidado corporal~https://tienda.mercadona.es/product/46839/crema-manos-karite-deliplus-bote~46839~2023-03-12 04:01:49.363891
Crema de manos reparadora Deliplus~Bote~75 ml~| 1,734 €/100 ml~1.3~/ud.~Cuidado facial y corporal >~Cuidado corporal~https://tienda.mercadona.es/product/35100/crema-manos-reparadora-deliplus-bote~35100~2023-03-12 04:01:49.975415
Crema de manos, cara y cuerpo Nivea Soft hidratante intensiva~Bote~75 ml~| 2,60 €/100 ml~1.95~/ud.~Cuidado facial y corporal >~Cuidado corporal~https://tienda.mercadona.es/product/74102/crema-manos-cara-cuerpo-nivea-soft-hidratante-intensiva-bote~74102~2023-03-12 04:01:50.589939
Crema de manos anti-manchas Deliplus FPS 20 despigmentante~Bote~75 ml~| 2,467 €/100 ml~1.85~/ud.~Cuidado facial y corporal >~Cuidado corporal~https://tienda.mercadona.es/product/35121/crema-manos-anti-manchas-deliplus-fps-20-despigmentante-bote~35121~2023-03-12 04:01:51.207838
Crema de manos nutritiva Dove intensiva~Bote~75 ml~| 2,667 €/100 ml~2.0~/ud.~Cuidado facial y corporal >~Cuidado corporal~https://tienda.mercadona.es/product/46615/crema-manos-nutritiva-dove-intensiva-bote~46615~2023-03-12 04:01:51.817715
Mascarilla de manos Nutritiva Sence tratamiento intensivo~Paquete~1 ud.~| 2,50 €/ud~2.5~/ud.~Cuidado facial y corporal >~Cuidado corporal~https://tienda.mercadona.es/product/35339/mascarilla-manos-nutritiva-sence-tratamiento-intensivo-paquete~35339~2023-03-12 04:01:52.432718
Crema para pies 10% urea pura Deliplus~Bote~125 ml~| 1,20 €/100 ml~1.5~/ud.~Cuidado facial y corporal >~Cuidado corporal~https://tienda.mercadona.es/product/46771/crema-pies-10-urea-pura-deliplus-bote~46771~2023-03-12 04:01:53.057114
Crema hidratante para pies Deliplus anti-sequedad~Bote~125 ml~| 1,20 €/100 ml~1.5~/ud.~Cuidado facial y corporal >~Cuidado corporal~https://tienda.mercadona.es/product/46833/crema-hidratante-pies-deliplus-anti-sequedad-bote~46833~2023-03-12 04:01:53.774899
Crema exfoliante para pies Deliplus anti-durezas~Bote~125 ml~| 1,52 €/100 ml~1.9~/ud.~Cuidado facial y corporal >~Cuidado corporal~https://tienda.mercadona.es/product/46834/crema-exfoliante-pies-deliplus-anti-durezas-bote~46834~2023-03-12 04:01:54.393834
Tratamiento para pies Deliplus durezas y callos~Bote~50 ml~| 4,00 €/100 ml~2.0~/ud.~Cuidado facial y corporal >~Cuidado corporal~https://tienda.mercadona.es/product/40436/tratamiento-pies-deliplus-durezas-callos-bote~40436~2023-03-12 04:01:55.009468
Stick para pies anti-rozaduras Deliplus~Caja~4 ml~| 62,50 €/100 g~2.5~/ud.~Cuidado facial y corporal >~Cuidado corporal~https://tienda.mercadona.es/product/46842/stick-pies-anti-rozaduras-deliplus-caja~46842~2023-03-12 04:01:55.653975
Mascarilla de pies Nutritiva Sence hidrata y suaviza~Paquete~1 ud.~| 13,889 €/100 g~2.5~/ud.~Cuidado facial y corporal >~Cuidado corporal~https://tienda.mercadona.es/product/86020/mascarilla-pies-nutritiva-sence-hidrata-suaviza-paquete~86020~2023-03-12 04:01:56.275105
Mascarilla de pies Exfoliante Sence~Paquete~1 ud.~| 7,50 €/100 g~3.0~/ud.~Cuidado facial y corporal >~Cuidado corporal~https://tienda.mercadona.es/product/86021/mascarilla-pies-exfoliante-sence-paquete~86021~2023-03-12 04:01:56.980855
Papel higiénico húmedo WC Bosque Verde con aloe vera y camomila~Paquete~100 ud.~| 0,016 €/ud~1.55~/ud.~Cuidado facial y corporal >~Cuidado corporal~https://tienda.mercadona.es/product/47291/papel-higienico-humedo-wc-bosque-verde-con-aloe-vera-camomila-paquete~47291~2023-03-12 04:01:57.551755
Papel higiénico húmedo WC Bosque Verde con aloe vera y camomila~Paquete~15 ud.~| 0,054 €/ud~0.8~/ud.~Cuidado facial y corporal >~Cuidado corporal~https://tienda.mercadona.es/product/47293/papel-higienico-humedo-wc-bosque-verde-con-aloe-vera-camomila-paquete~47293~2023-03-12 04:01:58.159208
Toallitas desmaquillantes cara y ojos Deliplus piel normal-mixta con camomila~Paquete~25 ud.~| 0,046 €/ud~1.15~/ud.~Cuidado facial y corporal >~Cuidado corporal~https://tienda.mercadona.es/product/79069/toallitas-desmaquillantes-cara-ojos-deliplus-piel-normal-mixta-con-camomila-paquete~79069~2023-03-12 04:01:58.773124
Toallitas desmaquillantes cara y ojos Deliplus piel seca y sensible con aloe vera~Paquete~25 ud.~| 0,046 €/ud~1.15~/ud.~Cuidado facial y corporal >~Cuidado corporal~https://tienda.mercadona.es/product/76487/toallitas-desmaquillantes-cara-ojos-deliplus-piel-seca-sensible-con-aloe-vera-paquete~76487~2023-03-12 04:01:59.383198
Toallitas Refrescantes Deliplus~Paquete~25 ud.~| 0,038 €/ud~0.95~/ud.~Cuidado facial y corporal >~Cuidado corporal~https://tienda.mercadona.es/product/76457/toallitas-refrescantes-deliplus-paquete~76457~2023-03-12 04:02:00.034626
Toallitas Refrescantes Deliplus~Paquete~20 ud.~| 0,028 €/ud~0.55~/ud.~Cuidado facial y corporal >~Cuidado corporal~https://tienda.mercadona.es/product/76470/toallitas-refrescantes-deliplus-paquete~76470~2023-03-12 04:02:00.654530
Toallitas Dermo Higiene Corporal Deliplus tamaño gigantes~Paquete~60 ud.~| 0,066 €/ud~3.95~/ud.~Cuidado facial y corporal >~Cuidado corporal~https://tienda.mercadona.es/product/47828/toallitas-dermo-higiene-corporal-deliplus-tamano-gigantes-paquete~47828~2023-03-12 04:02:01.262920
Toallitas Refrescantes Deliplus monodosis~Caja~20 sobres~| 0,068 €/ud~1.35~/ud.~Cuidado facial y corporal >~Cuidado corporal~https://tienda.mercadona.es/product/76472/toallitas-refrescantes-deliplus-monodosis-caja~76472~2023-03-12 04:02:01.881570
Toallitas hidroalcohólicas Deliplus 75% Alcohol~Paquete~15 ud.~| 0,06 €/ud~0.9~/ud.~Cuidado facial y corporal >~Cuidado corporal~https://tienda.mercadona.es/product/79712/toallitas-hidroalcoholicas-deliplus-75-alcohol-paquete~79712~2023-03-12 04:02:02.513081
Toallitas desmaquillantes Micelar & Oil Deliplus para todo tipo de pieles~Paquete~25 ud.~| 0,064 €/ud~1.6~/ud.~Cuidado facial y corporal >~Cuidado corporal~https://tienda.mercadona.es/product/79525/toallitas-desmaquillantes-micelar-oil-deliplus-tipo-pieles-paquete~79525~2023-03-12 04:02:03.122823
Discos desmaquillantes Deliplus redondos algodón 100%~Paquete~150 ud.~| 0,008 €/ud~1.15~/ud.~Cuidado facial y corporal >~Cuidado e higiene facial~https://tienda.mercadona.es/product/79407/discos-desmaquillantes-deliplus-redondos-algodon-100-paquete~79407~2023-03-12 04:14:04.582278
Toallitas desmaquillantes cara y ojos Deliplus piel normal-mixta con camomila~Paquete~25 ud.~| 0,046 €/ud~1.15~/ud.~Cuidado facial y corporal >~Cuidado corporal~https://tienda.mercadona.es/product/79069/toallitas-desmaquillantes-cara-ojos-deliplus-piel-normal-mixta-con-camomila-paquete~79069~2023-03-12 04:14:05.224570
Toallitas desmaquillantes cara y ojos Deliplus piel seca y sensible con aloe vera~Paquete~25 ud.~| 0,046 €/ud~1.15~/ud.~Cuidado facial y corporal >~Cuidado corporal~https://tienda.mercadona.es/product/76487/toallitas-desmaquillantes-cara-ojos-deliplus-piel-seca-sensible-con-aloe-vera-paquete~76487~2023-03-12 04:14:05.871740
Discos desmaquillantes Deliplus ovalados algodón 100%~Paquete~100 ud.~| 0,017 €/ud~1.65~/ud.~Cuidado facial y corporal >~Cuidado e higiene facial~https://tienda.mercadona.es/product/79408/discos-desmaquillantes-deliplus-ovalados-algodon-100-paquete~79408~2023-03-12 04:14:06.464512
Agua Micelar cara y ojos Facial Clean Deliplus todo tipo de pieles~Bote~400 ml~| 0,80 €/100 ml~3.2~/ud.~Cuidado facial y corporal >~Cuidado e higiene facial~https://tienda.mercadona.es/product/46954/agua-micelar-cara-ojos-facial-clean-deliplus-tipo-pieles-bote~46954~2023-03-12 04:14:07.076703
Mascarilla facial peeling de alga negra Montagne Jeunesse~2 ud. x 8 ml~| 10,938 €/100 ml~Not available~1.75~/pack~Cuidado facial y corporal >~Cuidado e higiene facial~https://tienda.mercadona.es/product/45913/mascarilla-facial-peeling-alga-negra-montagne-jeunesse-paquete~45913~2023-03-12 04:14:07.680234
Desmaquillador de ojos y labios bifásico Waterproof Facial Clean Deliplus todo tipo de pieles~Bote~150 ml~| 1,334 €/100 ml~2.0~/ud.~Cuidado facial y corporal >~Cuidado e higiene facial~https://tienda.mercadona.es/product/46949/desmaquillador-ojos-labios-bifasico-waterproof-facial-clean-deliplus-tipo-pieles-bote~46949~2023-03-12 04:14:08.271404
Tónico facial Facial Clean Deliplus todo tipo de pieles~Bote~250 ml~| 0,60 €/100 ml~1.5~/ud.~Cuidado facial y corporal >~Cuidado e higiene facial~https://tienda.mercadona.es/product/46878/tonico-facial-facial-clean-deliplus-tipo-pieles-bote~46878~2023-03-12 04:14:08.871223
Pinza de cejas Deliplus oblicua~Paquete~1 ud.~| 2,00 €/ud~2.0~/ud.~Cuidado facial y corporal >~Cuidado e higiene facial~https://tienda.mercadona.es/product/78071/pinza-cejas-deliplus-oblicua-paquete~78071~2023-03-12 04:14:09.480256
Pinza de cejas Deliplus recta~Paquete~1 ud.~| 2,00 €/ud~2.0~/ud.~Cuidado facial y corporal >~Cuidado e higiene facial~https://tienda.mercadona.es/product/78073/pinza-cejas-deliplus-recta-paquete~78073~2023-03-12 04:14:10.098252
Leche facial limpiadora Facial Clean Deliplus todo tipo de pieles~Bote~250 ml~| 0,60 €/100 ml~1.5~/ud.~Cuidado facial y corporal >~Cuidado e higiene facial~https://tienda.mercadona.es/product/46877/leche-facial-limpiadora-facial-clean-deliplus-tipo-pieles-bote~46877~2023-03-12 04:14:10.713667
Esponja facial desmaquillante Deliplus vegetal~Paquete~2 ud.~| 0,575 €/ud~1.15~/ud.~Cuidado facial y corporal >~Cuidado e higiene facial~https://tienda.mercadona.es/product/70195/esponja-facial-desmaquillante-deliplus-vegetal-paquete~70195~2023-03-12 04:14:11.385703
Gel facial limpiador Facial Clean Deliplus todo tipo de pieles~Bote~250 ml~| 1,00 €/100 ml~2.5~/ud.~Cuidado facial y corporal >~Cuidado e higiene facial~https://tienda.mercadona.es/product/46892/gel-facial-limpiador-facial-clean-deliplus-tipo-pieles-bote~46892~2023-03-12 04:14:12.002171
Limpiador, exfoliante y mascarilla Arcilla Blanca Facial Clean Deliplus pieles normales o mixtas~Bote~100 ml~| 3,50 €/100 ml~3.5~/ud.~Cuidado facial y corporal >~Cuidado e higiene facial~https://tienda.mercadona.es/product/79679/limpiador-exfoliante-mascarilla-arcilla-blanca-facial-clean-deliplus-pieles-normales-mixtas-bote~79679~2023-03-12 04:14:12.680169
Tiras faciales limpia poros Doctor San~Caja~6 ud.~| 0,717 €/ud~4.3~/ud.~Cuidado facial y corporal >~Cuidado e higiene facial~https://tienda.mercadona.es/product/76594/tiras-faciales-limpia-poros-doctor-san-caja~76594~2023-03-12 04:14:13.298424
Gel desmaquillador de ojos Facial Clean Deliplus todo tipo de pieles~Bote~150 ml~| 1,334 €/100 ml~2.0~/ud.~Cuidado facial y corporal >~Cuidado e higiene facial~https://tienda.mercadona.es/product/46859/gel-desmaquillador-ojos-facial-clean-deliplus-tipo-pieles-bote~46859~2023-03-12 04:14:13.911582
Mousse facial limpiadora Purificante Oil Free Facial Clean Deliplus pieles grasas y/o con tendencias acneicas~Bote~200 ml~| 2,00 €/100 ml~4.0~/ud.~Cuidado facial y corporal >~Cuidado e higiene facial~https://tienda.mercadona.es/product/46893/mousse-facial-limpiadora-purificante-oil-free-facial-clean-deliplus-pieles-grasas-yo-con-tendencias-acneicas-bote~46893~2023-03-12 04:14:14.519813
Agua facial de avena Deliplus pieles sensibles~Spray~300 ml~| 0,994 €/100 ml~2.98~/ud.~Cuidado facial y corporal >~Cuidado e higiene facial~https://tienda.mercadona.es/product/76465/agua-facial-avena-deliplus-pieles-sensibles-spray~76465~2023-03-12 04:14:15.128458
Tónico facial Astringente Oil Free Facial Clean Deliplus pieles grasas y/o con tendencias acneicas~Bote~250 ml~| 1,60 €/100 ml~4.0~/ud.~Cuidado facial y corporal >~Cuidado e higiene facial~https://tienda.mercadona.es/product/46888/tonico-facial-astringente-oil-free-facial-clean-deliplus-pieles-grasas-yo-con-tendencias-acneicas-bote~46888~2023-03-12 04:14:15.748442
Aceite facial limpiador espumoso Facial Clean Deliplus todo tipo de pieles~Bote~175 ml~| 2,286 €/100 ml~4.0~/ud.~Cuidado facial y corporal >~Cuidado e higiene facial~https://tienda.mercadona.es/product/46875/aceite-facial-limpiador-espumoso-facial-clean-deliplus-tipo-pieles-bote~46875~2023-03-12 04:14:16.358275
Mascarilla facial de barro con aloe vera Montagne Jeunesse~2 ud. x 8 g~| 10,938 €/100 ml~Not available~1.75~/pack~Cuidado facial y corporal >~Cuidado e higiene facial~https://tienda.mercadona.es/product/45766/mascarilla-facial-barro-con-aloe-vera-montagne-jeunesse-pack-2~45766~2023-03-12 04:14:16.979169
Mascarilla facial limpiadora con barro del Mar Muerto Seesee~Paquete~1 ud.~| 2,10 €/ud~2.1~/ud.~Cuidado facial y corporal >~Cuidado e higiene facial~https://tienda.mercadona.es/product/46784/mascarilla-facial-limpiadora-con-barro-mar-muerto-seesee-paquete~46784~2023-03-12 04:14:17.593317
Mascarilla facial arcilla verde Deliplus pieles grasas y con tendencia acneica~Bote~100 ml~| 3,50 €/100 ml~3.5~/ud.~Cuidado facial y corporal >~Cuidado e higiene facial~https://tienda.mercadona.es/product/46894/mascarilla-facial-arcilla-verde-deliplus-pieles-grasas-con-tendencia-acneica-bote~46894~2023-03-12 04:14:18.218709
Toallitas desmaquillantes Micelar & Oil Deliplus para todo tipo de pieles~Paquete~25 ud.~| 0,064 €/ud~1.6~/ud.~Cuidado facial y corporal >~Cuidado corporal~https://tienda.mercadona.es/product/79525/toallitas-desmaquillantes-micelar-oil-deliplus-tipo-pieles-paquete~79525~2023-03-12 04:14:18.874668
Mascarilla facial Hidrata Mask Deliplus con agua de rosas~Paquete~1 ud.~| 1,50 €/ud~1.5~/ud.~Cuidado facial y corporal >~Cuidado e higiene facial~https://tienda.mercadona.es/product/79526/mascarilla-facial-hidrata-mask-deliplus-con-agua-rosas-paquete~79526~2023-03-12 04:14:19.516873
Gel facial limpiador Sensitive Facial Clean Deliplus pieles secas y sensibles~Bote~100 ml~| 4,00 €/100 ml~4.0~/ud.~Cuidado facial y corporal >~Cuidado e higiene facial~https://tienda.mercadona.es/product/50336/gel-facial-limpiador-sensitive-facial-clean-deliplus-pieles-secas-sensibles-bote~50336~2023-03-12 04:14:20.147223
Mascarilla facial Bubble Mask & Scrub Facial Clean Deliplus exfoliante y efervescente todo tipo de pieles~Tubo~50 ml~| 9,00 €/100 ml~4.5~/ud.~Cuidado facial y corporal >~Cuidado e higiene facial~https://tienda.mercadona.es/product/50098/mascarilla-facial-bubble-mask-scrub-facial-clean-deliplus-exfoliante-efervescente-tipo-pieles-tubo~50098~2023-03-12 04:14:20.777240
Kit depilación de cejas Deliplus incluye pinza con punta oblicua y peine, espejo y funda~1 ud.~| 3,00 €/ud~Not available~3.0~/ud.~Cuidado facial y corporal >~Cuidado e higiene facial~https://tienda.mercadona.es/product/60723/kit-depilacion-cejas-deliplus-incluye-pinza-con-punta-oblicua-peine-espejo-funda~60723~2023-03-12 04:14:21.406344
Crema facial Revitaliza y Reestructura Sisbela Reafirm Deliplus con ácido ribonucleico RNA todo tipo de pieles~Tarro~50 ml~| 10,00 €/100 ml~5.0~/ud.~Cuidado facial y corporal >~Cuidado e higiene facial~https://tienda.mercadona.es/product/50170/crema-facial-revitaliza-reestructura-sisbela-reafirm-deliplus-con-acido-ribonucleico-rna-tipo-pieles-tarro~50170~2023-03-12 04:14:22.054017
Crema facial Textura Ligera Prevent Age Skin Deliplus piel normal, mixta y grasa~Tarro~50 ml~| 14,00 €/100 ml~7.0~/ud.~Cuidado facial y corporal >~Cuidado e higiene facial~https://tienda.mercadona.es/product/50247/crema-facial-textura-ligera-prevent-age-skin-deliplus-piel-normal-mixta-grasa-tarro~50247~2023-03-12 04:14:22.700017
Recambio crema facial Texura Ligera Prevent Age Skin Deliplus piel normal, mixta y grasa~50 ml~| 8,00 €/100 ml~Not available~4.0~/ud.~Cuidado facial y corporal >~Cuidado e higiene facial~https://tienda.mercadona.es/product/41112/recambio-crema-facial-texura-ligera-prevent-age-skin-deliplus-piel-normal-mixta-grasa~41112~2023-03-12 04:14:23.320230
Hidratante facial BB cream Deliplus 01 claro FPS 20~Bote~50 ml~| 9,00 €/100 ml~4.5~/ud.~Cuidado facial y corporal >~Cuidado e higiene facial~https://tienda.mercadona.es/product/50757/hidratante-facial-bb-cream-deliplus-01-claro-fps-20-bote~50757~2023-03-12 04:14:23.954091
Hidratante facial BB cream Deliplus 02 medio FPS 20~Bote~50 ml~| 9,00 €/100 ml~4.5~/ud.~Cuidado facial y corporal >~Cuidado e higiene facial~https://tienda.mercadona.es/product/50764/hidratante-facial-bb-cream-deliplus-02-medio-fps-20-bote~50764~2023-03-12 04:14:24.601182
Crema facial día Textura Rica Regen Skin Deliplus SPF 20 piel normal, seca y muy seca~Tarro~50 ml~| 14,00 €/100 ml~7.0~/ud.~Cuidado facial y corporal >~Cuidado e higiene facial~https://tienda.mercadona.es/product/46869/crema-facial-dia-textura-rica-regen-skin-deliplus-spf-20-piel-normal-seca-muy-seca-tarro~46869~2023-03-12 04:14:25.246678
Recambio crema facial día Textura Rica Regen Skin Deliplus SPF 20 piel normal, seca y muy seca~50 ml~| 8,00 €/100 ml~Not available~4.0~/ud.~Cuidado facial y corporal >~Cuidado e higiene facial~https://tienda.mercadona.es/product/70152/recambio-crema-facial-dia-textura-rica-regen-skin-deliplus-spf-20-piel-normal-seca-muy-seca~70152~2023-03-12 04:14:25.954306
Crema facial Dragon's Blood Anti Ox Deliplus FPS 12 todo tipo de pieles~Tarro~50 ml~| 10,00 €/100 ml~5.0~/ud.~Cuidado facial y corporal >~Cuidado e higiene facial~https://tienda.mercadona.es/product/50124/crema-facial-dragons-blood-anti-ox-deliplus-fps-12-tipo-pieles-tarro~50124~2023-03-12 04:14:26.587670
Crema facial hidratante día Revitalift L'Oréal antiarrugas extra firmeza~Tarro~50 ml~| 19,00 €/100 ml~9.5~/ud.~Cuidado facial y corporal >~Cuidado e higiene facial~https://tienda.mercadona.es/product/76184/crema-facial-hidratante-dia-revitalift-loreal-antiarrugas-extra-firmeza-tarro~76184~2023-03-12 04:14:27.242140
Crema facial noche Textura Rica Regen Skin Deliplus piel normal, seca y muy seca~Tarro~50 ml~| 14,00 €/100 ml~7.0~/ud.~Cuidado facial y corporal >~Cuidado e higiene facial~https://tienda.mercadona.es/product/46870/crema-facial-noche-textura-rica-regen-skin-deliplus-piel-normal-seca-muy-seca-tarro~46870~2023-03-12 04:14:27.999002
Recambio crema facial noche Textura Rica Regen Skin Deliplus piel normal, seca y muy seca~50 ml~| 8,00 €/100 ml~Not available~4.0~/ud.~Cuidado facial y corporal >~Cuidado e higiene facial~https://tienda.mercadona.es/product/70156/recambio-crema-facial-noche-textura-rica-regen-skin-deliplus-piel-normal-seca-muy-seca~70156~2023-03-12 04:14:28.644646
Crema facial fluida Hidratante Oil Free Deliplus pieles grasas, seborreicas y/o con tendencias acneicas~Tubo~50 ml~| 9,60 €/100 ml~4.8~/ud.~Cuidado facial y corporal >~Cuidado e higiene facial~https://tienda.mercadona.es/product/50375/crema-facial-fluida-hidratante-oil-free-deliplus-pieles-grasas-seborreicas-yo-con-tendencias-acneicas-tubo~50375~2023-03-12 04:14:29.355117
Crema facial Hidratante y Fortalecedora Sensitive Deliplus con vitamina K Ox pieles sensibles y reactivas~Tarro~50 ml~| 14,00 €/100 ml~7.0~/ud.~Cuidado facial y corporal >~Cuidado e higiene facial~https://tienda.mercadona.es/product/50326/crema-facial-hidratante-fortalecedora-sensitive-deliplus-con-vitamina-k-ox-pieles-sensibles-reactivas-tarro~50326~2023-03-12 04:14:30.009996
Gel facial Secante de Imperfecciones Oil Free Deliplus pieles grasas y/o con tendencias acneicas~Tubo~15 ml~| 28,334 €/100 ml~4.25~/ud.~Cuidado facial y corporal >~Cuidado e higiene facial~https://tienda.mercadona.es/product/46953/gel-facial-secante-imperfecciones-oil-free-deliplus-pieles-grasas-yo-con-tendencias-acneicas-tubo~46953~2023-03-12 04:14:30.698317
Crema facial Hidratante Equilibrio Deliplus pieles grasas o mixtas~Tarro~50 ml~| 12,00 €/100 ml~6.0~/ud.~Cuidado facial y corporal >~Cuidado e higiene facial~https://tienda.mercadona.es/product/46947/crema-facial-hidratante-equilibrio-deliplus-pieles-grasas-mixtas-tarro~46947~2023-03-12 04:14:31.354451
Crema facial Anti-rojeces Sensitive Deliplus pieles sensibles y reactivas~Bote~50 ml~| 14,00 €/100 ml~7.0~/ud.~Cuidado facial y corporal >~Cuidado e higiene facial~https://tienda.mercadona.es/product/50335/crema-facial-anti-rojeces-sensitive-deliplus-pieles-sensibles-reactivas-bote~50335~2023-03-12 04:14:32.003420
Crema facial Vitamina C Viseger Pharma FPS 50+~Tarro~50 ml~| 14,00 €/100 ml~7.0~/ud.~Cuidado facial y corporal >~Cuidado e higiene facial~https://tienda.mercadona.es/product/50099/crema-facial-vitamina-c-viseger-pharma-fps-50-tarro~50099~2023-03-12 04:14:32.712156
Crema facial noche Aclarante Anti-manchas Deliplus todo tipo de pieles~Bote~50 ml~| 12,00 €/100 ml~6.0~/ud.~Cuidado facial y corporal >~Cuidado e higiene facial~https://tienda.mercadona.es/product/42477/crema-facial-noche-aclarante-anti-manchas-deliplus-tipo-pieles-bote~42477~2023-03-12 04:14:33.374962
Crema facial día Protectora Anti-manchas Deliplus FPS 50+ todo tipo de pieles~Bote~50 ml~| 12,00 €/100 ml~6.0~/ud.~Cuidado facial y corporal >~Cuidado e higiene facial~https://tienda.mercadona.es/product/46861/crema-facial-dia-protectora-anti-manchas-deliplus-fps-50-tipo-pieles-bote~46861~2023-03-12 04:14:34.036018
Crema facial Textura Rica 24 h Hidrata Deliplus todo tipo de pieles~Tarro~50 ml~| 10,00 €/100 ml~5.0~/ud.~Cuidado facial y corporal >~Cuidado e higiene facial~https://tienda.mercadona.es/product/50256/crema-facial-textura-rica-24-h-hidrata-deliplus-tipo-pieles-tarro~50256~2023-03-12 04:14:34.686081
Lote Sisbela Reafirm Deliplus contiene peeling enzimático 100 ml, contorno de ojos 15 ml y crema revitalizante 50 ml~Caja~1 ud.~| 10,50 €/ud~10.5~/ud.~Cuidado facial y corporal >~Cuidado e higiene facial~https://tienda.mercadona.es/product/35130/lote-sisbela-reafirm-deliplus-contiene-peeling-enzimatico-100-ml-contorno-ojos-15-ml-crema-revitalizante-50-ml-caja~35130~2023-03-12 04:14:35.352036
Recambio crema facial Green Caviar Prevent Age Skin Deliplus piel normal y seca~50 ml~| 8,00 €/100 ml~Not available~4.0~/ud.~Cuidado facial y corporal >~Cuidado e higiene facial~https://tienda.mercadona.es/product/35274/recambio-crema-facial-green-caviar-prevent-age-skin-deliplus-piel-normal-seca~35274~2023-03-12 04:14:35.999640
Tarro vacío para recambio crema facial Deliplus~1 ud.~| 4,00 €/ud~Not available~4.0~/ud.~Cuidado facial y corporal >~Cuidado e higiene facial~https://tienda.mercadona.es/product/35292/tarro-vacio-recambio-crema-facial-deliplus~35292~2023-03-12 04:14:36.596415
Contorno de ojos Antiarrugas e Iluminador Sisbela Reafirm Deliplus todo tipo de pieles~Tarro~15 ml~| 30,00 €/100 ml~4.5~/ud.~Cuidado facial y corporal >~Cuidado e higiene facial~https://tienda.mercadona.es/product/50192/contorno-ojos-antiarrugas-iluminador-sisbela-reafirm-deliplus-tipo-pieles-tarro~50192~2023-03-12 04:14:37.247634
Sérum reductor instantáneo de bolsas y ojeras Sisbela Reafirm Deliplus evitar pieles sensibles~Caja~5 ud. (10 ml)~| 50,00 €/100 ml~5.0~/ud.~Cuidado facial y corporal >~Cuidado e higiene facial~https://tienda.mercadona.es/product/50199/serum-reductor-instantaneo-bolsas-ojeras-sisbela-reafirm-deliplus-evitar-pieles-sensibles-caja~50199~2023-03-12 04:14:37.910245
Crema contorno de ojos y párpados Dragon's blood Anti Ox Deliplus todo tipo de pieles~Bote~15 ml~| 30,00 €/100 ml~4.5~/ud.~Cuidado facial y corporal >~Cuidado e higiene facial~https://tienda.mercadona.es/product/50140/crema-contorno-ojos-parpados-dragons-blood-anti-ox-deliplus-tipo-pieles-bote~50140~2023-03-12 04:14:38.585581
Contorno de ojos Arrugas y Bolsas Prevent Age Skin Deliplus todo tipo de pieles~Tubo~15 ml~| 33,334 €/100 ml~5.0~/ud.~Cuidado facial y corporal >~Cuidado e higiene facial~https://tienda.mercadona.es/product/46872/contorno-ojos-arrugas-bolsas-prevent-age-skin-deliplus-tipo-pieles-tubo~46872~2023-03-12 04:14:39.258170
Perlas faciales Q10 Khanya concentrado reafirmante antiarrugas~Paquete~7 ud.~| 0,215 €/ud~1.5~/ud.~Cuidado facial y corporal >~Cuidado e higiene facial~https://tienda.mercadona.es/product/15895/perlas-faciales-q10-khanya-concentrado-reafirmante-antiarrugas-paquete~15895~2023-03-12 04:14:39.929566
Ampollas faciales spray flash Tensor Effect Sisbela Reafirm Deliplus todo tipo de pieles~Caja~2 ud. (4 ml)~| 62,50 €/100 ml~2.5~/ud.~Cuidado facial y corporal >~Cuidado e higiene facial~https://tienda.mercadona.es/product/46885/ampollas-faciales-spray-flash-tensor-effect-sisbela-reafirm-deliplus-tipo-pieles-caja~46885~2023-03-12 04:14:40.607192
Ampollas faciales Ácido Hialurónico Hidrata Deliplus concentrado~Caja~7 ampollas (14 ml)~| 25,00 €/100 ml~3.5~/ud.~Cuidado facial y corporal >~Cuidado e higiene facial~https://tienda.mercadona.es/product/50321/ampollas-faciales-acido-hialuronico-hidrata-deliplus-concentrado-caja~50321~2023-03-12 04:14:41.267683
Sérum facial Potenciador Proteoglicanos Prevent Age Skin Deliplus todo tipo de pieles~Frasco~30 ml~| 20,00 €/100 ml~6.0~/ud.~Cuidado facial y corporal >~Cuidado e higiene facial~https://tienda.mercadona.es/product/46891/serum-facial-potenciador-proteoglicanos-prevent-age-skin-deliplus-tipo-pieles-frasco~46891~2023-03-12 04:14:41.945279
Sérum facial potenciador Sisbela Reafirm Deliplus 12% silicio todo tipo de pieles~Frasco~30 ml~| 16,667 €/100 ml~5.0~/ud.~Cuidado facial y corporal >~Cuidado e higiene facial~https://tienda.mercadona.es/product/50198/serum-facial-potenciador-sisbela-reafirm-deliplus-12-silicio-tipo-pieles-frasco~50198~2023-03-12 04:14:42.622475
Aceite facial Licopeno Anti Ox Deliplus todo tipo de pieles~Frasco~30 ml~| 16,667 €/100 ml~5.0~/ud.~Cuidado facial y corporal >~Cuidado e higiene facial~https://tienda.mercadona.es/product/50125/aceite-facial-licopeno-anti-ox-deliplus-tipo-pieles-frasco~50125~2023-03-12 04:14:43.300423
Sérum facial intensivo Potenciador Retinol Regen Skin Deliplus evitar pieles sensibles~Frasco~30 ml~| 20,00 €/100 ml~6.0~/ud.~Cuidado facial y corporal >~Cuidado e higiene facial~https://tienda.mercadona.es/product/46873/serum-facial-intensivo-potenciador-retinol-regen-skin-deliplus-evitar-pieles-sensibles-frasco~46873~2023-03-12 04:14:43.976870
Sérum facial Despigmentante Anti-manchas Deliplus todo tipo de pieles~Frasco~30 ml~| 20,00 €/100 ml~6.0~/ud.~Cuidado facial y corporal >~Cuidado e higiene facial~https://tienda.mercadona.es/product/46948/serum-facial-despigmentante-anti-manchas-deliplus-tipo-pieles-frasco~46948~2023-03-12 04:14:44.652356
Sérum facial Sebo-regulador Equilibrio Deliplus pieles grasas y/o seborreicas~30 ml~| 20,00 €/100 ml~Not available~6.0~/ud.~Cuidado facial y corporal >~Cuidado e higiene facial~https://tienda.mercadona.es/product/50366/serum-facial-sebo-regulador-equilibrio-deliplus-pieles-grasas-yo-seborreicas~50366~2023-03-12 04:14:45.311358
Sérum facial Ácido Hialurónico y Ceramidas Hidrata Deliplus todo tipo de pieles~Frasco~30 ml~| 20,00 €/100 ml~6.0~/ud.~Cuidado facial y corporal >~Cuidado e higiene facial~https://tienda.mercadona.es/product/67596/serum-facial-acido-hialuronico-ceramidas-hidrata-deliplus-tipo-pieles-frasco~67596~2023-03-12 04:14:46.089447
Ampollas faciales Skin Care factores de crecimiento Deliplus todo tipo de pieles~Caja~7 ampollas (10,5 ml)~| 5,00 €/ud~5.0~/ud.~Cuidado facial y corporal >~Cuidado e higiene facial~https://tienda.mercadona.es/product/67807/ampollas-faciales-skin-care-factores-crecimiento-deliplus-tipo-pieles-caja~67807~2023-03-12 04:14:46.808413
Lote facial mujer My Moment Jade contiene 4 viales 15 ml y masajeador facial Nefrita blanca~Caja~1 ud.~| 12,00 €/ud~12.0~/ud.~Cuidado facial y corporal >~Cuidado e higiene facial~https://tienda.mercadona.es/product/35144/lote-facial-mujer-my-moment-jade-contiene-4-viales-15-ml-masajeador-facial-nefrita-blanca-caja~35144~2023-03-12 04:14:47.434994
Ampollas faciales Skin Care Vitamina C 20% Deliplus evitar pieles sensibles~Caja~7 ampollas (14 ml)~| 35,715 €/100 ml~5.0~/ud.~Cuidado facial y corporal >~Cuidado e higiene facial~https://tienda.mercadona.es/product/35326/ampollas-faciales-skin-care-vitamina-c-20-deliplus-evitar-pieles-sensibles-caja~35326~2023-03-12 04:14:48.114515
Ampollas faciales Skin Care AHA & PHA Deliplus evitar pieles sensibles~Caja~10 ampollas (20 ml)~| 20,00 €/100 ml~4.0~/ud.~Cuidado facial y corporal >~Cuidado e higiene facial~https://tienda.mercadona.es/product/67594/ampollas-faciales-skin-care-aha-pha-deliplus-evitar-pieles-sensibles-caja~67594~2023-03-12 04:14:48.816084
Bandas de cera facial Deliplus piel sensible~Paquete~16 ud.~| 0,075 €/ud~1.2~/ud.~Cuidado facial y corporal >~Depilación~https://tienda.mercadona.es/product/74079/bandas-cera-facial-deliplus-piel-sensible-paquete~74079~2023-03-12 04:15:36.337170
Bandas de cera especial piernas Deliplus piel sensible~Paquete~20 ud.~| 0,083 €/ud~1.65~/ud.~Cuidado facial y corporal >~Depilación~https://tienda.mercadona.es/product/74081/bandas-cera-especial-piernas-deliplus-piel-sensible-paquete~74081~2023-03-12 04:15:36.854312
Crema depilatoria hombre Deliplus piel normal bajo la ducha incluye manopla~Caja~200 ml~| 1,50 €/100 ml~3.0~/ud.~Cuidado facial y corporal >~Depilación~https://tienda.mercadona.es/product/86088/crema-depilatoria-hombre-deliplus-piel-normal-bajo-ducha-incluye-manopla-caja~86088~2023-03-12 04:15:37.301343
Crema depilatoria mujer para el cuerpo Deliplus piel sensible bajo la ducha incluye manopla~Bote~200 ml~| 1,50 €/100 ml~3.0~/ud.~Cuidado facial y corporal >~Depilación~https://tienda.mercadona.es/product/86089/crema-depilatoria-mujer-cuerpo-deliplus-piel-sensible-bajo-ducha-incluye-manopla-bote~86089~2023-03-12 04:15:37.761569
Crema decolorante rostro y cuerpo Deliplus piel sensible~Caja~150 ml~| 2,467 €/100 ml~3.7~/ud.~Cuidado facial y corporal >~Depilación~https://tienda.mercadona.es/product/60046/crema-decolorante-rostro-cuerpo-deliplus-piel-sensible-caja~60046~2023-03-12 04:15:38.224452
Cera caliente en tarro Deliplus piel sensible envase especial para microondas~Caja~1 tarro (250 g)~| 1,64 €/100 g~4.1~/ud.~Cuidado facial y corporal >~Depilación~https://tienda.mercadona.es/product/67534/cera-caliente-tarro-deliplus-piel-sensible-envase-especial-microondas-caja~67534~2023-03-12 04:15:38.740338
Bandas de cera facial Pure Veet piel sensible~Paquete~20 ud.~| 4,95 €/ud~4.95~/ud.~Cuidado facial y corporal >~Depilación~https://tienda.mercadona.es/product/35490/bandas-cera-facial-pure-veet-piel-sensible-paquete~35490~2023-03-12 04:15:39.229673
Cera caliente Profesional en perlas Deliplus piel normal~Bote~300 g~| 1,50 €/100 g~4.5~/ud.~Cuidado facial y corporal >~Depilación~https://tienda.mercadona.es/product/23311/cera-caliente-profesional-perlas-deliplus-piel-normal-bote~23311~2023-03-12 04:15:39.758069
Bandas de cera cuerpo y piernas Pure Veet piel sensible~Caja~20 bandas~| 0,275 €/ud~5.5~/ud.~Cuidado facial y corporal >~Depilación~https://tienda.mercadona.es/product/35498/bandas-cera-cuerpo-piernas-pure-veet-piel-sensible-caja~35498~2023-03-12 04:15:40.305541
Crema depilatoria Pure Veet piel sensible~Bote~200 ml~| 2,50 €/100 ml~5.0~/ud.~Cuidado facial y corporal >~Depilación~https://tienda.mercadona.es/product/45925/crema-depilatoria-pure-veet-piel-sensible-bote~45925~2023-03-12 04:15:40.969456
Crema depilatoria Veet for men piel sensible~Bote~200 ml~| 2,50 €/100 ml~5.0~/ud.~Cuidado facial y corporal >~Depilación~https://tienda.mercadona.es/product/75296/crema-depilatoria-veet-for-men-piel-sensible-bote~75296~2023-03-12 04:15:41.486140
Crema depilatoria facial Deliplus piel sensible con gel post depilación 10 ml~Caja~20 ml~| 9,50 €/100 ml~1.9~/ud.~Cuidado facial y corporal >~Depilación~https://tienda.mercadona.es/product/70646/crema-depilatoria-facial-deliplus-piel-sensible-con-gel-post-depilacion-10-ml-caja~70646~2023-03-12 04:15:41.992111
Cera caliente en cazuela Deliplus piel sensible~Caja~1 tarro (100 g)~| 3,10 €/100 g~3.1~/ud.~Cuidado facial y corporal >~Depilación~https://tienda.mercadona.es/product/15529/cera-caliente-cazuela-deliplus-piel-sensible-caja~15529~2023-03-12 04:15:42.507972
Pinza de cejas Deliplus oblicua~Paquete~1 ud.~| 2,00 €/ud~2.0~/ud.~Cuidado facial y corporal >~Cuidado e higiene facial~https://tienda.mercadona.es/product/78071/pinza-cejas-deliplus-oblicua-paquete~78071~2023-03-12 04:15:43.016604
Pinza de cejas Deliplus recta~Paquete~1 ud.~| 2,00 €/ud~2.0~/ud.~Cuidado facial y corporal >~Cuidado e higiene facial~https://tienda.mercadona.es/product/78073/pinza-cejas-deliplus-recta-paquete~78073~2023-03-12 04:15:43.545069
Maquinillas depilación mujer Deliplus Body 2 2 hojas~Paquete~5 ud.~| 0,20 €/ud~1.0~/ud.~Cuidado facial y corporal >~Depilación~https://tienda.mercadona.es/product/13573/maquinillas-depilacion-mujer-deliplus-body-2-2-hojas-paquete~13573~2023-03-12 04:15:44.099252
Maquinillas depilación mujer Deliplus Body 3 3 hojas~Paquete~4 ud.~| 0,538 €/ud~2.15~/ud.~Cuidado facial y corporal >~Depilación~https://tienda.mercadona.es/product/13574/maquinillas-depilacion-mujer-deliplus-body-3-3-hojas-paquete~13574~2023-03-12 04:15:44.599596
Maquinilla depilación desechable Gillette Simply Venus 2 hojas~Paquete~4 ud.~| 0,498 €/ud~1.99~/ud.~Cuidado facial y corporal >~Depilación~https://tienda.mercadona.es/product/45472/maquinilla-depilacion-desechable-gillette-simply-venus-2-hojas-paquete~45472~2023-03-12 04:15:45.105421
Maquinilla depilación desechable Colors Venus Gillette 3 hojas~Paquete~4 ud.~| 0,863 €/ud~3.45~/ud.~Cuidado facial y corporal >~Depilación~https://tienda.mercadona.es/product/67616/maquinilla-depilacion-desechable-colors-venus-gillette-3-hojas-paquete~67616~2023-03-12 04:15:45.596258
Maquinilla depilación recargable Venus Breeze Comfortglide Gillette 3 hojas con gel~Paquete~1 ud.~| 7,95 €/ud~7.95~/ud.~Cuidado facial y corporal >~Depilación~https://tienda.mercadona.es/product/15565/maquinilla-depilacion-recargable-venus-breeze-comfortglide-gillette-3-hojas-con-gel-paquete~15565~2023-03-12 04:15:46.101898
Recambios maquinilla depilación Venus Breeze Comfortglide Gillette 3 hojas con gel~Paquete~5 ud.~| 3,49 €/ud~17.45~/ud.~Cuidado facial y corporal >~Depilación~https://tienda.mercadona.es/product/13749/recambios-maquinilla-depilacion-venus-breeze-comfortglide-gillette-3-hojas-con-gel-paquete~13749~2023-03-12 04:15:46.605637
Maquinilla depilación recargable Venus Smooth Gillette 3 hojas con dos recambios~Paquete~1 ud.~| 7,50 €/ud~7.5~/ud.~Cuidado facial y corporal >~Depilación~https://tienda.mercadona.es/product/15568/maquinilla-depilacion-recargable-venus-smooth-gillette-3-hojas-con-dos-recambios-paquete~15568~2023-03-12 04:15:47.194107
Recambios maquinilla depilación Venus Smooth Gillette 3 hojas~Paquete~4 ud.~| 2,488 €/ud~9.95~/ud.~Cuidado facial y corporal >~Depilación~https://tienda.mercadona.es/product/15569/recambios-maquinilla-depilacion-venus-smooth-gillette-3-hojas-paquete~15569~2023-03-12 04:15:47.696008
Recambios maquinilla depilación Venus Snap Extra Smooth Gillette 5 hojas~Paquete~2 ud.~| 4,975 €/ud~9.95~/ud.~Cuidado facial y corporal >~Depilación~https://tienda.mercadona.es/product/15567/recambios-maquinilla-depilacion-venus-snap-extra-smooth-gillette-5-hojas-paquete~15567~2023-03-12 04:15:48.208347
Maquinilla depilación recargable Hydro Silk Wilkinson 5 hojas~Paquete~1 ud.~| 4,95 €/ud~4.95~/ud.~Cuidado facial y corporal >~Depilación~https://tienda.mercadona.es/product/79441/maquinilla-depilacion-recargable-hydro-silk-wilkinson-5-hojas-paquete~79441~2023-03-12 04:15:48.736196
Recambios maquinilla depilación Hydro Silk Wilkinson 5 hojas~Paquete~3 ud.~| 2,65 €/ud~7.95~/ud.~Cuidado facial y corporal >~Depilación~https://tienda.mercadona.es/product/79199/recambios-maquinilla-depilacion-hydro-silk-wilkinson-5-hojas-paquete~79199~2023-03-12 04:15:49.244556
Desodorante roll-on cuidado aloe Deliplus 0% alcohol~50 ml~| 1,70 €/100 ml~Not available~0.85~/ud.~Cuidado facial y corporal >~Desodorante~https://tienda.mercadona.es/product/46441/desodorante-roll-on-cuidado-aloe-deliplus-0-alcohol~46441~2023-03-12 04:26:40.167640
Desodorante roll-on dermo extra control Sanex 0% alcohol~50 ml~| 3,50 €/100 ml~Not available~1.75~/ud.~Cuidado facial y corporal >~Desodorante~https://tienda.mercadona.es/product/46028/desodorante-roll-on-dermo-extra-control-sanex-0-alcohol~46028~2023-03-12 04:26:40.767275
Desodorante roll-on mujer cuidado seda Deliplus 0% alcohol~50 ml~| 1,70 €/100 ml~Not available~0.85~/ud.~Cuidado facial y corporal >~Desodorante~https://tienda.mercadona.es/product/46418/desodorante-roll-on-mujer-cuidado-seda-deliplus-0-alcohol~46418~2023-03-12 04:26:41.327922
Desodorante roll-on mujer perfume afrutado Deliplus 0% alcohol~50 ml~| 1,70 €/100 ml~Not available~0.85~/ud.~Cuidado facial y corporal >~Desodorante~https://tienda.mercadona.es/product/46439/desodorante-roll-on-mujer-perfume-afrutado-deliplus-0-alcohol~46439~2023-03-12 04:26:41.878675
Desodorante roll-on mujer invisible Deliplus 0% alcohol~50 ml~| 1,70 €/100 ml~Not available~0.85~/ud.~Cuidado facial y corporal >~Desodorante~https://tienda.mercadona.es/product/46424/desodorante-roll-on-mujer-invisible-deliplus-0-alcohol~46424~2023-03-12 04:26:42.435521
Desodorante roll-on invisible black & white Nivea~50 ml~| 4,30 €/100 ml~Not available~2.15~/ud.~Cuidado facial y corporal >~Desodorante~https://tienda.mercadona.es/product/46029/desodorante-roll-on-invisible-black-white-nivea~46029~2023-03-12 04:26:42.975838
Desodorante roll-on cuidado avena Deliplus 0% alcohol~50 ml~| 1,70 €/100 ml~Not available~0.85~/ud.~Cuidado facial y corporal >~Desodorante~https://tienda.mercadona.es/product/46444/desodorante-roll-on-cuidado-avena-deliplus-0-alcohol~46444~2023-03-12 04:26:43.538088
Desodorante roll-on sensitive Byly sin perfume~50 ml~| 3,40 €/100 ml~Not available~1.7~/ud.~Cuidado facial y corporal >~Desodorante~https://tienda.mercadona.es/product/46025/desodorante-roll-on-sensitive-byly-sin-perfume~46025~2023-03-12 04:26:44.073645
Desodorante roll-on dermo sensitive Sanex 0% alcohol~50 ml~| 3,50 €/100 ml~Not available~1.75~/ud.~Cuidado facial y corporal >~Desodorante~https://tienda.mercadona.es/product/46156/desodorante-roll-on-dermo-sensitive-sanex-0-alcohol~46156~2023-03-12 04:26:44.635427
Desodorante roll-on invisible black & white Nivea Men~50 ml~| 4,30 €/100 ml~Not available~2.15~/ud.~Cuidado facial y corporal >~Desodorante~https://tienda.mercadona.es/product/46030/desodorante-roll-on-invisible-black-white-nivea-men~46030~2023-03-12 04:26:45.181376
Desodorante roll-on dry impact Nivea Men~50 ml~| 4,30 €/100 ml~Not available~2.15~/ud.~Cuidado facial y corporal >~Desodorante~https://tienda.mercadona.es/product/46016/desodorante-roll-on-dry-impact-nivea-men~46016~2023-03-12 04:26:45.737269
Desodorante stick original Tulipán Negro 0% parabenos y sales de aluminio~100 ml~| 2,40 €/100 ml~Not available~2.4~/ud.~Cuidado facial y corporal >~Desodorante~https://tienda.mercadona.es/product/46087/desodorante-stick-original-tulipan-negro-0-parabenos-sales-aluminio~46087~2023-03-12 04:26:46.280869
Desodorante roll-on active control Sanex men 0% alcohol~50 ml~| 3,50 €/100 ml~Not available~1.75~/ud.~Cuidado facial y corporal >~Desodorante~https://tienda.mercadona.es/product/45078/desodorante-roll-on-active-control-sanex-men-0-alcohol~45078~2023-03-12 04:26:46.888977
Desodorante roll-on hombre invisible Deliplus antimanchas 0% alcohol~50 ml~| 1,70 €/100 ml~Not available~0.85~/ud.~Cuidado facial y corporal >~Desodorante~https://tienda.mercadona.es/product/46416/desodorante-roll-on-hombre-invisible-deliplus-antimanchas-0-alcohol~46416~2023-03-12 04:26:47.546914
Desodorante en crema Deliplus pieles delicadas 0% alcohol~50 ml~| 3,20 €/100 ml~Not available~1.6~/ud.~Cuidado facial y corporal >~Desodorante~https://tienda.mercadona.es/product/46794/desodorante-crema-deliplus-pieles-delicadas-0-alcohol~46794~2023-03-12 04:26:48.102320
Desodorante en crema original Dove 0% alcohol~50 ml~| 4,60 €/100 ml~Not available~2.3~/ud.~Cuidado facial y corporal >~Desodorante~https://tienda.mercadona.es/product/45483/desodorante-crema-original-dove-0-alcohol~45483~2023-03-12 04:26:48.656016
Desodorante piedra de alumbre mineral Deonat para todo tipo de pieles~60 g~| 3,667 €/100 g~Not available~2.2~/ud.~Cuidado facial y corporal >~Desodorante~https://tienda.mercadona.es/product/46989/desodorante-piedra-alumbre-mineral-deonat-tipo-pieles~46989~2023-03-12 04:26:49.226480
Desodorante en crema sensitive seda Byly~Tubo~25 ml~| 8,60 €/100 ml~2.15~/ud.~Cuidado facial y corporal >~Desodorante~https://tienda.mercadona.es/product/46020/desodorante-crema-sensitive-seda-byly-tubo~46020~2023-03-12 04:26:49.824297
Desodorante stick cuidado dermo Deliplus antimanchas 0% alcohol~50 ml~| 3,00 €/100 ml~Not available~1.5~/ud.~Cuidado facial y corporal >~Desodorante~https://tienda.mercadona.es/product/46622/desodorante-stick-cuidado-dermo-deliplus-antimanchas-0-alcohol~46622~2023-03-12 04:26:50.375817
Desodorante roll-on original Dove 0% alcohol~50 ml~| 4,30 €/100 ml~Not available~2.15~/ud.~Cuidado facial y corporal >~Desodorante~https://tienda.mercadona.es/product/47190/desodorante-roll-on-original-dove-0-alcohol~47190~2023-03-12 04:26:50.913252
Desodorante roll-on Zero % Sanex 0% aluminio y 0% alcohol~50 ml~| 3,50 €/100 ml~Not available~1.75~/ud.~Cuidado facial y corporal >~Desodorante~https://tienda.mercadona.es/product/47252/desodorante-roll-on-zero-sanex-0-aluminio-0-alcohol~47252~2023-03-12 04:26:51.478693
Desodorante cuidado aloe Deliplus 0% alcohol~Spray~200 ml~| 0,90 €/100 ml~1.8~/ud.~Cuidado facial y corporal >~Desodorante~https://tienda.mercadona.es/product/46440/desodorante-cuidado-aloe-deliplus-0-alcohol-spray~46440~2023-03-12 04:26:52.068956
Desodorante body spray Aqua Deliplus~Spray~200 ml~| 1,00 €/100 ml~2.0~/ud.~Cuidado facial y corporal >~Desodorante~https://tienda.mercadona.es/product/23515/desodorante-body-spray-aqua-deliplus-spray~23515~2023-03-12 04:26:52.646857
Desodorante body spray Power Deliplus~Spray~200 ml~| 1,00 €/100 ml~2.0~/ud.~Cuidado facial y corporal >~Desodorante~https://tienda.mercadona.es/product/23513/desodorante-body-spray-power-deliplus-spray~23513~2023-03-12 04:26:53.229983
Desodorante invisible black + white Rexona~Spray~200 ml~| 1,245 €/100 ml~2.49~/ud.~Cuidado facial y corporal >~Desodorante~https://tienda.mercadona.es/product/44398/desodorante-invisible-black-white-rexona-spray~44398~2023-03-12 04:26:53.811724
Desodorante body spray Green Deliplus~Spray~200 ml~| 1,00 €/100 ml~2.0~/ud.~Cuidado facial y corporal >~Desodorante~https://tienda.mercadona.es/product/23514/desodorante-body-spray-green-deliplus-spray~23514~2023-03-12 04:26:54.406210
Desodorante invisible ice fresh Rexona Men~Spray~200 ml~| 1,245 €/100 ml~2.49~/ud.~Cuidado facial y corporal >~Desodorante~https://tienda.mercadona.es/product/44400/desodorante-invisible-ice-fresh-rexona-men-spray~44400~2023-03-12 04:26:55.015666
Desodorante original Dove 0% alcohol~Spray~200 ml~| 1,50 €/100 ml~3.0~/ud.~Cuidado facial y corporal >~Desodorante~https://tienda.mercadona.es/product/46038/desodorante-original-dove-0-alcohol-spray~46038~2023-03-12 04:26:55.614392
Desodorante invisible Black & White Nivea~Spray~200 ml~| 1,375 €/100 ml~2.75~/ud.~Cuidado facial y corporal >~Desodorante~https://tienda.mercadona.es/product/22125/desodorante-invisible-black-white-nivea-spray~22125~2023-03-12 04:26:56.204673
Desodorante mujer invisible Deliplus antimanchas 0% alcohol~Spray~200 ml~| 0,90 €/100 ml~1.8~/ud.~Cuidado facial y corporal >~Desodorante~https://tienda.mercadona.es/product/46420/desodorante-mujer-invisible-deliplus-antimanchas-0-alcohol-spray~46420~2023-03-12 04:26:56.795956
Desodorante mujer cuidado seda Deliplus 0% alcohol~Spray~200 ml~| 0,90 €/100 ml~1.8~/ud.~Cuidado facial y corporal >~Desodorante~https://tienda.mercadona.es/product/46417/desodorante-mujer-cuidado-seda-deliplus-0-alcohol-spray~46417~2023-03-12 04:26:57.406931
Desodorante invisible Black & White Nivea Men~Spray~200 ml~| 1,375 €/100 ml~2.75~/ud.~Cuidado facial y corporal >~Desodorante~https://tienda.mercadona.es/product/22124/desodorante-invisible-black-white-nivea-men-spray~22124~2023-03-12 04:26:57.980154
Desodorante hombre invisible Deliplus antimanchas 0% alcohol~Spray~200 ml~| 0,90 €/100 ml~1.8~/ud.~Cuidado facial y corporal >~Desodorante~https://tienda.mercadona.es/product/46415/desodorante-hombre-invisible-deliplus-antimanchas-0-alcohol-spray~46415~2023-03-12 04:26:58.580072
Desodorante mujer perfume afrutado Deliplus 0% alcohol~Spray~200 ml~| 0,90 €/100 ml~1.8~/ud.~Cuidado facial y corporal >~Desodorante~https://tienda.mercadona.es/product/46434/desodorante-mujer-perfume-afrutado-deliplus-0-alcohol-spray~46434~2023-03-12 04:26:59.185362
Desodorante hombre Gold Temptation Axe Essentiel~Spray~150 ml~| 1,467 €/100 ml~2.2~/ud.~Cuidado facial y corporal >~Desodorante~https://tienda.mercadona.es/product/22598/desodorante-hombre-gold-temptation-axe-essentiel-spray~22598~2023-03-12 04:26:59.768867
Desodorante hombre Dark Temptation XL Axe~Spray~200 ml~| 2,00 €/100 ml~4.0~/ud.~Cuidado facial y corporal >~Desodorante~https://tienda.mercadona.es/product/22515/desodorante-hombre-dark-temptation-xl-axe-spray~22515~2023-03-12 04:27:00.366798
Desodorante cobalt dry Rexona~Spray~200 ml~| 1,245 €/100 ml~2.49~/ud.~Cuidado facial y corporal >~Desodorante~https://tienda.mercadona.es/product/44399/desodorante-cobalt-dry-rexona-spray~44399~2023-03-12 04:27:01.162754
Desodorante hombre Black XL Axe~Spray~200 ml~| 2,00 €/100 ml~4.0~/ud.~Cuidado facial y corporal >~Desodorante~https://tienda.mercadona.es/product/22516/desodorante-hombre-black-xl-axe-spray~22516~2023-03-12 04:27:01.788835
Desodorante dermo extra control Sanex 0% alcohol~Spray~200 ml~| 1,275 €/100 ml~2.55~/ud.~Cuidado facial y corporal >~Desodorante~https://tienda.mercadona.es/product/46107/desodorante-dermo-extra-control-sanex-0-alcohol-spray~46107~2023-03-12 04:27:02.384041
Desodorante delicado avena Deliplus 0% alcohol~Spray~200 ml~| 0,90 €/100 ml~1.8~/ud.~Cuidado facial y corporal >~Desodorante~https://tienda.mercadona.es/product/46443/desodorante-delicado-avena-deliplus-0-alcohol-spray~46443~2023-03-12 04:27:02.973397
Desodorante Lactovit~Spray~200 ml~| 1,375 €/100 ml~2.75~/ud.~Cuidado facial y corporal >~Desodorante~https://tienda.mercadona.es/product/46001/desodorante-lactovit-spray~46001~2023-03-12 04:27:03.564594
Desodorante hombre Marine XL Axe~Spray~200 ml~| 2,00 €/100 ml~4.0~/ud.~Cuidado facial y corporal >~Desodorante~https://tienda.mercadona.es/product/22514/desodorante-hombre-marine-xl-axe-spray~22514~2023-03-12 04:27:04.172516
Desodorante original Heno de Pravia~Spray~250 ml~| 1,10 €/100 ml~2.75~/ud.~Cuidado facial y corporal >~Desodorante~https://tienda.mercadona.es/product/46122/desodorante-original-heno-pravia-spray~46122~2023-03-12 04:27:04.747543
Desodorante cuidado aloe Deliplus 0% alcohol~Spray~75 ml~| 2,134 €/100 ml~1.6~/ud.~Cuidado facial y corporal >~Desodorante~https://tienda.mercadona.es/product/46447/desodorante-cuidado-aloe-deliplus-0-alcohol-spray~46447~2023-03-12 04:27:05.341405
Desodorante mujer pure natural 9.60~Spray~150 ml~| 1,467 €/100 ml~2.2~/ud.~Cuidado facial y corporal >~Desodorante~https://tienda.mercadona.es/product/78782/desodorante-mujer-pure-natural-960-spray~78782~2023-03-12 04:27:05.935845
Desodorante hombre natural 9.60 sin gas~Spray~150 ml~| 1,467 €/100 ml~2.2~/ud.~Cuidado facial y corporal >~Desodorante~https://tienda.mercadona.es/product/78843/desodorante-hombre-natural-960-sin-gas-spray~78843~2023-03-12 04:27:06.539020
Desodorante Zero % Sanex 0% aluminio y 0% alcohol~Spray~200 ml~| 1,275 €/100 ml~2.55~/ud.~Cuidado facial y corporal >~Desodorante~https://tienda.mercadona.es/product/47256/desodorante-zero-sanex-0-aluminio-0-alcohol-spray~47256~2023-03-12 04:27:07.139188
Polvos desodorantes para pies Deliplus~Bote~75 g~| 2,667 €/100 g~2.0~/ud.~Cuidado facial y corporal >~Desodorante~https://tienda.mercadona.es/product/46019/polvos-desodorantes-pies-deliplus-bote~46019~2023-03-12 04:27:07.743062
Desodorante fresh & dry para pies Deliplus~Spray~150 ml~| 1,334 €/100 ml~2.0~/ud.~Cuidado facial y corporal >~Desodorante~https://tienda.mercadona.es/product/46999/desodorante-fresh-dry-pies-deliplus-spray~46999~2023-03-12 04:27:08.359127
Toallitas desodorantes con aloe vera Deliplus~Paquete~20 ud.~| 0,075 €/ud~1.5~/ud.~Cuidado facial y corporal >~Desodorante~https://tienda.mercadona.es/product/47050/toallitas-desodorantes-con-aloe-vera-deliplus-paquete~47050~2023-03-12 04:27:08.966479
Gel de baño frutal Deliplus piel normal~Botella~1 L~| 0,10 €/100 ml~1.0~/ud.~Cuidado facial y corporal >~Gel y jabón de manos~https://tienda.mercadona.es/product/46582/gel-bano-frutal-deliplus-piel-normal-botella~46582~2023-03-12 04:39:38.755799
Gel de baño oliva Deliplus piel seca~Botella~750 ml~| 0,16 €/100 ml~1.2~/ud.~Cuidado facial y corporal >~Gel y jabón de manos~https://tienda.mercadona.es/product/23829/gel-bano-oliva-deliplus-piel-seca-botella~23829~2023-03-12 04:39:39.348920
Gel de baño frescor azul Deliplus piel normal~Botella~750 ml~| 0,10 €/100 ml~0.75~/ud.~Cuidado facial y corporal >~Gel y jabón de manos~https://tienda.mercadona.es/product/46567/gel-bano-frescor-azul-deliplus-piel-normal-botella~46567~2023-03-12 04:39:39.887177
Gel de baño hidratante Natural Honey~Botella~900 ml~| 0,278 €/100 ml~2.5~/ud.~Cuidado facial y corporal >~Gel y jabón de manos~https://tienda.mercadona.es/product/35306/gel-bano-hidratante-natural-honey-botella~35306~2023-03-12 04:39:40.444103
Gel de baño leche & miel Deliplus piel normal~Botella~750 ml~| 0,16 €/100 ml~1.2~/ud.~Cuidado facial y corporal >~Gel y jabón de manos~https://tienda.mercadona.es/product/44909/gel-bano-leche-miel-deliplus-piel-normal-botella~44909~2023-03-12 04:39:40.973137
Gel-Champú de baño dermoprotector Deliplus para cuerpo y cabello~Bote~250 ml~| 0,40 €/100 ml~1.0~/ud.~Cuidado facial y corporal >~Gel y jabón de manos~https://tienda.mercadona.es/product/45204/gel-champu-bano-dermoprotector-deliplus-cuerpo-cabello-bote~45204~2023-03-12 04:39:41.531154
Gel de baño tiernos recuerdos Deliplus piel normal~Botella~750 ml~| 0,16 €/100 ml~1.2~/ud.~Cuidado facial y corporal >~Gel y jabón de manos~https://tienda.mercadona.es/product/44910/gel-bano-tiernos-recuerdos-deliplus-piel-normal-botella~44910~2023-03-12 04:39:42.082537
Gel de baño avena Deliplus piel sensible~Botella~750 ml~| 0,16 €/100 ml~1.2~/ud.~Cuidado facial y corporal >~Gel y jabón de manos~https://tienda.mercadona.es/product/23184/gel-bano-avena-deliplus-piel-sensible-botella~23184~2023-03-12 04:39:42.642699
Gel de baño coco Deliplus piel normal~Botella~750 ml~| 0,16 €/100 ml~1.2~/ud.~Cuidado facial y corporal >~Gel y jabón de manos~https://tienda.mercadona.es/product/44908/gel-bano-coco-deliplus-piel-normal-botella~44908~2023-03-12 04:39:43.211956
Gel de baño hidratación profunda Dove~Botella~540 ml~| 0,602 €/100 ml~3.25~/ud.~Cuidado facial y corporal >~Gel y jabón de manos~https://tienda.mercadona.es/product/45547/gel-bano-hidratacion-profunda-dove-botella~45547~2023-03-12 04:39:43.769126
Envase rellenable Deliplus tamaño viaje~Bote~100 ml~| 0,90 €/ud~0.9~/ud.~Cuidado del cabello >~Champú~https://tienda.mercadona.es/product/45297/envase-rellenable-deliplus-tamano-viaje-bote~45297~2023-03-12 04:39:44.326016
Gel de baño con sales minerales La Toja~Botella~550 ml~| 0,491 €/100 ml~2.7~/ud.~Cuidado facial y corporal >~Gel y jabón de manos~https://tienda.mercadona.es/product/44949/gel-bano-con-sales-minerales-toja-botella~44949~2023-03-12 04:39:44.907754
Gel de baño vainilla Deliplus crema de ducha piel normal~Botella~750 ml~| 0,16 €/100 ml~1.2~/ud.~Cuidado facial y corporal >~Gel y jabón de manos~https://tienda.mercadona.es/product/22380/gel-bano-vainilla-deliplus-crema-ducha-piel-normal-botella~22380~2023-03-12 04:39:45.494991
Gel de baño classic original Magno~Botella~550 ml~| 0,619 €/100 ml~3.4~/ud.~Cuidado facial y corporal >~Gel y jabón de manos~https://tienda.mercadona.es/product/46909/gel-bano-classic-original-magno-botella~46909~2023-03-12 04:39:46.127582
Gel de baño jabón natural glicerina Deliplus piel grasa~Botella~750 ml~| 0,187 €/100 ml~1.4~/ud.~Cuidado facial y corporal >~Gel y jabón de manos~https://tienda.mercadona.es/product/45148/gel-bano-jabon-natural-glicerina-deliplus-piel-grasa-botella~45148~2023-03-12 04:39:46.695379
Gel de baño argán Deliplus piel muy seca~Botella~500 ml~| 0,28 €/100 ml~1.4~/ud.~Cuidado facial y corporal >~Gel y jabón de manos~https://tienda.mercadona.es/product/44907/gel-bano-argan-deliplus-piel-muy-seca-botella~44907~2023-03-12 04:39:47.244910
Gel de baño nutritivo Lactovit piel normal-seca~Botella~750 ml~| 0,40 €/100 ml~3.0~/ud.~Cuidado facial y corporal >~Gel y jabón de manos~https://tienda.mercadona.es/product/35668/gel-bano-nutritivo-lactovit-piel-normal-seca-botella~35668~2023-03-12 04:39:47.799550
Gel de baño dermoprotector Sanex piel normal~Bote~850 ml~| 0,53 €/100 ml~4.5~/ud.~Cuidado facial y corporal >~Gel y jabón de manos~https://tienda.mercadona.es/product/67906/gel-bano-dermoprotector-sanex-piel-normal-bote~67906~2023-03-12 04:39:48.373969
Gel de baño 10% urea Deliplus piel áspera y deshidratada~Botella~500 ml~| 0,40 €/100 ml~2.0~/ud.~Cuidado facial y corporal >~Gel y jabón de manos~https://tienda.mercadona.es/product/44915/gel-bano-10-urea-deliplus-piel-aspera-deshidratada-botella~44915~2023-03-12 04:39:48.932136
Gel aceite de baño Deliplus pieles atópicas~Botella~500 ml~| 0,70 €/100 ml~3.5~/ud.~Cuidado facial y corporal >~Gel y jabón de manos~https://tienda.mercadona.es/product/44914/gel-aceite-bano-deliplus-pieles-atopicas-botella~44914~2023-03-12 04:39:49.495675
Gel de baño 98% natural Deliplus piel normal~Botella~500 ml~| 0,40 €/100 ml~2.0~/ud.~Cuidado facial y corporal >~Gel y jabón de manos~https://tienda.mercadona.es/product/44911/gel-bano-98-natural-deliplus-piel-normal-botella~44911~2023-03-12 04:39:50.068991
Gel de baño micelar Deliplus~Bote~750 ml~| 0,24 €/100 ml~1.8~/ud.~Cuidado facial y corporal >~Gel y jabón de manos~https://tienda.mercadona.es/product/35217/gel-bano-micelar-deliplus-bote~35217~2023-03-12 04:39:50.634547
Gel de baño exfoliante Té Chai Deliplus piel normal~Botella~500 ml~| 0,50 €/100 ml~2.5~/ud.~Cuidado facial y corporal >~Gel y jabón de manos~https://tienda.mercadona.es/product/35304/gel-bano-exfoliante-te-chai-deliplus-piel-normal-botella~35304~2023-03-12 04:39:51.285533
Jabón de manos Beauty Cream Bar Dove pastilla~Paquete~4 ud. (360 g)~| 0,723 €/100 g~2.6~/ud.~Cuidado facial y corporal >~Gel y jabón de manos~https://tienda.mercadona.es/product/67908/jabon-manos-beauty-cream-bar-dove-pastilla-paquete~67908~2023-03-12 04:39:51.850896
Jabón de manos natural original Heno de Pravia pastilla~Paquete~3 ud. (450 g)~| 0,556 €/100 g~2.5~/ud.~Cuidado facial y corporal >~Gel y jabón de manos~https://tienda.mercadona.es/product/45007/jabon-manos-natural-original-heno-pravia-pastilla-paquete~45007~2023-03-12 04:39:52.393873
Jabón de manos glicerina 100% natural Deliplus pastilla~Paquete~125 g~| 0,80 €/100 g~1.0~/ud.~Cuidado facial y corporal >~Gel y jabón de manos~https://tienda.mercadona.es/product/46882/jabon-manos-glicerina-100-natural-deliplus-pastilla-paquete~46882~2023-03-12 04:39:52.920883
Jabón de manos dermoprotector Deliplus líquido~Bote~500 ml~| 0,18 €/100 ml~0.9~/ud.~Cuidado facial y corporal >~Gel y jabón de manos~https://tienda.mercadona.es/product/46699/jabon-manos-dermoprotector-deliplus-liquido-bote~46699~2023-03-12 04:39:53.402765
Jabón de manos hidratante con avena Deliplus líquido~Bote~500 ml~| 0,26 €/100 ml~1.3~/ud.~Cuidado facial y corporal >~Gel y jabón de manos~https://tienda.mercadona.es/product/46700/jabon-manos-hidratante-con-avena-deliplus-liquido-bote~46700~2023-03-12 04:39:53.938394
Jabón de manos kids Deliplus líquido~Bote~500 ml~| 0,26 €/100 ml~1.3~/ud.~Cuidado facial y corporal >~Gel y jabón de manos~https://tienda.mercadona.es/product/46701/jabon-manos-kids-deliplus-liquido-bote~46701~2023-03-12 04:39:54.482083
Jabón de manos tiernos recuerdos Deliplus líquido~Bote~500 ml~| 0,26 €/100 ml~1.3~/ud.~Cuidado facial y corporal >~Gel y jabón de manos~https://tienda.mercadona.es/product/46696/jabon-manos-tiernos-recuerdos-deliplus-liquido-bote~46696~2023-03-12 04:39:55.078229
Jabón de manos natural de glicerina Deliplus líquido~Bote~500 ml~| 0,30 €/100 ml~1.5~/ud.~Cuidado facial y corporal >~Gel y jabón de manos~https://tienda.mercadona.es/product/46697/jabon-manos-natural-glicerina-deliplus-liquido-bote~46697~2023-03-12 04:39:55.675981
Jabón de manos neutralizante de olores Deliplus líquido especial cocina~Bote~500 ml~| 0,32 €/100 ml~1.6~/ud.~Cuidado facial y corporal >~Gel y jabón de manos~https://tienda.mercadona.es/product/46704/jabon-manos-neutralizante-olores-deliplus-liquido-especial-cocina-bote~46704~2023-03-12 04:39:56.326196
Jabón de manos sandalwood & coconut Deliplus líquido~Bote~300 ml~| 0,734 €/100 ml~2.2~/ud.~Cuidado facial y corporal >~Gel y jabón de manos~https://tienda.mercadona.es/product/46774/jabon-manos-sandalwood-coconut-deliplus-liquido-bote~46774~2023-03-12 04:39:56.891188
Gel limpiador de manos sin aclarado Deliplus fragancia frutal~Bote~50 ml~| 2,60 €/100 ml~1.3~/ud.~Cuidado facial y corporal >~Gel y jabón de manos~https://tienda.mercadona.es/product/79179/gel-limpiador-manos-sin-aclarado-deliplus-fragancia-frutal-bote~79179~2023-03-12 04:39:57.442041
Gel de manos desinfectante Deliplus~Bote~75 ml~| 1,867 €/100 ml~1.4~/ud.~Cuidado facial y corporal >~Gel y jabón de manos~https://tienda.mercadona.es/product/77007/gel-manos-desinfectante-deliplus-bote~77007~2023-03-12 04:39:58.006256
Gel de manos hidroalcohólico 80% alcohol Deliplus antiséptico sin aclarado~Bote~500 ml~| 0,62 €/100 ml~3.1~/ud.~Cuidado facial y corporal >~Gel y jabón de manos~https://tienda.mercadona.es/product/77466/gel-manos-hidroalcoholico-80-alcohol-deliplus-antiseptico-sin-aclarado-bote~77466~2023-03-12 04:39:58.579050
Recarga jabón de manos dermoprotector Deliplus líquido~Paquete~1 L~| 0,15 €/100 ml~1.5~/ud.~Cuidado facial y corporal >~Gel y jabón de manos~https://tienda.mercadona.es/product/22905/recarga-jabon-manos-dermoprotector-deliplus-liquido-paquete~22905~2023-03-12 04:39:59.159151
Esponjas de baño con jabón Deliplus de usar y tirar~Paquete~10 ud.~| 0,12 €/ud~1.2~/ud.~Cuidado facial y corporal >~Gel y jabón de manos~https://tienda.mercadona.es/product/45717/esponjas-bano-con-jabon-deliplus-usar-tirar-paquete~45717~2023-03-12 04:39:59.847174
Esponja de baño flor Deliplus exfoliación suave~Paquete~1 ud.~| 0,85 €/ud~0.85~/ud.~Cuidado facial y corporal >~Gel y jabón de manos~https://tienda.mercadona.es/product/13654/esponja-bano-flor-deliplus-exfoliacion-suave-paquete~13654~2023-03-12 04:40:00.488957
Esponja de baño doble acción suave masaje Deliplus~Paquete~2 ud.~| 0,65 €/ud~1.3~/ud.~Cuidado facial y corporal >~Gel y jabón de manos~https://tienda.mercadona.es/product/45711/esponja-bano-doble-accion-suave-masaje-deliplus-paquete~45711~2023-03-12 04:40:01.041091
Esponja de baño suave Deliplus~Paquete~2 ud.~| 0,65 €/ud~1.3~/ud.~Cuidado facial y corporal >~Gel y jabón de manos~https://tienda.mercadona.es/product/45710/esponja-bano-suave-deliplus-paquete~45710~2023-03-12 04:40:01.595025
Esponja de baño exfoliación intensa Deliplus~Paquete~1 ud.~| 1,00 €/ud~1.0~/ud.~Cuidado facial y corporal >~Gel y jabón de manos~https://tienda.mercadona.es/product/45715/esponja-bano-exfoliacion-intensa-deliplus-paquete~45715~2023-03-12 04:40:02.158398
Esponja de baño vegetal fibras naturales Deliplus~Paquete~1 ud.~| 1,40 €/ud~1.4~/ud.~Cuidado facial y corporal >~Gel y jabón de manos~https://tienda.mercadona.es/product/79707/esponja-bano-vegetal-fibras-naturales-deliplus-paquete~79707~2023-03-12 04:40:02.756785
Esponja de baño rizo suave Deliplus~Paquete~2 ud.~| 0,65 €/ud~1.3~/ud.~Cuidado facial y corporal >~Gel y jabón de manos~https://tienda.mercadona.es/product/23662/esponja-bano-rizo-suave-deliplus-paquete~23662~2023-03-12 04:40:03.331101
Esponja de baño dermo agua Deliplus intensifica la espuma~Paquete~1 ud.~| 1,50 €/ud~1.5~/ud.~Cuidado facial y corporal >~Gel y jabón de manos~https://tienda.mercadona.es/product/45716/esponja-bano-dermo-agua-deliplus-intensifica-espuma-paquete~45716~2023-03-12 04:40:03.903159
Guante de Crin exfoliante Deliplus~Paquete~1 ud.~| 2,15 €/ud~2.15~/ud.~Cuidado facial y corporal >~Gel y jabón de manos~https://tienda.mercadona.es/product/13655/guante-crin-exfoliante-deliplus-paquete~13655~2023-03-12 04:40:04.461907
Esponja de baño infantil Disney~Paquete~1 ud.~| 1,60 €/ud~1.6~/ud.~Cuidado facial y corporal >~Gel y jabón de manos~https://tienda.mercadona.es/product/44973/esponja-bano-infantil-disney-paquete~44973~2023-03-12 04:40:05.100987
Cepillo de baño Deliplus~1 ud.~| 3,00 €/ud~Not available~3.0~/ud.~Cuidado facial y corporal >~Gel y jabón de manos~https://tienda.mercadona.es/product/86644/cepillo-bano-deliplus~86644~2023-03-12 04:40:05.668771
Toalla turbante seca pelo microfibra Deliplus~1 ud.~| 2,70 €/ud~Not available~2.7~/ud.~Cuidado facial y corporal >~Gel y jabón de manos~https://tienda.mercadona.es/product/22775/toalla-turbante-seca-pelo-microfibra-deliplus~22775~2023-03-12 04:40:06.266376
Dentífrico Triple Acción Colgate con flúor menta original~Tubo~100 ml~| 1,85 €/100 ml~1.85~/ud.~Cuidado facial y corporal >~Higiene bucal~https://tienda.mercadona.es/product/73978/dentifrico-triple-accion-colgate-con-fluor-menta-original-tubo~73978~2023-03-12 04:51:59.601618
Dentífrico Pro-Expert Oral-B con flúor menta fresca~Tubo~85 ml~| 3,53 €/100 ml~3.0~/ud.~Cuidado facial y corporal >~Higiene bucal~https://tienda.mercadona.es/product/79080/dentifrico-pro-expert-oral-b-con-fluor-menta-fresca-tubo~79080~2023-03-12 04:52:00.150101
Dentífrico Original Colgate total con flúor~Tubo~75 ml~| 3,267 €/100 ml~2.45~/ud.~Cuidado facial y corporal >~Higiene bucal~https://tienda.mercadona.es/product/79593/dentifrico-original-colgate-total-con-fluor-tubo~79593~2023-03-12 04:52:00.705215
Dentífrico Blanqueador Bicarbonato Signal~Tubo~100 ml~| 1,75 €/100 ml~1.75~/ud.~Cuidado facial y corporal >~Higiene bucal~https://tienda.mercadona.es/product/74044/dentifrico-blanqueador-bicarbonato-signal-tubo~74044~2023-03-12 04:52:01.256864
Dentífrico Protección Caries Colgate~Tubo~100 ml~| 1,85 €/100 ml~1.85~/ud.~Cuidado facial y corporal >~Higiene bucal~https://tienda.mercadona.es/product/73979/dentifrico-proteccion-caries-colgate-tubo~73979~2023-03-12 04:52:01.830417
Dentífrico Bicarbonato blanqueador Deliplus~Tubo~100 ml~| 1,10 €/100 ml~1.1~/ud.~Cuidado facial y corporal >~Higiene bucal~https://tienda.mercadona.es/product/46724/dentifrico-bicarbonato-blanqueador-deliplus-tubo~46724~2023-03-12 04:52:02.408094
Dentífrico Repair & Protect Sensodyne con flúor~Tubo~75 ml~| 6,00 €/100 ml~4.5~/ud.~Cuidado facial y corporal >~Higiene bucal~https://tienda.mercadona.es/product/13869/dentifrico-repair-protect-sensodyne-con-fluor-tubo~13869~2023-03-12 04:52:02.966997
Dentífrico Blanqueante Sensodyne~Tubo~75 ml~| 5,134 €/100 ml~3.85~/ud.~Cuidado facial y corporal >~Higiene bucal~https://tienda.mercadona.es/product/13868/dentifrico-blanqueante-sensodyne-tubo~13868~2023-03-12 04:52:03.538460
Dentífrico Max White One Colgate~Tubo~75 ml~| 4,00 €/100 ml~3.0~/ud.~Cuidado facial y corporal >~Higiene bucal~https://tienda.mercadona.es/product/73431/dentifrico-max-white-one-colgate-tubo~73431~2023-03-12 04:52:04.107466
Dentífrico Max Fresh Colgate~Tubo~100 ml~| 2,60 €/100 ml~2.6~/ud.~Cuidado facial y corporal >~Higiene bucal~https://tienda.mercadona.es/product/73999/dentifrico-max-fresh-colgate-tubo~73999~2023-03-12 04:52:04.694173
Dentífrico Fresh Gel menta extra refrescante Deliplus~Tubo~100 ml~| 1,10 €/100 ml~1.1~/ud.~Cuidado facial y corporal >~Higiene bucal~https://tienda.mercadona.es/product/46730/dentifrico-fresh-gel-menta-extra-refrescante-deliplus-tubo~46730~2023-03-12 04:52:05.270028
Dentífrico Herbal Deliplus con flúor jengibre, aceite árbol de té, manzanilla y mirra~Tubo~100 ml~| 1,10 €/100 ml~1.1~/ud.~Cuidado facial y corporal >~Higiene bucal~https://tienda.mercadona.es/product/46995/dentifrico-herbal-deliplus-con-fluor-jengibre-aceite-arbol-te-manzanilla-mirra-tubo~46995~2023-03-12 04:52:05.848670
Dentífrico Cuidado Encías Deliplus con flúor~Tubo~100 ml~| 1,50 €/100 ml~1.5~/ud.~Cuidado facial y corporal >~Higiene bucal~https://tienda.mercadona.es/product/46785/dentifrico-cuidado-encias-deliplus-con-fluor-tubo~46785~2023-03-12 04:52:06.418684
Dentífrico Dental Pearl Deliplus blanqueador~Tubo~100 ml~| 1,95 €/100 ml~1.95~/ud.~Cuidado facial y corporal >~Higiene bucal~https://tienda.mercadona.es/product/46727/dentifrico-dental-pearl-deliplus-blanqueador-tubo~46727~2023-03-12 04:52:06.998130
Dentífrico gel White Effect Deliplus 2 en 1~Bote~100 ml~| 1,05 €/100 ml~1.05~/ud.~Cuidado facial y corporal >~Higiene bucal~https://tienda.mercadona.es/product/46993/dentifrico-gel-white-effect-deliplus-2-1-bote~46993~2023-03-12 04:52:07.571326
Dentífrico gel Clorofila Fresh Deliplus 2 en 1~Bote~100 ml~| 1,05 €/100 ml~1.05~/ud.~Cuidado facial y corporal >~Higiene bucal~https://tienda.mercadona.es/product/46895/dentifrico-gel-clorofila-fresh-deliplus-2-1-bote~46895~2023-03-12 04:52:08.152520
Dentífrico Anticaries Deliplus~Tubo~100 ml~| 1,00 €/100 ml~1.0~/ud.~Cuidado facial y corporal >~Higiene bucal~https://tienda.mercadona.es/product/46864/dentifrico-anticaries-deliplus-tubo~46864~2023-03-12 04:52:08.793828
Dentífrico infantil + 2 años Deliplus sabor fresa con flúor~Tubo~75 ml~| 1,334 €/100 ml~1.0~/ud.~Cuidado facial y corporal >~Higiene bucal~https://tienda.mercadona.es/product/46997/dentifrico-infantil-2-anos-deliplus-sabor-fresa-con-fluor-tubo~46997~2023-03-12 04:52:09.371494
Dentífrico Sensitive Deliplus con hidroxiapatita~Tubo~100 ml~| 1,50 €/100 ml~1.5~/ud.~Cuidado facial y corporal >~Higiene bucal~https://tienda.mercadona.es/product/46739/dentifrico-sensitive-deliplus-con-hidroxiapatita-tubo~46739~2023-03-12 04:52:10.050543
Dentífrico Gingival Deliplus con flúor~Tubo~100 ml~| 2,00 €/100 ml~2.0~/ud.~Cuidado facial y corporal >~Higiene bucal~https://tienda.mercadona.es/product/46550/dentifrico-gingival-deliplus-con-fluor-tubo~46550~2023-03-12 04:52:10.617239
Dentífrico infantil +6 años Deliplus menta suave con flúor~Tubo~75 ml~| 1,334 €/100 ml~1.0~/ud.~Cuidado facial y corporal >~Higiene bucal~https://tienda.mercadona.es/product/23674/dentifrico-infantil-6-anos-deliplus-menta-suave-con-fluor-tubo~23674~2023-03-12 04:52:11.194761
Dentífrico infantil +6 años Deliplus sabor gominola con flúor~Tubo~75 ml~| 1,334 €/100 ml~1.0~/ud.~Cuidado facial y corporal >~Higiene bucal~https://tienda.mercadona.es/product/23675/dentifrico-infantil-6-anos-deliplus-sabor-gominola-con-fluor-tubo~23675~2023-03-12 04:52:11.758398
Cepillo dental Medio Deliplus~Paquete~3 ud.~| 0,334 €/ud~1.0~/ud.~Cuidado facial y corporal >~Higiene bucal~https://tienda.mercadona.es/product/71191/cepillo-dental-medio-deliplus-paquete~71191~2023-03-12 04:52:12.385311
Cepillo dental Suave Deliplus~Paquete~3 ud.~| 0,334 €/ud~1.0~/ud.~Cuidado facial y corporal >~Higiene bucal~https://tienda.mercadona.es/product/71190/cepillo-dental-suave-deliplus-paquete~71190~2023-03-12 04:52:12.984858
Cepillo dental Duro Deliplus~Paquete~3 ud.~| 0,334 €/ud~1.0~/ud.~Cuidado facial y corporal >~Higiene bucal~https://tienda.mercadona.es/product/71192/cepillo-dental-duro-deliplus-paquete~71192~2023-03-12 04:52:13.558360
Cepillo dental Medio todo en uno Oral-B~Paquete~1 ud.~| 2,80 €/ud~2.8~/ud.~Cuidado facial y corporal >~Higiene bucal~https://tienda.mercadona.es/product/74348/cepillo-dental-medio-oral-b-paquete~74348~2023-03-12 04:52:14.121911
Cepillo dental encías y dientes sensibles Deliplus~Paquete~1 ud.~| 1,30 €/ud~1.3~/ud.~Cuidado facial y corporal >~Higiene bucal~https://tienda.mercadona.es/product/74336/cepillo-dental-encias-dientes-sensibles-deliplus-paquete~74336~2023-03-12 04:52:14.722962
Cepillo dental Infantil Spiderman Sp.Berner~Paquete~1 ud.~| 0,90 €/ud~0.9~/ud.~Cuidado facial y corporal >~Higiene bucal~https://tienda.mercadona.es/product/78524/cepillo-dental-infantil-spiderman-spberner-paquete~78524~2023-03-12 04:52:15.316219
Cepillo dental Infantil Peppa pig~Paquete~1 ud.~| 0,90 €/ud~0.9~/ud.~Cuidado facial y corporal >~Higiene bucal~https://tienda.mercadona.es/product/15668/cepillo-dental-infantil-peppa-pig-paquete~15668~2023-03-12 04:52:15.901761
Cepillo dental Medio Ultraavanzado Deliplus~Paquete~1 ud.~| 1,99 €/ud~1.99~/ud.~Cuidado facial y corporal >~Higiene bucal~https://tienda.mercadona.es/product/74312/cepillo-dental-medio-ultraavanzado-deliplus-paquete~74312~2023-03-12 04:52:16.511106
Recambios cepillo dental Eléctrico~Paquete~2 ud.~| 1,975 €/ud~3.95~/ud.~Cuidado facial y corporal >~Higiene bucal~https://tienda.mercadona.es/product/1908/recambios-cepillo-dental-electrico-paquete~1908~2023-03-12 04:52:17.139614
Cepillo dental Especial Ortodoncia Deliplus~Paquete~1 ud.~| 1,80 €/ud~1.8~/ud.~Cuidado facial y corporal >~Higiene bucal~https://tienda.mercadona.es/product/74334/cepillo-dental-especial-ortodoncia-deliplus-paquete~74334~2023-03-12 04:52:17.735736
Recambios cepillo dental Eléctrico Oral-B Precision Clean~Paquete~2 ud.~| 4,475 €/ud~8.95~/ud.~Cuidado facial y corporal >~Higiene bucal~https://tienda.mercadona.es/product/74391/recambios-cepillo-dental-electrico-oral-b-precision-clean-paquete~74391~2023-03-12 04:52:18.341892
Cepillo dental Eléctrico Sonic~Paquete~1 ud.~| 4,00 €/ud~4.0~/ud.~Cuidado facial y corporal >~Higiene bucal~https://tienda.mercadona.es/product/22123/cepillo-dental-electrico-sonic-paquete~22123~2023-03-12 04:52:18.940828
Recambios cepillo dental Eléctrico Sonic cabezal vibratorio~Paquete~2 ud.~| 2,00 €/ud~4.0~/ud.~Cuidado facial y corporal >~Higiene bucal~https://tienda.mercadona.es/product/22201/recambios-cepillo-dental-electrico-sonic-cabezal-vibratorio-paquete~22201~2023-03-12 04:52:19.560938
Cepillo dental Eléctrico Oral-B Vitality~Caja~1 ud.~| 20,00 €/ud~20.0~/ud.~Cuidado facial y corporal >~Higiene bucal~https://tienda.mercadona.es/product/67663/cepillo-dental-electrico-oral-b-vitality-caja~67663~2023-03-12 04:52:20.178964
Enjuague bucal Total Action Deliplus medio~Botella~500 ml~| 0,27 €/100 ml~1.35~/ud.~Cuidado facial y corporal >~Higiene bucal~https://tienda.mercadona.es/product/46965/enjuague-bucal-total-action-deliplus-medio-botella~46965~2023-03-12 04:52:20.800053
Enjuague bucal Fresh 0% alcohol Deliplus suave~Botella~500 ml~| 0,27 €/100 ml~1.35~/ud.~Cuidado facial y corporal >~Higiene bucal~https://tienda.mercadona.es/product/46966/enjuague-bucal-fresh-0-alcohol-deliplus-suave-botella~46966~2023-03-12 04:52:21.415801
Cepillos interdentales cónicos Extrafinos Deliplus~Paquete~6 ud.~| 0,25 €/ud~1.5~/ud.~Cuidado facial y corporal >~Higiene bucal~https://tienda.mercadona.es/product/73434/cepillos-interdentales-conicos-extrafinos-deliplus-paquete~73434~2023-03-12 04:52:22.017651
Enjuague bucal Explosion Action Deliplus intenso~Botella~500 ml~| 0,30 €/100 ml~1.5~/ud.~Cuidado facial y corporal >~Higiene bucal~https://tienda.mercadona.es/product/46967/enjuague-bucal-explosion-action-deliplus-intenso-botella~46967~2023-03-12 04:52:22.629318
Enjuague bucal White Effect Deliplus blanqueador~Botella~500 ml~| 0,30 €/100 ml~1.5~/ud.~Cuidado facial y corporal >~Higiene bucal~https://tienda.mercadona.es/product/46968/enjuague-bucal-white-effect-deliplus-blanqueador-botella~46968~2023-03-12 04:52:23.321309
Crema adhesiva para prótesis dentales Benfix sin sabor~Tubo~50 g~| 7,00 €/100 g~3.5~/ud.~Cuidado facial y corporal >~Higiene bucal~https://tienda.mercadona.es/product/78861/crema-adhesiva-protesis-dentales-benfix-sin-sabor-tubo~78861~2023-03-12 04:52:23.957319
Spray bucal Deliplus~Paquete~6 ml~| 20,834 €/100 ml~1.25~/ud.~Cuidado facial y corporal >~Higiene bucal~https://tienda.mercadona.es/product/45782/spray-bucal-deliplus-paquete~45782~2023-03-12 04:52:24.570436
Cepillos interdentales cónicos Finos Deliplus~Paquete~6 ud.~| 0,25 €/ud~1.5~/ud.~Cuidado facial y corporal >~Higiene bucal~https://tienda.mercadona.es/product/73433/cepillos-interdentales-conicos-finos-deliplus-paquete~73433~2023-03-12 04:52:25.188949
Enjuague bucal protección dientes y encías Listerine menta~Botella~500 ml~| 1,10 €/100 ml~5.5~/ud.~Cuidado facial y corporal >~Higiene bucal~https://tienda.mercadona.es/product/23067/enjuague-bucal-proteccion-dientes-encias-listerine-menta-botella~23067~2023-03-12 04:52:25.919185
Hilo dental con cera y sabor menta~Paquete~2 ud.~| 0,90 €/ud~1.8~/ud.~Cuidado facial y corporal >~Higiene bucal~https://tienda.mercadona.es/product/73127/hilo-dental-con-cera-sabor-menta-paquete~73127~2023-03-12 04:52:26.539268
Enjuague bucal cuidado total Listerine menta~Botella~500 ml~| 1,10 €/100 ml~5.5~/ud.~Cuidado facial y corporal >~Higiene bucal~https://tienda.mercadona.es/product/23066/enjuague-bucal-cuidado-total-listerine-menta-botella~23066~2023-03-12 04:52:27.155107
Enjuague bucal Kids Deliplus sin alcohol con flúor sabor fresa~Botella~500 ml~| 0,30 €/100 ml~1.5~/ud.~Cuidado facial y corporal >~Higiene bucal~https://tienda.mercadona.es/product/46996/enjuague-bucal-kids-deliplus-sin-alcohol-con-fluor-sabor-fresa-botella~46996~2023-03-12 04:52:27.764508
Enjuague bucal Gingival Deliplus con clorhexidina~Botella~500 ml~| 0,40 €/100 ml~2.0~/ud.~Cuidado facial y corporal >~Higiene bucal~https://tienda.mercadona.es/product/47030/enjuague-bucal-gingival-deliplus-con-clorhexidina-botella~47030~2023-03-12 04:52:28.367790
Enjuague bucal Cuidado Encías Deliplus zero alcohol con vitaminas~Botella~500 ml~| 0,40 €/100 ml~2.0~/ud.~Cuidado facial y corporal >~Higiene bucal~https://tienda.mercadona.es/product/46970/enjuague-bucal-cuidado-encias-deliplus-zero-alcohol-con-vitaminas-botella~46970~2023-03-12 04:52:28.990597
Cinta dental con cera y sabor menta~Paquete~2 ud.~| 1,25 €/ud~2.5~/ud.~Cuidado facial y corporal >~Higiene bucal~https://tienda.mercadona.es/product/73128/cinta-dental-con-cera-sabor-menta-paquete~73128~2023-03-12 04:52:29.601121
Crema fijadora prótesis dentales Polident fijación fuerte~Tubo~40 g~| 12,00 €/100 g~4.8~/ud.~Cuidado facial y corporal >~Higiene bucal~https://tienda.mercadona.es/product/74611/crema-fijadora-protesis-dentales-polident-fijacion-fuerte-tubo~74611~2023-03-12 04:52:30.212461
Enjuague bucal Sensitive Deliplus zero alcohol con ácido hialurónico~Botella~500 ml~| 0,40 €/100 ml~2.0~/ud.~Cuidado facial y corporal >~Higiene bucal~https://tienda.mercadona.es/product/46972/enjuague-bucal-sensitive-deliplus-zero-alcohol-con-acido-hialuronico-botella~46972~2023-03-12 04:52:30.835316
Tabletas limpiadoras prótesis dentales Benfix y ortodoncias~Caja~32 ud.~| 0,077 €/ud~2.45~/ud.~Cuidado facial y corporal >~Higiene bucal~https://tienda.mercadona.es/product/79113/tabletas-limpiadoras-protesis-dentales-benfix-ortodoncias-caja~79113~2023-03-12 04:52:31.458658
Arcos dentales para higiene interdental Deliplus~Caja~60 ud.~| 0,03 €/ud~1.8~/ud.~Cuidado facial y corporal >~Higiene bucal~https://tienda.mercadona.es/product/40583/arcos-dentales-higiene-interdental-deliplus-caja~40583~2023-03-12 04:52:32.079131
Compresa sin alas normal Deliplus Classic~Paquete~26 ud.~| 0,044 €/ud~1.13~/ud.~Cuidado facial y corporal >~Higiene íntima~https://tienda.mercadona.es/product/47380/compresa-sin-alas-normal-deliplus-classic-paquete~47380~2023-03-12 05:04:37.560395
Compresa con alas noche plegada Deliplus Classic~Paquete~10 ud.~| 0,132 €/ud~1.32~/ud.~Cuidado facial y corporal >~Higiene íntima~https://tienda.mercadona.es/product/47383/compresa-con-alas-noche-plegada-deliplus-classic-paquete~47383~2023-03-12 05:04:38.142288
Compresa sin alas de incontinencia Deliplus Maxi~Paquete~12 ud.~| 0,292 €/ud~3.5~/ud.~Cuidado facial y corporal >~Higiene íntima~https://tienda.mercadona.es/product/52404/compresa-sin-alas-incontinencia-deliplus-maxi-paquete~52404~2023-03-12 05:04:38.675882
Compresa con alas normal Deliplus Suave~Paquete~32 ud.~| 0,073 €/ud~2.32~/ud.~Cuidado facial y corporal >~Higiene íntima~https://tienda.mercadona.es/product/47343/compresa-con-alas-normal-deliplus-suave-paquete~47343~2023-03-12 05:04:39.228438
Compresa con alas noche Deliplus Suave~Paquete~10 ud.~| 0,137 €/ud~1.37~/ud.~Cuidado facial y corporal >~Higiene íntima~https://tienda.mercadona.es/product/47348/compresa-con-alas-noche-deliplus-suave-paquete~47348~2023-03-12 05:04:39.830101
Compresa sin alas de incontinencia Deliplus Extra~Paquete~20 ud.~| 0,19 €/ud~3.8~/ud.~Cuidado facial y corporal >~Higiene íntima~https://tienda.mercadona.es/product/52403/compresa-sin-alas-incontinencia-deliplus-extra-paquete~52403~2023-03-12 05:04:40.434369
Compresa sin alas normal plegada Deliplus Classic~Paquete~20 ud.~| 0,059 €/ud~1.18~/ud.~Cuidado facial y corporal >~Higiene íntima~https://tienda.mercadona.es/product/47381/compresa-sin-alas-normal-plegada-deliplus-classic-paquete~47381~2023-03-12 05:04:41.035789
Compresa con alas super Deliplus Suave~Paquete~28 ud.~| 0,083 €/ud~2.32~/ud.~Cuidado facial y corporal >~Higiene íntima~https://tienda.mercadona.es/product/47346/compresa-con-alas-super-deliplus-suave-paquete~47346~2023-03-12 05:04:41.623553
Compresa sin alas super plegada Deliplus Classic~Paquete~16 ud.~| 0,083 €/ud~1.32~/ud.~Cuidado facial y corporal >~Higiene íntima~https://tienda.mercadona.es/product/47382/compresa-sin-alas-super-plegada-deliplus-classic-paquete~47382~2023-03-12 05:04:42.252287
Compresa con alas normal Evax cotton like~Paquete~28 ud.~| 0,13 €/ud~3.64~/ud.~Cuidado facial y corporal >~Higiene íntima~https://tienda.mercadona.es/product/47151/compresa-con-alas-normal-evax-cotton-like-paquete~47151~2023-03-12 05:04:42.878086
Compresa con alas normal Deliplus Dry~Paquete~32 ud.~| 0,073 €/ud~2.32~/ud.~Cuidado facial y corporal >~Higiene íntima~https://tienda.mercadona.es/product/47340/compresa-con-alas-normal-deliplus-dry-paquete~47340~2023-03-12 05:04:43.489676
Compresa con alas super Deliplus Dry~Paquete~28 ud.~| 0,083 €/ud~2.32~/ud.~Cuidado facial y corporal >~Higiene íntima~https://tienda.mercadona.es/product/47342/compresa-con-alas-super-deliplus-dry-paquete~47342~2023-03-12 05:04:44.125634
Compresa sin alas de incontinencia Deliplus Normal~Paquete~24 ud.~| 0,159 €/ud~3.8~/ud.~Cuidado facial y corporal >~Higiene íntima~https://tienda.mercadona.es/product/23133/compresa-sin-alas-incontinencia-deliplus-normal-paquete~23133~2023-03-12 05:04:44.746703
Compresa sin alas normal Evax fina y segura~Paquete~20 ud.~| 0,092 €/ud~1.84~/ud.~Cuidado facial y corporal >~Higiene íntima~https://tienda.mercadona.es/product/47375/compresa-sin-alas-normal-evax-fina-segura-paquete~47375~2023-03-12 05:04:45.362079
Compresa con alas super Evax cotton like~Paquete~20 ud.~| 0,173 €/ud~3.45~/ud.~Cuidado facial y corporal >~Higiene íntima~https://tienda.mercadona.es/product/47152/compresa-con-alas-super-evax-cotton-like-paquete~47152~2023-03-12 05:04:46.050820
Compresa con alas noche Ausonia~Paquete~16 ud.~| 0,175 €/ud~2.79~/ud.~Cuidado facial y corporal >~Higiene íntima~https://tienda.mercadona.es/product/47312/compresa-con-alas-noche-ausonia-paquete~47312~2023-03-12 05:04:46.689720
Compresa con alas normal Evax Cotton Like~Paquete~16 ud.~| 0,145 €/ud~2.32~/ud.~Cuidado facial y corporal >~Higiene íntima~https://tienda.mercadona.es/product/47018/compresa-con-alas-normal-evax-cotton-like-paquete~47018~2023-03-12 05:04:47.316650
Compresa sin alas normal Deliplus Suave~Paquete~32 ud.~| 0,073 €/ud~2.32~/ud.~Cuidado facial y corporal >~Higiene íntima~https://tienda.mercadona.es/product/47344/compresa-sin-alas-normal-deliplus-suave-paquete~47344~2023-03-12 05:04:47.916839
Compresa con alas normal Ausonia~Paquete~24 ud.~| 0,117 €/ud~2.79~/ud.~Cuidado facial y corporal >~Higiene íntima~https://tienda.mercadona.es/product/47310/compresa-con-alas-normal-ausonia-paquete~47310~2023-03-12 05:04:48.526593
Compresa con alas super Ausonia~Paquete~20 ud.~| 0,14 €/ud~2.79~/ud.~Cuidado facial y corporal >~Higiene íntima~https://tienda.mercadona.es/product/47311/compresa-con-alas-super-ausonia-paquete~47311~2023-03-12 05:04:49.120956
Compresa con alas normal Evax fina y segura~Paquete~16 ud.~| 0,115 €/ud~1.84~/ud.~Cuidado facial y corporal >~Higiene íntima~https://tienda.mercadona.es/product/47259/compresa-con-alas-normal-evax-fina-segura-paquete~47259~2023-03-12 05:04:49.737632
Compresa sin alas super Deliplus Suave~Paquete~28 ud.~| 0,083 €/ud~2.32~/ud.~Cuidado facial y corporal >~Higiene íntima~https://tienda.mercadona.es/product/47347/compresa-sin-alas-super-deliplus-suave-paquete~47347~2023-03-12 05:04:50.368034
Compresa sin alas maxi super Evax~Paquete~16 ud.~| 0,115 €/ud~1.84~/ud.~Cuidado facial y corporal >~Higiene íntima~https://tienda.mercadona.es/product/47376/compresa-sin-alas-maxi-super-evax-paquete~47376~2023-03-12 05:04:50.973584
Compresa sin alas de incontinencia Deliplus Mini~Paquete~30 ud.~| 0,129 €/ud~3.85~/ud.~Cuidado facial y corporal >~Higiene íntima~https://tienda.mercadona.es/product/23132/compresa-sin-alas-incontinencia-deliplus-mini-paquete~23132~2023-03-12 05:04:51.591413
Compresa sin alas extraplana Deliplus~Paquete~18 ud.~| 0,095 €/ud~1.7~/ud.~Cuidado facial y corporal >~Higiene íntima~https://tienda.mercadona.es/product/46636/compresa-sin-alas-extraplana-deliplus-paquete~46636~2023-03-12 05:04:52.224459
Compresa sin alas extraplana noche Deliplus~Paquete~10 ud.~| 0,17 €/ud~1.7~/ud.~Cuidado facial y corporal >~Higiene íntima~https://tienda.mercadona.es/product/46638/compresa-sin-alas-extraplana-noche-deliplus-paquete~46638~2023-03-12 05:04:52.850749
Compresa con alas normal Deliplus Suave~Paquete~10 ud.~| 0,118 €/ud~1.18~/ud.~Cuidado facial y corporal >~Higiene íntima~https://tienda.mercadona.es/product/47368/compresa-con-alas-normal-deliplus-suave-paquete~47368~2023-03-12 05:04:53.473997
Compresa con alas normal Deliplus Cotton~Paquete~32 ud.~| 0,096 €/ud~3.07~/ud.~Cuidado facial y corporal >~Higiene íntima~https://tienda.mercadona.es/product/47356/compresa-con-alas-normal-deliplus-cotton-paquete~47356~2023-03-12 05:04:54.105705
Compresa con alas super Deliplus Cotton~Paquete~28 ud.~| 0,11 €/ud~3.07~/ud.~Cuidado facial y corporal >~Higiene íntima~https://tienda.mercadona.es/product/47357/compresa-con-alas-super-deliplus-cotton-paquete~47357~2023-03-12 05:04:54.770271
Copa menstrual íntima talla M Deliplus~Caja~1 ud.~| 8,51 €/ud~8.51~/ud.~Cuidado facial y corporal >~Higiene íntima~https://tienda.mercadona.es/product/47462/copa-menstrual-intima-talla-m-deliplus-caja~47462~2023-03-12 05:04:55.413806
Copa menstrual íntima talla L Deliplus~Caja~1 ud.~| 8,51 €/ud~8.51~/ud.~Cuidado facial y corporal >~Higiene íntima~https://tienda.mercadona.es/product/47463/copa-menstrual-intima-talla-l-deliplus-caja~47463~2023-03-12 05:04:56.032947
Compresa sin alas de incontinencia Deliplus Maxi Night~Paquete~10 ud.~| 0,35 €/ud~3.5~/ud.~Cuidado facial y corporal >~Higiene íntima~https://tienda.mercadona.es/product/22926/compresa-sin-alas-incontinencia-deliplus-maxi-night-paquete~22926~2023-03-12 05:04:56.664803
Protegeslip normal Deliplus Suave~Caja~72 ud.~| 0,028 €/ud~1.99~/ud.~Cuidado facial y corporal >~Higiene íntima~https://tienda.mercadona.es/product/47385/protegeslip-normal-deliplus-suave-caja~47385~2023-03-12 05:04:57.290145
Protegeslip y compresa 2 en 1 Deliplus Suave~Caja~24 ud.~| 0,069 €/ud~1.65~/ud.~Cuidado facial y corporal >~Higiene íntima~https://tienda.mercadona.es/product/47389/protegeslip-compresa-2-1-deliplus-suave-caja~47389~2023-03-12 05:04:58.017345
Protegeslip maxi Deliplus Suave~Caja~60 ud.~| 0,041 €/ud~2.46~/ud.~Cuidado facial y corporal >~Higiene íntima~https://tienda.mercadona.es/product/47387/protegeslip-maxi-deliplus-suave-caja~47387~2023-03-12 05:04:58.633191
Protegeslip normal Evax~Caja~70 ud.~| 0,041 €/ud~2.84~/ud.~Cuidado facial y corporal >~Higiene íntima~https://tienda.mercadona.es/product/47207/protegeslip-normal-evax-caja~47207~2023-03-12 05:04:59.255696
Protegeslip maxi Evax~Caja~60 ud.~| 0,057 €/ud~3.4~/ud.~Cuidado facial y corporal >~Higiene íntima~https://tienda.mercadona.es/product/47206/protegeslip-maxi-evax-caja~47206~2023-03-12 05:04:59.910452
Protegeslip normal plegado Deliplus Suave~Caja~28 ud.~| 0,054 €/ud~1.51~/ud.~Cuidado facial y corporal >~Higiene íntima~https://tienda.mercadona.es/product/47386/protegeslip-normal-plegado-deliplus-suave-caja~47386~2023-03-12 05:05:00.547937
Protegeslip Cotton flexiform Carefree regular + tanga~Caja~30 ud.~| 0,069 €/ud~2.05~/ud.~Cuidado facial y corporal >~Higiene íntima~https://tienda.mercadona.es/product/47554/protegeslip-cotton-flexiform-carefree-regular-tanga-caja~47554~2023-03-12 05:05:01.176974
Protegeslip ultrafino Deliplus Fresh en bolsitas~Caja~34 ud.~| 0,037 €/ud~1.23~/ud.~Cuidado facial y corporal >~Higiene íntima~https://tienda.mercadona.es/product/47391/protegeslip-ultrafino-deliplus-fresh-bolsitas-caja~47391~2023-03-12 05:05:01.915212
Protegeslip tanga Deliplus Fresh~Caja~30 ud.~| 0,043 €/ud~1.28~/ud.~Cuidado facial y corporal >~Higiene íntima~https://tienda.mercadona.es/product/47392/protegeslip-tanga-deliplus-fresh-caja~47392~2023-03-12 05:05:02.546944
Protegeslip micro Deliplus Fresh~Caja~44 ud.~| 0,058 €/ud~2.51~/ud.~Cuidado facial y corporal >~Higiene íntima~https://tienda.mercadona.es/product/47390/protegeslip-micro-deliplus-fresh-caja~47390~2023-03-12 05:05:03.188766
Protegeslip de incontinencia Deliplus pequeño~Caja~34 ud.~| 0,089 €/ud~3.0~/ud.~Cuidado facial y corporal >~Higiene íntima~https://tienda.mercadona.es/product/47480/protegeslip-incontinencia-deliplus-pequeno-caja~47480~2023-03-12 05:05:03.843342
Protegeslip normal Deliplus Dry~Caja~70 ud.~| 0,036 €/ud~2.51~/ud.~Cuidado facial y corporal >~Higiene íntima~https://tienda.mercadona.es/product/47351/protegeslip-normal-deliplus-dry-caja~47351~2023-03-12 05:05:04.496999
Protegeslip maxi Deliplus Dry~Caja~60 ud.~| 0,047 €/ud~2.79~/ud.~Cuidado facial y corporal >~Higiene íntima~https://tienda.mercadona.es/product/47352/protegeslip-maxi-deliplus-dry-caja~47352~2023-03-12 05:05:05.228971
Protegeslip normal Deliplus Cotton~Caja~30 ud.~| 0,057 €/ud~1.7~/ud.~Cuidado facial y corporal >~Higiene íntima~https://tienda.mercadona.es/product/47349/protegeslip-normal-deliplus-cotton-caja~47349~2023-03-12 05:05:05.876424
Protegeslip maxi Deliplus Cotton~Caja~28 ud.~| 0,065 €/ud~1.8~/ud.~Cuidado facial y corporal >~Higiene íntima~https://tienda.mercadona.es/product/47350/protegeslip-maxi-deliplus-cotton-caja~47350~2023-03-12 05:05:06.519300
Tampones super Tampax Compak con aplicador~Caja~32 ud.~| 0,157 €/ud~5.01~/ud.~Cuidado facial y corporal >~Higiene íntima~https://tienda.mercadona.es/product/23800/tampones-super-tampax-compak-con-aplicador-caja~23800~2023-03-12 05:05:07.212232
Tampones super Deliplus con aplicador compacto~Caja~32 ud.~| 0,094 €/ud~2.98~/ud.~Cuidado facial y corporal >~Higiene íntima~https://tienda.mercadona.es/product/35387/tampones-super-deliplus-con-aplicador-compacto-caja~35387~2023-03-12 05:05:07.868159
Tampones super plus Tampax Compak con aplicador~Caja~26 ud.~| 0,184 €/ud~4.77~/ud.~Cuidado facial y corporal >~Higiene íntima~https://tienda.mercadona.es/product/23799/tampones-super-plus-tampax-compak-con-aplicador-caja~23799~2023-03-12 05:05:08.517640
Tampones regular Deliplus con aplicador compacto~Caja~32 ud.~| 0,094 €/ud~2.98~/ud.~Cuidado facial y corporal >~Higiene íntima~https://tienda.mercadona.es/product/35386/tampones-regular-deliplus-con-aplicador-compacto-caja~35386~2023-03-12 05:05:09.168891
Tampones regular Tampax Compak con aplicador~Caja~34 ud.~| 0,148 €/ud~5.01~/ud.~Cuidado facial y corporal >~Higiene íntima~https://tienda.mercadona.es/product/23798/tampones-regular-tampax-compak-con-aplicador-caja~23798~2023-03-12 05:05:09.829140
Tampones super Tampax Pearl con aplicador~Caja~18 ud.~| 0,184 €/ud~3.31~/ud.~Cuidado facial y corporal >~Higiene íntima~https://tienda.mercadona.es/product/47193/tampones-super-tampax-pearl-con-aplicador-caja~47193~2023-03-12 05:05:10.482471
Tampones regular Tampax Pearl con aplicador~Caja~20 ud.~| 0,166 €/ud~3.31~/ud.~Cuidado facial y corporal >~Higiene íntima~https://tienda.mercadona.es/product/47192/tampones-regular-tampax-pearl-con-aplicador-caja~47192~2023-03-12 05:05:11.154807
Tampones super plus Tampax Pearl con aplicador~Caja~18 ud.~| 0,195 €/ud~3.5~/ud.~Cuidado facial y corporal >~Higiene íntima~https://tienda.mercadona.es/product/47103/tampones-super-plus-tampax-pearl-con-aplicador-caja~47103~2023-03-12 05:05:11.819377
Tampones super plus Deliplus con aplicador compacto~Caja~28 ud.~| 0,107 €/ud~2.98~/ud.~Cuidado facial y corporal >~Higiene íntima~https://tienda.mercadona.es/product/47361/tampones-super-plus-deliplus-con-aplicador-compacto-caja~47361~2023-03-12 05:05:12.472750
Tampones super Deliplus con aplicador suave~Caja~20 ud.~| 0,149 €/ud~2.98~/ud.~Cuidado facial y corporal >~Higiene íntima~https://tienda.mercadona.es/product/47321/tampones-super-deliplus-con-aplicador-suave-caja~47321~2023-03-12 05:05:13.129520
Tampones regular Deliplus con aplicador suave~Caja~20 ud.~| 0,149 €/ud~2.98~/ud.~Cuidado facial y corporal >~Higiene íntima~https://tienda.mercadona.es/product/47320/tampones-regular-deliplus-con-aplicador-suave-caja~47320~2023-03-12 05:05:13.788335
Tampones regular Deliplus 100% algodón~Caja~18 ud.~| 0,142 €/ud~2.55~/ud.~Cuidado facial y corporal >~Higiene íntima~https://tienda.mercadona.es/product/23768/tampones-regular-deliplus-100-algodon-caja~23768~2023-03-12 05:05:14.459598
Tampones super Deliplus 100% algodón~Caja~18 ud.~| 0,142 €/ud~2.55~/ud.~Cuidado facial y corporal >~Higiene íntima~https://tienda.mercadona.es/product/23769/tampones-super-deliplus-100-algodon-caja~23769~2023-03-12 05:05:15.140880
Tampones super plus Deliplus 100% algodón~Caja~15 ud.~| 0,17 €/ud~2.55~/ud.~Cuidado facial y corporal >~Higiene íntima~https://tienda.mercadona.es/product/23770/tampones-super-plus-deliplus-100-algodon-caja~23770~2023-03-12 05:05:15.814960
Protector cama tamaño 60 x 90 cm Deliplus~Paquete~20 ud.~| 0,425 €/ud~8.5~/ud.~Cuidado facial y corporal >~Higiene íntima~https://tienda.mercadona.es/product/47377/protector-cama-tamano-60-x-90-cm-deliplus-paquete~47377~2023-03-12 05:05:16.487061
Pañal adulto braguita talla M Deliplus Pants plus~Paquete~14 ud.~| 0,772 €/ud~10.8~/ud.~Cuidado facial y corporal >~Higiene íntima~https://tienda.mercadona.es/product/47608/panal-adulto-braguita-talla-m-deliplus-pants-plus-paquete~47608~2023-03-12 05:05:17.233889
Pañal adulto braguita talla L Deliplus Pants Plus~Paquete~14 ud.~| 0,854 €/ud~11.95~/ud.~Cuidado facial y corporal >~Higiene íntima~https://tienda.mercadona.es/product/47496/panal-adulto-braguita-talla-l-deliplus-pants-plus-paquete~47496~2023-03-12 05:05:17.800631
Compresa de incontinencia Tena masculina~Caja~10 ud.~| 0,435 €/ud~4.35~/ud.~Cuidado facial y corporal >~Higiene íntima~https://tienda.mercadona.es/product/47010/compresa-incontinencia-tena-masculina-caja~47010~2023-03-12 05:05:18.445995
Pañal adulto talla M Deliplus~Paquete~20 ud.~| 0,678 €/ud~13.55~/ud.~Cuidado facial y corporal >~Higiene íntima~https://tienda.mercadona.es/product/35243/panal-adulto-talla-m-deliplus-paquete~35243~2023-03-12 05:05:19.062701
Pañal adulto talla G Deliplus~Paquete~20 ud.~| 0,74 €/ud~14.8~/ud.~Cuidado facial y corporal >~Higiene íntima~https://tienda.mercadona.es/product/35245/panal-adulto-talla-g-deliplus-paquete~35245~2023-03-12 05:05:19.698756
Toallitas íntimas cuidado diario Deliplus~Paquete~25 ud.~| 0,052 €/ud~1.3~/ud.~Cuidado facial y corporal >~Higiene íntima~https://tienda.mercadona.es/product/73988/toallitas-intimas-cuidado-diario-deliplus-paquete~73988~2023-03-12 05:05:20.365709
Toallitas íntimas cuidado diario Deliplus~Paquete~12 ud.~| 0,071 €/ud~0.85~/ud.~Cuidado facial y corporal >~Higiene íntima~https://tienda.mercadona.es/product/78975/toallitas-intimas-cuidado-diario-deliplus-paquete~78975~2023-03-12 05:05:21.038504
Toallitas íntimas cuidado diario Deliplus monodosis~Caja~20 sobres~| 0,09 €/ud~1.8~/ud.~Cuidado facial y corporal >~Higiene íntima~https://tienda.mercadona.es/product/73989/toallitas-intimas-cuidado-diario-deliplus-monodosis-caja~73989~2023-03-12 05:05:21.704512
Gel de higiene íntima Deliplus~Bote~500 ml~| 0,30 €/100 ml~1.5~/ud.~Cuidado facial y corporal >~Higiene íntima~https://tienda.mercadona.es/product/44912/gel-higiene-intima-deliplus-bote~44912~2023-03-12 05:05:22.369909
Gel de higiene íntima hidratante Deliplus~Bote~500 ml~| 0,50 €/100 ml~2.5~/ud.~Cuidado facial y corporal >~Higiene íntima~https://tienda.mercadona.es/product/44913/gel-higiene-intima-hidratante-deliplus-bote~44913~2023-03-12 05:05:23.037592
Laca de uñas top coat efecto gel Deliplus 662 paso 2º de 2~1 ud.~| 31,50 €/100 ml~Not available~3.15~/ud.~Cuidado facial y corporal >~Manicura y pedicura~https://tienda.mercadona.es/product/41906/laca-unas-top-coat-efecto-gel-deliplus-662-paso-2o-2~41906~2023-03-12 05:18:03.074315
Tratamiento para uñas base 9 en 1 Deliplus vitaminada y alisadora~1 ud.~| 29,50 €/100 ml~Not available~2.95~/ud.~Cuidado facial y corporal >~Manicura y pedicura~https://tienda.mercadona.es/product/42222/tratamiento-unas-base-9-1-deliplus-vitaminada-alisadora~42222~2023-03-12 05:18:03.815810
Tratamiento para uñas endurecedor Deliplus~1 ud.~| 3,50 €/ud~Not available~3.5~/ud.~Cuidado facial y corporal >~Manicura y pedicura~https://tienda.mercadona.es/product/35287/tratamiento-unas-endurecedor-deliplus~35287~2023-03-12 05:18:04.496260
Tratamiento para uñas aceite vitamínico Deliplus~1 ud.~| 3,50 €/ud~Not available~3.5~/ud.~Cuidado facial y corporal >~Manicura y pedicura~https://tienda.mercadona.es/product/35288/tratamiento-unas-aceite-vitaminico-deliplus~35288~2023-03-12 05:18:05.110336
Tratamiento para uñas gotas secantes Deliplus~1 ud.~| 26,819 €/100 ml~Not available~2.95~/ud.~Cuidado facial y corporal >~Manicura y pedicura~https://tienda.mercadona.es/product/40143/tratamiento-unas-gotas-secantes-deliplus~40143~2023-03-12 05:18:05.719933
Tratamiento para uñas gel brillo Deliplus secado rápido~1 ud.~| 29,50 €/100 ml~Not available~2.95~/ud.~Cuidado facial y corporal >~Manicura y pedicura~https://tienda.mercadona.es/product/42286/tratamiento-unas-gel-brillo-deliplus-secado-rapido~42286~2023-03-12 05:18:06.314388
Laca de uñas manicura francesa Deliplus 03 rosa~1 ud.~| 27,50 €/100 ml~Not available~2.75~/ud.~Cuidado facial y corporal >~Manicura y pedicura~https://tienda.mercadona.es/product/41685/laca-unas-manicura-francesa-deliplus-03-rosa~41685~2023-03-12 05:18:06.925005
Laca de uñas manicura francesa Deliplus blanco punta 05 con pincel nail art~1 ud.~| 2,75 €/ud~Not available~2.75~/ud.~Cuidado facial y corporal >~Manicura y pedicura~https://tienda.mercadona.es/product/23020/laca-unas-manicura-francesa-deliplus-blanco-punta-05-con-pincel-nail-art~23020~2023-03-12 05:18:07.515264
Laca de uñas manicura francesa Deliplus 06 blanco milky~1 ud.~| 2,75 €/ud~Not available~2.75~/ud.~Cuidado facial y corporal >~Manicura y pedicura~https://tienda.mercadona.es/product/23021/laca-unas-manicura-francesa-deliplus-06-blanco-milky~23021~2023-03-12 05:18:08.126563
Tratamiento para uñas y cutículas Sérum SOS Deliplus~1 ud.~| 3,50 €/ud~Not available~3.5~/ud.~Cuidado facial y corporal >~Manicura y pedicura~https://tienda.mercadona.es/product/35289/tratamiento-unas-cuticulas-serum-sos-deliplus~35289~2023-03-12 05:18:08.744374
Laca de uñas efecto gel Deliplus 152 petal paso 1º de 2~1 ud.~| 2,65 €/ud~Not available~2.65~/ud.~Cuidado facial y corporal >~Manicura y pedicura~https://tienda.mercadona.es/product/35024/laca-unas-efecto-gel-deliplus-152-petal-paso-1o-2~35024~2023-03-12 05:18:09.279861
Laca de uñas efecto gel Deliplus 153 Menta paso 1º de 2~1 ud.~| 2,65 €/ud~Not available~2.65~/ud.~Cuidado facial y corporal >~Manicura y pedicura~https://tienda.mercadona.es/product/35025/laca-unas-efecto-gel-deliplus-153-menta-paso-1o-2~35025~2023-03-12 05:18:09.903770
Laca de uñas efecto gel Deliplus 160 Nude paso 1º de 2~1 ud.~| 2,65 €/ud~Not available~2.65~/ud.~Cuidado facial y corporal >~Manicura y pedicura~https://tienda.mercadona.es/product/35385/laca-unas-efecto-gel-deliplus-160-nude-paso-1o-2~35385~2023-03-12 05:18:10.466511
Laca de uñas efecto gel Deliplus 162 rosa paso 1º de 2~1 ud.~| 2,65 €/ud~Not available~2.65~/ud.~Cuidado facial y corporal >~Manicura y pedicura~https://tienda.mercadona.es/product/35393/laca-unas-efecto-gel-deliplus-162-rosa-paso-1o-2~35393~2023-03-12 05:18:11.050087
Laca de uñas efecto gel Deliplus 163 azul paso 1º de 2~1 ud.~| 2,65 €/ud~Not available~2.65~/ud.~Cuidado facial y corporal >~Manicura y pedicura~https://tienda.mercadona.es/product/35394/laca-unas-efecto-gel-deliplus-163-azul-paso-1o-2~35394~2023-03-12 05:18:11.649536
Laca de uñas efecto gel Deliplus 660 granate paso 1º de 2~1 ud.~| 26,50 €/100 ml~Not available~2.65~/ud.~Cuidado facial y corporal >~Manicura y pedicura~https://tienda.mercadona.es/product/41904/laca-unas-efecto-gel-deliplus-660-granate-paso-1o-2~41904~2023-03-12 05:18:12.244477
Laca de uñas efecto gel Deliplus 661 rojo paso 1º de 2~1 ud.~| 26,50 €/100 ml~Not available~2.65~/ud.~Cuidado facial y corporal >~Manicura y pedicura~https://tienda.mercadona.es/product/41905/laca-unas-efecto-gel-deliplus-661-rojo-paso-1o-2~41905~2023-03-12 05:18:12.841762
Laca de uñas alto brillo Deliplus 15 perla rosada~1 ud.~| 22,728 €/100 ml~Not available~2.5~/ud.~Cuidado facial y corporal >~Manicura y pedicura~https://tienda.mercadona.es/product/42293/laca-unas-alto-brillo-deliplus-15-perla-rosada~42293~2023-03-12 05:18:13.401657
Laca de uñas alto brillo Deliplus 18 suave peonia~1 ud.~| 22,728 €/100 ml~Not available~2.5~/ud.~Cuidado facial y corporal >~Manicura y pedicura~https://tienda.mercadona.es/product/42294/laca-unas-alto-brillo-deliplus-18-suave-peonia~42294~2023-03-12 05:18:13.971714
Laca de uñas alto brillo Deliplus 20 rosa magnético~1 ud.~| 22,728 €/100 ml~Not available~2.5~/ud.~Cuidado facial y corporal >~Manicura y pedicura~https://tienda.mercadona.es/product/42295/laca-unas-alto-brillo-deliplus-20-rosa-magnetico~42295~2023-03-12 05:18:14.492572
Laca de uñas alto brillo Deliplus 22 granate sublime~1 ud.~| 22,728 €/100 ml~Not available~2.5~/ud.~Cuidado facial y corporal >~Manicura y pedicura~https://tienda.mercadona.es/product/42296/laca-unas-alto-brillo-deliplus-22-granate-sublime~42296~2023-03-12 05:18:15.077977
Laca de uñas alto brillo Deliplus 27 noche borgoña~1 ud.~| 22,728 €/100 ml~Not available~2.5~/ud.~Cuidado facial y corporal >~Manicura y pedicura~https://tienda.mercadona.es/product/42252/laca-unas-alto-brillo-deliplus-27-noche-borgona~42252~2023-03-12 05:18:15.675133
Laca de uñas alto brillo Deliplus 31 negro místico~1 ud.~| 22,728 €/100 ml~Not available~2.5~/ud.~Cuidado facial y corporal >~Manicura y pedicura~https://tienda.mercadona.es/product/42298/laca-unas-alto-brillo-deliplus-31-negro-mistico~42298~2023-03-12 05:18:16.290514
Laca de uñas alto brillo Deliplus 39 dulce fresa~1 ud.~| 22,728 €/100 ml~Not available~2.5~/ud.~Cuidado facial y corporal >~Manicura y pedicura~https://tienda.mercadona.es/product/42321/laca-unas-alto-brillo-deliplus-39-dulce-fresa~42321~2023-03-12 05:18:16.881366
Laca de uñas alto brillo Deliplus 50 lavanda floral~1 ud.~| 22,728 €/100 ml~Not available~2.5~/ud.~Cuidado facial y corporal >~Manicura y pedicura~https://tienda.mercadona.es/product/42255/laca-unas-alto-brillo-deliplus-50-lavanda-floral~42255~2023-03-12 05:18:17.512188
Laca de uñas alto brillo Deliplus 55 nude beige~1 ud.~| 2,50 €/ud~Not available~2.5~/ud.~Cuidado facial y corporal >~Manicura y pedicura~https://tienda.mercadona.es/product/23022/laca-unas-alto-brillo-deliplus-55-nude-beige~23022~2023-03-12 05:18:18.110215
Laca de uñas alto brillo Deliplus 56 topo~1 ud.~| 2,50 €/ud~Not available~2.5~/ud.~Cuidado facial y corporal >~Manicura y pedicura~https://tienda.mercadona.es/product/23023/laca-unas-alto-brillo-deliplus-56-topo~23023~2023-03-12 05:18:18.719335
Laca de uñas alto brillo Deliplus 59 rosa medio perlado~1 ud.~| 2,50 €/ud~Not available~2.5~/ud.~Cuidado facial y corporal >~Manicura y pedicura~https://tienda.mercadona.es/product/23024/laca-unas-alto-brillo-deliplus-59-rosa-medio-perlado~23024~2023-03-12 05:18:19.266934
Laca de uñas alto brillo Deliplus 60 rosa medio~1 ud.~| 2,50 €/ud~Not available~2.5~/ud.~Cuidado facial y corporal >~Manicura y pedicura~https://tienda.mercadona.es/product/23025/laca-unas-alto-brillo-deliplus-60-rosa-medio~23025~2023-03-12 05:18:19.815395
Laca de uñas alto brillo Deliplus 61 fucsia~1 ud.~| 22,728 €/100 ml~Not available~2.5~/ud.~Cuidado facial y corporal >~Manicura y pedicura~https://tienda.mercadona.es/product/23026/laca-unas-alto-brillo-deliplus-61-fucsia~23026~2023-03-12 05:18:20.363797
Laca de uñas alto brillo Deliplus 64 beige~1 ud.~| 2,50 €/ud~Not available~2.5~/ud.~Cuidado facial y corporal >~Manicura y pedicura~https://tienda.mercadona.es/product/67619/laca-unas-alto-brillo-deliplus-64-beige~67619~2023-03-12 05:18:20.896823
Laca de uñas alto brillo Deliplus 65 gris~1 ud.~| 2,50 €/ud~Not available~2.5~/ud.~Cuidado facial y corporal >~Manicura y pedicura~https://tienda.mercadona.es/product/67620/laca-unas-alto-brillo-deliplus-65-gris~67620~2023-03-12 05:18:21.428815
Laca de uñas alto brillo Deliplus 68 verde militar~1 ud.~| 2,50 €/ud~Not available~2.5~/ud.~Cuidado facial y corporal >~Manicura y pedicura~https://tienda.mercadona.es/product/35333/laca-unas-alto-brillo-deliplus-68-verde-militar~35333~2023-03-12 05:18:21.985883
Laca de uñas alto brillo Deliplus 69 gris~1 ud.~| 2,50 €/ud~Not available~2.5~/ud.~Cuidado facial y corporal >~Manicura y pedicura~https://tienda.mercadona.es/product/35334/laca-unas-alto-brillo-deliplus-69-gris~35334~2023-03-12 05:18:22.587564
Laca de uñas secado rápido Deliplus 157 verde~1 ud.~| 2,00 €/ud~Not available~2.0~/ud.~Cuidado facial y corporal >~Manicura y pedicura~https://tienda.mercadona.es/product/35373/laca-unas-secado-rapido-deliplus-157-verde~35373~2023-03-12 05:18:23.155977
Laca de uñas secado rápido Deliplus 156 amarillo~1 ud.~| 2,00 €/ud~Not available~2.0~/ud.~Cuidado facial y corporal >~Manicura y pedicura~https://tienda.mercadona.es/product/35372/laca-unas-secado-rapido-deliplus-156-amarillo~35372~2023-03-12 05:18:23.859759
Laca de uñas secado rápido Deliplus 155 turquesa~1 ud.~| 2,00 €/ud~Not available~2.0~/ud.~Cuidado facial y corporal >~Manicura y pedicura~https://tienda.mercadona.es/product/35374/laca-unas-secado-rapido-deliplus-155-turquesa~35374~2023-03-12 05:18:24.470574
Laca de uñas secado rápido Deliplus 154 beige~1 ud.~| 2,00 €/ud~Not available~2.0~/ud.~Cuidado facial y corporal >~Manicura y pedicura~https://tienda.mercadona.es/product/35371/laca-unas-secado-rapido-deliplus-154-beige~35371~2023-03-12 05:18:25.079916
Laca de uñas secado rápido Deliplus 158 fucsia~1 ud.~| 2,00 €/ud~Not available~2.0~/ud.~Cuidado facial y corporal >~Manicura y pedicura~https://tienda.mercadona.es/product/35375/laca-unas-secado-rapido-deliplus-158-fucsia~35375~2023-03-12 05:18:25.691640
Laca de uñas secado rápido Deliplus 159 naranja~1 ud.~| 2,00 €/ud~Not available~2.0~/ud.~Cuidado facial y corporal >~Manicura y pedicura~https://tienda.mercadona.es/product/35376/laca-unas-secado-rapido-deliplus-159-naranja~35376~2023-03-12 05:18:26.301900
Laca de uñas Love Deliplus 167 verde~1 ud.~| 2,50 €/ud~Not available~2.5~/ud.~Cuidado facial y corporal >~Manicura y pedicura~https://tienda.mercadona.es/product/35491/laca-unas-love-deliplus-167-verde~35491~2023-03-12 05:18:26.918669
Laca de uñas Love Deliplus 168 malva~1 ud.~| 2,50 €/ud~Not available~2.5~/ud.~Cuidado facial y corporal >~Manicura y pedicura~https://tienda.mercadona.es/product/35492/laca-unas-love-deliplus-168-malva~35492~2023-03-12 05:18:27.544700
Laca de uñas Love Deliplus 169 salmón~1 ud.~| 2,50 €/ud~Not available~2.5~/ud.~Cuidado facial y corporal >~Manicura y pedicura~https://tienda.mercadona.es/product/35493/laca-unas-love-deliplus-169-salmon~35493~2023-03-12 05:18:28.150566
Laca de uñas Love Deliplus 170 amarillo~1 ud.~| 2,50 €/ud~Not available~2.5~/ud.~Cuidado facial y corporal >~Manicura y pedicura~https://tienda.mercadona.es/product/35494/laca-unas-love-deliplus-170-amarillo~35494~2023-03-12 05:18:28.732107
Laca de uñas Love Deliplus 171 nude~1 ud.~| 2,50 €/ud~Not available~2.5~/ud.~Cuidado facial y corporal >~Manicura y pedicura~https://tienda.mercadona.es/product/35495/laca-unas-love-deliplus-171-nude~35495~2023-03-12 05:18:29.371270
Laca de uñas Love Deliplus 172 azul~1 ud.~| 2,50 €/ud~Not available~2.5~/ud.~Cuidado facial y corporal >~Manicura y pedicura~https://tienda.mercadona.es/product/35496/laca-unas-love-deliplus-172-azul~35496~2023-03-12 05:18:29.958496
Quitaesmalte con acetona Deliplus~Bote~200 ml~| 0,60 €/100 ml~1.2~/ud.~Cuidado facial y corporal >~Manicura y pedicura~https://tienda.mercadona.es/product/79631/quitaesmalte-con-acetona-deliplus-bote~79631~2023-03-12 05:18:30.584344
Quitaesmalte acetona pura Deliplus~Bote~200 ml~| 0,85 €/100 ml~1.7~/ud.~Cuidado facial y corporal >~Manicura y pedicura~https://tienda.mercadona.es/product/79633/quitaesmalte-acetona-pura-deliplus-bote~79633~2023-03-12 05:18:31.233156
Quitaesmalte 0% acetona Deliplus~Bote~200 ml~| 0,70 €/100 ml~1.4~/ud.~Cuidado facial y corporal >~Manicura y pedicura~https://tienda.mercadona.es/product/79632/quitaesmalte-0-acetona-deliplus-bote~79632~2023-03-12 05:18:31.878162
Lima esmeril para uñas Deliplus~Paquete~10 ud.~| 0,13 €/ud~1.3~/ud.~Cuidado facial y corporal >~Manicura y pedicura~https://tienda.mercadona.es/product/78037/lima-esmeril-unas-deliplus-paquete~78037~2023-03-12 05:18:32.628151
Tijera uñas Filarmonica~Paquete~1 ud.~| 4,20 €/ud~4.2~/ud.~Cuidado facial y corporal >~Manicura y pedicura~https://tienda.mercadona.es/product/78372/tijera-unas-filarmonica-paquete~78372~2023-03-12 05:18:33.265047
Cortaúñas manos Deliplus~Paquete~1 ud.~| 1,75 €/ud~1.75~/ud.~Cuidado facial y corporal >~Manicura y pedicura~https://tienda.mercadona.es/product/22169/cortaunas-manos-deliplus-paquete~22169~2023-03-12 05:18:33.918711
Corta cutículas Deliplus~Paquete~1 ud.~| 2,10 €/ud~2.1~/ud.~Cuidado facial y corporal >~Manicura y pedicura~https://tienda.mercadona.es/product/22528/corta-cuticulas-deliplus-paquete~22528~2023-03-12 05:18:34.573921
Cepillo de uñas Deliplus~1 ud.~| 2,00 €/ud~Not available~2.0~/ud.~Cuidado facial y corporal >~Manicura y pedicura~https://tienda.mercadona.es/product/15637/cepillo-unas-deliplus~15637~2023-03-12 05:18:35.233731
Taco pulidor de uñas manos Deliplus con 4 fases numeradas a utilizar en secuencia~1 ud.~| 1,90 €/ud~Not available~1.9~/ud.~Cuidado facial y corporal >~Manicura y pedicura~https://tienda.mercadona.es/product/78070/taco-pulidor-unas-manos-deliplus-con-4-fases-numeradas-utilizar-secuencia~78070~2023-03-12 05:18:35.881496
Palitos de naranjo Deliplus~Paquete~8 ud.~| 0,225 €/ud~1.8~/ud.~Cuidado facial y corporal >~Manicura y pedicura~https://tienda.mercadona.es/product/13561/palitos-naranjo-deliplus-paquete~13561~2023-03-12 05:18:36.529761
Lima fibra de vidrio Deliplus~Paquete~1 ud.~| 1,00 €/ud~1.0~/ud.~Cuidado facial y corporal >~Manicura y pedicura~https://tienda.mercadona.es/product/78031/lima-fibra-vidrio-deliplus-paquete~78031~2023-03-12 05:18:37.187970
Aro protector para los dedos Deliplus~Caja~6 ud.~| 0,484 €/ud~2.9~/ud.~Cuidado facial y corporal >~Manicura y pedicura~https://tienda.mercadona.es/product/15538/aro-protector-dedos-deliplus-caja~15538~2023-03-12 05:18:37.839973
Mascarilla de manos Nutritiva Sence tratamiento intensivo~Paquete~1 ud.~| 2,50 €/ud~2.5~/ud.~Cuidado facial y corporal >~Cuidado corporal~https://tienda.mercadona.es/product/35339/mascarilla-manos-nutritiva-sence-tratamiento-intensivo-paquete~35339~2023-03-12 05:18:38.511092
Lima raspador durezas pies Deliplus~Paquete~1 ud.~| 3,10 €/ud~3.1~/ud.~Cuidado facial y corporal >~Manicura y pedicura~https://tienda.mercadona.es/product/22527/lima-raspador-durezas-pies-deliplus-paquete~22527~2023-03-12 05:18:39.175499
Cortaúñas pies Deliplus~Paquete~1 ud.~| 1,90 €/ud~1.9~/ud.~Cuidado facial y corporal >~Manicura y pedicura~https://tienda.mercadona.es/product/22170/cortaunas-pies-deliplus-paquete~22170~2023-03-12 05:18:39.829570
Alicate uñas Deliplus~Paquete~1 ud.~| 4,90 €/ud~4.9~/ud.~Cuidado facial y corporal >~Manicura y pedicura~https://tienda.mercadona.es/product/13559/alicate-unas-deliplus-paquete~13559~2023-03-12 05:18:40.495288
Mascarilla de pies Nutritiva Sence hidrata y suaviza~Paquete~1 ud.~| 13,889 €/100 g~2.5~/ud.~Cuidado facial y corporal >~Cuidado corporal~https://tienda.mercadona.es/product/86020/mascarilla-pies-nutritiva-sence-hidrata-suaviza-paquete~86020~2023-03-12 05:18:41.128215
Mascarilla de pies Exfoliante Sence~Paquete~1 ud.~| 7,50 €/100 g~3.0~/ud.~Cuidado facial y corporal >~Cuidado corporal~https://tienda.mercadona.es/product/86021/mascarilla-pies-exfoliante-sence-paquete~86021~2023-03-12 05:18:41.776112
Protector solar infantil Sun Med FPS 50+ resistente al agua~Spray~250 ml~| 3,00 €/100 ml~7.5~/ud.~Cuidado facial y corporal >~Protector solar y aftersun~https://tienda.mercadona.es/product/86184/protector-solar-infantil-sun-med-fps-50-resistente-agua-spray~86184~2023-03-12 05:51:03.566374
Crema protección solar infantil FPS 50+ Sun Med para pieles sensibles y atópicas resistente al agua~Bote~200 ml~| 2,25 €/100 ml~4.5~/ud.~Cuidado facial y corporal >~Protector solar y aftersun~https://tienda.mercadona.es/product/86182/crema-proteccion-solar-infantil-fps-50-sun-med-pieles-sensibles-atopicas-resistente-agua-bote~86182~2023-03-12 05:51:04.031715
Crema protección solar infantil FPS 50+ Sun Med para pieles sensibles y atópicas resistente al agua~Bote~75 ml~| 4,667 €/100 ml~3.5~/ud.~Cuidado facial y corporal >~Protector solar y aftersun~https://tienda.mercadona.es/product/86181/crema-proteccion-solar-infantil-fps-50-sun-med-pieles-sensibles-atopicas-resistente-agua-bote~86181~2023-03-12 05:51:04.443557
Protector solar Sun Med FPS 50+ resistente al agua~Spray~250 ml~| 3,00 €/100 ml~7.5~/ud.~Cuidado facial y corporal >~Protector solar y aftersun~https://tienda.mercadona.es/product/86185/protector-solar-sun-med-fps-50-resistente-agua-spray~86185~2023-03-12 05:51:04.912509
Crema protección solar Deliplus FPS 50+ resistente al agua~Bote~200 ml~| 2,75 €/100 ml~5.5~/ud.~Cuidado facial y corporal >~Protector solar y aftersun~https://tienda.mercadona.es/product/23429/crema-proteccion-solar-deliplus-fps-50-resistente-agua-bote~23429~2023-03-12 05:51:05.336820
Crema protección solar Deliplus FPS 50+ resistente al agua~Bote~100 ml~| 4,00 €/100 ml~4.0~/ud.~Cuidado facial y corporal >~Protector solar y aftersun~https://tienda.mercadona.es/product/23430/crema-proteccion-solar-deliplus-fps-50-resistente-agua-bote~23430~2023-03-12 05:51:05.759696
Protector solar Nivea FPS 50+ resistente al agua~Spray~270 ml~| 5,741 €/100 ml~15.5~/ud.~Cuidado facial y corporal >~Protector solar y aftersun~https://tienda.mercadona.es/product/35604/protector-solar-nivea-fps-50-resistente-agua-spray~35604~2023-03-12 05:51:06.179094
Crema protección solar facial antiedad Deliplus FPS 50+ con color resistente al agua~Bote~50 ml~| 10,00 €/100 ml~5.0~/ud.~Cuidado facial y corporal >~Protector solar y aftersun~https://tienda.mercadona.es/product/79144/crema-proteccion-solar-facial-antiedad-deliplus-fps-50-con-color-resistente-agua-bote~79144~2023-03-12 05:51:06.655740
Gel hidratante solar rostro y escote Sensitive advanced Delial FPS 50+ Garnier~Bote~50 ml~| 19,90 €/100 ml~9.95~/ud.~Cuidado facial y corporal >~Protector solar y aftersun~https://tienda.mercadona.es/product/72116/gel-hidratante-solar-rostro-escote-sensitive-advanced-delial-fps-50-garnier-bote~72116~2023-03-12 05:51:07.148218
Crema facial con color BBsun FPS 50 Delial tono medio Garnier~Bote~50 ml~| 19,80 €/100 ml~9.9~/ud.~Cuidado facial y corporal >~Protector solar y aftersun~https://tienda.mercadona.es/product/76915/crema-facial-con-color-bbsun-fps-50-delial-tono-medio-garnier-bote~76915~2023-03-12 05:51:07.572629
Protector solar Sun Med FPS 30 resistente al agua~Spray~250 ml~| 2,48 €/100 ml~6.2~/ud.~Cuidado facial y corporal >~Protector solar y aftersun~https://tienda.mercadona.es/product/86183/protector-solar-sun-med-fps-30-resistente-agua-spray~86183~2023-03-12 05:51:07.980399
Crema protección solar FPS 30+ resistente al agua~Bote~200 ml~| 2,25 €/100 ml~4.5~/ud.~Cuidado facial y corporal >~Protector solar y aftersun~https://tienda.mercadona.es/product/23431/crema-proteccion-solar-fps-30-resistente-agua-bote~23431~2023-03-12 05:51:08.392516
Protector solar Nivea FPS 30 resistente al agua~Spray~270 ml~| 5,371 €/100 ml~14.5~/ud.~Cuidado facial y corporal >~Protector solar y aftersun~https://tienda.mercadona.es/product/35605/protector-solar-nivea-fps-30-resistente-agua-spray~35605~2023-03-12 05:51:08.806322
Aceite solar protector Protective Coco & Guayaba Hawaiian Tropic FPS 20~Spray~200 ml~| 5,50 €/100 ml~11.0~/ud.~Cuidado facial y corporal >~Protector solar y aftersun~https://tienda.mercadona.es/product/35514/aceite-solar-protector-protective-coco-guayaba-hawaiian-tropic-fps-20-spray~35514~2023-03-12 05:51:09.262507
Aceite solar protector Deliplus FPS 30 resistente al agua toque seco~Spray~200 ml~| 2,25 €/100 ml~4.5~/ud.~Cuidado facial y corporal >~Protector solar y aftersun~https://tienda.mercadona.es/product/1680/aceite-solar-protector-deliplus-fps-30-resistente-agua-toque-seco-spray~1680~2023-03-12 05:51:09.673836
Loción solar zanahoria Nivea FPS 6~Bote~200 ml~| 4,75 €/100 ml~9.5~/ud.~Cuidado facial y corporal >~Protector solar y aftersun~https://tienda.mercadona.es/product/76005/locion-solar-zanahoria-nivea-fps-6-bote~76005~2023-03-12 05:51:10.101530
Protector labial FPS 15 Deliplus~Paquete~1 ud.~| 1,90 €/ud~1.9~/ud.~Cuidado facial y corporal >~Protector solar y aftersun~https://tienda.mercadona.es/product/40413/protector-labial-fps-15-deliplus-paquete~40413~2023-03-12 05:51:10.621262
Aftersun gel con aloe vera Deliplus~Bote~400 ml~| 0,60 €/100 ml~2.4~/ud.~Cuidado facial y corporal >~Protector solar y aftersun~https://tienda.mercadona.es/product/13432/aftersun-gel-con-aloe-vera-deliplus-bote~13432~2023-03-12 05:51:11.055334
Aftersun Monoï Deliplus~Spray~200 ml~| 1,80 €/100 ml~3.6~/ud.~Cuidado facial y corporal >~Protector solar y aftersun~https://tienda.mercadona.es/product/23460/aftersun-monoi-deliplus-spray~23460~2023-03-12 05:51:11.561957
Aceite árbol del té 100% puro Deliplus con pipeta dosificadora~Bote~10 ml~| 30,00 €/100 ml~3.0~/ud.~Fitoterapia y parafarmacia >~Fitoterapia~https://tienda.mercadona.es/product/23017/aceite-arbol-te-100-puro-deliplus-con-pipeta-dosificadora-bote~23017~2023-03-12 05:52:01.235114
Colagen sabor limón Deliplus complemento alimenticio~Bote~250 g~| 1,92 €/100 g~4.8~/ud.~Fitoterapia y parafarmacia >~Fitoterapia~https://tienda.mercadona.es/product/79439/colagen-sabor-limon-deliplus-complemento-alimenticio-bote~79439~2023-03-12 05:52:01.823023
Barritas con proteínas Enervit Sport sabor coco y chocolate~Caja~3 barritas (120 g)~| 26,25 €/kg~3.15~/ud.~Cereales y galletas >~Cereales~https://tienda.mercadona.es/product/9445/barritas-con-proteinas-enervit-sport-sabor-coco-chocolate-caja~9445~2023-03-12 05:52:02.358040
Cápsulas control calorías Forte Deliplus elaborado a base de champiñon, alga y semillas de uva~Caja~20 cápsulas (16,4 g)~| 27,44 €/100 g~4.5~/ud.~Fitoterapia y parafarmacia >~Fitoterapia~https://tienda.mercadona.es/product/79052/capsulas-control-calorias-forte-deliplus-elaborado-base-champinon-alga-semillas-uva-caja~79052~2023-03-12 05:52:02.908035
Comprimidos Vitaminas y Minerales Deliplus~Caja~30 comprimidos (29,55 g)~| 10,153 €/100 g~3.0~/ud.~Fitoterapia y parafarmacia >~Fitoterapia~https://tienda.mercadona.es/product/79621/comprimidos-vitaminas-minerales-deliplus-caja~79621~2023-03-12 05:52:03.459649
Cápsulas Dormir Deliplus contiene melatonina, extractos de plantas, magnesio y vitamina B6~Caja~30 cápsulas (13 g)~| 11,97 €/100 g~3.95~/ud.~Fitoterapia y parafarmacia >~Fitoterapia~https://tienda.mercadona.es/product/79651/capsulas-dormir-deliplus-contiene-melatonina-extractos-plantas-magnesio-vitamina-b6-caja~79651~2023-03-12 05:52:03.994333
Comprimidos efervescentes vitamina C Deliplus 500 mg sabor limón~Tubo~20 ud. (80 g)~| 2,438 €/100 g~1.95~/ud.~Fitoterapia y parafarmacia >~Fitoterapia~https://tienda.mercadona.es/product/79193/comprimidos-efervescentes-vitamina-c-deliplus-500-mg-sabor-limon-tubo~79193~2023-03-12 05:52:04.520494
Batido Sustitutivo sabor chocolate y galletas Deliplus~Caja~6 sobres (252 g)~| 2,381 €/100 g~6.0~/ud.~Fitoterapia y parafarmacia >~Fitoterapia~https://tienda.mercadona.es/product/79054/batido-sustitutivo-sabor-chocolate-galletas-deliplus-caja~79054~2023-03-12 05:52:05.103905
Barritas Sustitutivo de comida Belladieta sabor chocolate negro Enervit~Caja~4 barritas (120 g)~| 25,834 €/kg~3.1~/ud.~Cereales y galletas >~Cereales~https://tienda.mercadona.es/product/86258/barritas-sustitutivo-comida-belladieta-sabor-chocolate-negro-enervit-caja~86258~2023-03-12 05:52:05.643076
Barritas Sustitutivo de comida Belladieta sabor avena y chocolate con leche Enervit~Caja~4 barritas (120 g)~| 25,834 €/kg~3.1~/ud.~Cereales y galletas >~Cereales~https://tienda.mercadona.es/product/86259/barritas-sustitutivo-comida-belladieta-sabor-avena-chocolate-con-leche-enervit-caja~86259~2023-03-12 05:52:06.215867
Gel energético con cafeína Enervit Sport sabor cítricos~3 ud. x 32 g~| 39,131 €/kg~Not available~3.6~/pack~Agua y refrescos >~Isotónico y energético~https://tienda.mercadona.es/product/28116/gel-energetico-con-cafeina-enervit-sport-sabor-citricos-pack-3~28116~2023-03-12 05:52:06.739689
Perlas Omega 3 Deliplus~Caja~60 cápsulas (48 g)~| 0,066 €/ud~3.95~/ud.~Fitoterapia y parafarmacia >~Fitoterapia~https://tienda.mercadona.es/product/22986/perlas-omega-3-deliplus-caja~22986~2023-03-12 05:52:07.283884
Cápsulas LaxForte Deliplus con sen y cáscara sagrada~Caja~30 cápsulas (16,35 g)~| 0,132 €/ud~3.95~/ud.~Fitoterapia y parafarmacia >~Fitoterapia~https://tienda.mercadona.es/product/13797/capsulas-laxforte-deliplus-con-sen-cascara-sagrada-caja~13797~2023-03-12 05:52:07.839938
Cápsulas Valeriana Deliplus elaborado a base de espécies vegetales~Caja~60 cápsulas (32,7 g)~| 0,07 €/ud~4.15~/ud.~Fitoterapia y parafarmacia >~Fitoterapia~https://tienda.mercadona.es/product/23367/capsulas-valeriana-deliplus-elaborado-base-especies-vegetales-caja~23367~2023-03-12 05:52:08.389750
Spray oral Própolis Deliplus con equinácea y eucalipto~Spray~20 ml~| 17,50 €/100 ml~3.5~/ud.~Fitoterapia y parafarmacia >~Fitoterapia~https://tienda.mercadona.es/product/22233/spray-oral-propolis-deliplus-con-equinacea-eucalipto-spray~22233~2023-03-12 05:52:08.934495
Perlas Onagra Deliplus~Caja~60 cápsulas (41 g)~| 0,072 €/ud~4.3~/ud.~Fitoterapia y parafarmacia >~Fitoterapia~https://tienda.mercadona.es/product/15670/perlas-onagra-deliplus-caja~15670~2023-03-12 05:52:09.478788
Sticks Jalea Real y Própolis Deliplus elaborado a base de jalea real, propóleo, miel manuka y aceite especial manuka, extractos vegetales y vitamina C~Caja~12 sticks (120 ml)~| 4,125 €/100 ml~4.95~/ud.~Fitoterapia y parafarmacia >~Fitoterapia~https://tienda.mercadona.es/product/79655/sticks-jalea-real-propolis-deliplus-elaborado-base-jalea-real-propoleo-miel-manuka-aceite-especial-manuka-extractos-vegetales-vitamina-c-caja~79655~2023-03-12 05:52:10.124817
Batido Sustitutivo sabor fresa y nata Deliplus~Caja~6 sobres (252 g)~| 2,381 €/100 g~6.0~/ud.~Fitoterapia y parafarmacia >~Fitoterapia~https://tienda.mercadona.es/product/79060/batido-sustitutivo-sabor-fresa-nata-deliplus-caja~79060~2023-03-12 05:52:10.676543
Cápsulas Cola de caballo Deliplus elaborado a base de espécies vegetales~Caja~30 cápsulas (16,35 g)~| 0,132 €/ud~3.95~/ud.~Fitoterapia y parafarmacia >~Fitoterapia~https://tienda.mercadona.es/product/13861/capsulas-cola-caballo-deliplus-elaborado-base-especies-vegetales-caja~13861~2023-03-12 05:52:11.233451
Cápsulas Alcachofa Deliplus elaborado a base de espécies vegetales~Caja~30 cápsulas (16,35 g)~| 0,132 €/ud~3.95~/ud.~Fitoterapia y parafarmacia >~Fitoterapia~https://tienda.mercadona.es/product/13796/capsulas-alcachofa-deliplus-elaborado-base-especies-vegetales-caja~13796~2023-03-12 05:52:11.792412
Cápsulas Memory Pro Deliplus contiene ginkgo, bacopa y vitamina B5~Caja~30 cápsulas (14,94 g)~| 0,132 €/ud~3.95~/ud.~Fitoterapia y parafarmacia >~Fitoterapia~https://tienda.mercadona.es/product/79661/capsulas-memory-pro-deliplus-contiene-ginkgo-bacopa-vitamina-b5-caja~79661~2023-03-12 05:52:12.350154
Natilla Sustitutivo sabor chocolate Deliplus~Caja~6 sobres (252 g)~| 2,58 €/100 g~6.5~/ud.~Fitoterapia y parafarmacia >~Fitoterapia~https://tienda.mercadona.es/product/13794/natilla-sustitutivo-sabor-chocolate-deliplus-caja~13794~2023-03-12 05:52:12.837612
Sticks infantiles Jalea Real Deliplus +3 años elaborado a base de propóleo, manuka, extractos vegetales, vitaminas y minerales~Caja~12 sticks (120 ml)~| 4,125 €/100 ml~4.95~/ud.~Fitoterapia y parafarmacia >~Fitoterapia~https://tienda.mercadona.es/product/79656/sticks-infantiles-jalea-real-deliplus-3-anos-elaborado-base-propoleo-manuka-extractos-vegetales-vitaminas-minerales-caja~79656~2023-03-12 05:52:13.369932
Cápsulas Quemagrasas Deliplus elaborado a base de especies vegetales y vitamina C~Caja~30 cápsulas (17,09 g)~| 22,068 €/100 g~3.95~/ud.~Fitoterapia y parafarmacia >~Fitoterapia~https://tienda.mercadona.es/product/79063/capsulas-quemagrasas-deliplus-elaborado-base-especies-vegetales-vitamina-c-caja~79063~2023-03-12 05:52:13.917748
Cápsulas Antiox Colagen Deliplus con colágeno, ácido hialurónico y Q10~Caja~30 cápsulas (17,1 g)~| 0,165 €/ud~4.95~/ud.~Fitoterapia y parafarmacia >~Fitoterapia~https://tienda.mercadona.es/product/13860/capsulas-antiox-colagen-deliplus-con-colageno-acido-hialuronico-q10-caja~13860~2023-03-12 05:52:14.483788
Cápsulas Articulae Forte Deliplus contiene harpagofito, cúrcuma y vitamina D3~Caja~30 cápsulas (15,1 g)~| 27,815 €/100 g~4.2~/ud.~Fitoterapia y parafarmacia >~Fitoterapia~https://tienda.mercadona.es/product/79659/capsulas-articulae-forte-deliplus-contiene-harpagofito-curcuma-vitamina-d3-caja~79659~2023-03-12 05:52:15.049786
Sticks Depurat Deliplus elaborado a base de especies vegetales y vitaminas~Caja~15 sticks (75 g)~| 7,934 €/100 g~5.95~/ud.~Fitoterapia y parafarmacia >~Fitoterapia~https://tienda.mercadona.es/product/79035/sticks-depurat-deliplus-elaborado-base-especies-vegetales-vitaminas-caja~79035~2023-03-12 05:52:15.607102
Cápsulas Spirulina Deliplus~Caja~60 cápsulas (27,3 g)~| 18,316 €/100 g~5.0~/ud.~Fitoterapia y parafarmacia >~Fitoterapia~https://tienda.mercadona.es/product/79660/capsulas-spirulina-deliplus-caja~79660~2023-03-12 05:52:16.285734
Sticks Saciante Deliplus elaborado a base de fibras, especies vegetales, vitamina C y cromo~Caja~12 sticks (60 g)~| 8,25 €/100 g~4.95~/ud.~Fitoterapia y parafarmacia >~Fitoterapia~https://tienda.mercadona.es/product/79053/sticks-saciante-deliplus-elaborado-base-fibras-especies-vegetales-vitamina-c-cromo-caja~79053~2023-03-12 05:52:16.850056
Cápsulas Equinácea Deliplus elaborado a base de espécies vegetales~Caja~60 cápsulas (32,7 g)~| 0,055 €/ud~3.25~/ud.~Fitoterapia y parafarmacia >~Fitoterapia~https://tienda.mercadona.es/product/13858/capsulas-equinacea-deliplus-elaborado-base-especies-vegetales-caja~13858~2023-03-12 05:52:17.418006
Perlas Sol Deliplus contiene beta-caroteno, luteína y cobre~Caja~30 cápsulas (15,02 g)~| 0,132 €/ud~3.95~/ud.~Fitoterapia y parafarmacia >~Fitoterapia~https://tienda.mercadona.es/product/79658/perlas-sol-deliplus-contiene-beta-caroteno-luteina-cobre-caja~79658~2023-03-12 05:52:17.915683
Cápsulas Menopausia Deliplus con isoflavonas, salvia y melisa~Caja~30 cápsulas (19,4 g)~| 25,516 €/100 g~4.95~/ud.~Fitoterapia y parafarmacia >~Fitoterapia~https://tienda.mercadona.es/product/79704/capsulas-menopausia-deliplus-con-isoflavonas-salvia-melisa-caja~79704~2023-03-12 05:52:18.469094
Gel energético Enervit Sport sabor naranja~3 ud. x 32 g~| 39,131 €/kg~Not available~3.6~/pack~Agua y refrescos >~Isotónico y energético~https://tienda.mercadona.es/product/29266/gel-energetico-enervit-sport-sabor-naranja-pack-3~29266~2023-03-12 05:52:19.029938
Comprimidos efervescentes magnesio Deliplus 300 mg sabor naranja vitaminas B1, B6 y B12~Tubo~20 ud. (78 g)~| 2,50 €/100 g~1.95~/ud.~Fitoterapia y parafarmacia >~Fitoterapia~https://tienda.mercadona.es/product/79594/comprimidos-efervescentes-magnesio-deliplus-300-mg-sabor-naranja-vitaminas-b1-b6-b12-tubo~79594~2023-03-12 05:52:19.580628
Sticks Pro Celulit Systal~Caja~15 sticks (60 g)~| 8,334 €/100 g~5.0~/ud.~Fitoterapia y parafarmacia >~Fitoterapia~https://tienda.mercadona.es/product/15756/sticks-pro-celulit-systal-caja~15756~2023-03-12 05:52:20.071439
Comprimidos cabello y uñas Deliplus contiene Biotina, Levadura de Cerveza y Zinc~Caja~30 comprimidos (24,75 g)~| 0,132 €/ud~3.95~/ud.~Fitoterapia y parafarmacia >~Fitoterapia~https://tienda.mercadona.es/product/13864/comprimidos-cabello-unas-deliplus-contiene-biotina-levadura-cerveza-zinc-caja~13864~2023-03-12 05:52:20.620236
Snack con proteínas Belladieta sabor coco y chocolate negro Enervit~3 barritas x 27 g~| 32,099 €/kg~Not available~2.6~/pack~Cereales y galletas >~Cereales~https://tienda.mercadona.es/product/23668/snack-con-proteinas-belladieta-sabor-coco-chocolate-negro-enervit-caja~23668~2023-03-12 05:52:21.162820
Barrita con proteínas Enervit Sport sabor chocolate negro~Caja~3 barritas (180 g)~| 27,223 €/kg~4.9~/ud.~Cereales y galletas >~Cereales~https://tienda.mercadona.es/product/23670/barrita-con-proteinas-enervit-sport-sabor-chocolate-negro-caja~23670~2023-03-12 05:52:21.722351
Bastoncillos de algodón 100% Deliplus~Caja~200 ud.~| 0,005 €/ud~0.9~/ud.~Fitoterapia y parafarmacia >~Parafarmacia~https://tienda.mercadona.es/product/79007/bastoncillos-algodon-100-deliplus-caja~79007~2023-03-12 05:53:09.535819
Alcohol 96º Deliplus~Botella~250 ml~| 0,30 €/100 ml~0.75~/ud.~Fitoterapia y parafarmacia >~Parafarmacia~https://tienda.mercadona.es/product/77248/alcohol-96o-deliplus-botella~77248~2023-03-12 05:53:10.102372
Agua oxigenada Deliplus desinfectante~Botella~250 ml~| 0,26 €/100 ml~0.65~/ud.~Fitoterapia y parafarmacia >~Parafarmacia~https://tienda.mercadona.es/product/77241/agua-oxigenada-deliplus-desinfectante-botella~77241~2023-03-12 05:53:10.624085
Tiras protectoras classic color piel surtidas Deliplus~Caja~30 tiras~| 0,035 €/ud~1.05~/ud.~Fitoterapia y parafarmacia >~Parafarmacia~https://tienda.mercadona.es/product/79717/tiras-protectoras-classic-color-piel-surtidas-deliplus-caja~79717~2023-03-12 05:53:11.162209
Solución única Deliplus para lentes de contacto blandas contiene un estuche portalentes~Bote~360 ml~| 1,112 €/100 ml~4.0~/ud.~Fitoterapia y parafarmacia >~Parafarmacia~https://tienda.mercadona.es/product/33357/solucion-unica-deliplus-lentes-contacto-blandas-contiene-estuche-portalentes-bote~33357~2023-03-12 05:53:11.695852
Tira protectora tejido fijación fuerte Deliplus para cortar~Caja~10 tiras~| 0,15 €/ud~1.5~/ud.~Fitoterapia y parafarmacia >~Parafarmacia~https://tienda.mercadona.es/product/79673/tira-protectora-tejido-fijacion-fuerte-deliplus-cortar-caja~79673~2023-03-12 05:53:12.248322
Esparadrapo 100% textil de viscosa Deliplus resistente 5 m x 2,5 cm~Caja~1 rollo~| 1,30 €/ud~1.3~/ud.~Fitoterapia y parafarmacia >~Parafarmacia~https://tienda.mercadona.es/product/79666/esparadrapo-100-textil-viscosa-deliplus-resistente-5-m-x-25-cm-caja~79666~2023-03-12 05:53:12.772344
Vaselina hidratante Deliplus~Tarro~100 g~| 2,00 €/100 g~2.0~/ud.~Fitoterapia y parafarmacia >~Parafarmacia~https://tienda.mercadona.es/product/77749/vaselina-hidratante-deliplus-tarro~77749~2023-03-12 05:53:13.300744
Algodón 100% zig-zag Deliplus~Paquete~150 g~| 0,867 €/100 g~1.3~/ud.~Fitoterapia y parafarmacia >~Parafarmacia~https://tienda.mercadona.es/product/79406/algodon-100-zig-zag-deliplus-paquete~79406~2023-03-12 05:53:13.821179
Povidona yodada 10% Deliplus~Botella~125 ml~| 1,28 €/100 ml~1.6~/ud.~Fitoterapia y parafarmacia >~Parafarmacia~https://tienda.mercadona.es/product/77100/povidona-yodada-10-deliplus-botella~77100~2023-03-12 05:53:14.371924
Alcohol de romero Deliplus~Botella~250 ml~| 0,80 €/100 ml~2.0~/ud.~Fitoterapia y parafarmacia >~Parafarmacia~https://tienda.mercadona.es/product/77322/alcohol-romero-deliplus-botella~77322~2023-03-12 05:53:14.900885
Tiras protectoras infantiles de plástico Doctor San resistentes al agua~Caja~20 tiras~| 0,053 €/ud~1.05~/ud.~Fitoterapia y parafarmacia >~Parafarmacia~https://tienda.mercadona.es/product/79136/tiras-protectoras-infantiles-plastico-doctor-san-resistentes-agua-caja~79136~2023-03-12 05:53:15.443776
Tiras protectoras transparentes surtidas Deliplus~Caja~20 tiras~| 0,05 €/ud~1.0~/ud.~Fitoterapia y parafarmacia >~Parafarmacia~https://tienda.mercadona.es/product/79675/tiras-protectoras-transparentes-surtidas-deliplus-caja~79675~2023-03-12 05:53:16.044535
Esparadrapo 100% textil no tejido Deliplus microporoso 5 m x 2,5 cm~Caja~1 rollo~| 1,20 €/ud~1.2~/ud.~Fitoterapia y parafarmacia >~Parafarmacia~https://tienda.mercadona.es/product/79667/esparadrapo-100-textil-tejido-deliplus-microporoso-5-m-x-25-cm-caja~79667~2023-03-12 05:53:16.590619
Tiras protectoras de espuma Deliplus protección extra~Caja~20 tiras~| 0,065 €/ud~1.3~/ud.~Fitoterapia y parafarmacia >~Parafarmacia~https://tienda.mercadona.es/product/79604/tiras-protectoras-espuma-deliplus-proteccion-extra-caja~79604~2023-03-12 05:53:17.129780
Tiras protectoras de poliuretano surtidas Deliplus resistentes al agua~Caja~10 tiras~| 0,10 €/ud~1.0~/ud.~Fitoterapia y parafarmacia >~Parafarmacia~https://tienda.mercadona.es/product/79676/tiras-protectoras-poliuretano-surtidas-deliplus-resistentes-agua-caja~79676~2023-03-12 05:53:17.756563
Bálsamo oriental Deliplus~30 ml~| 9,967 €/100 ml~Not available~2.99~/ud.~Fitoterapia y parafarmacia >~Parafarmacia~https://tienda.mercadona.es/product/76480/balsamo-oriental-deliplus~76480~2023-03-12 05:53:18.281819
Tira protectora tejido pieles sensibles Deliplus para cortar~Caja~10 tiras~| 0,16 €/ud~1.6~/ud.~Fitoterapia y parafarmacia >~Parafarmacia~https://tienda.mercadona.es/product/79677/tira-protectora-tejido-pieles-sensibles-deliplus-cortar-caja~79677~2023-03-12 05:53:18.829107
Apósitos para ampollas y rozaduras Doctor San 6 cm x 4 cm~Caja~5 apósitos~| 0,72 €/ud~3.6~/ud.~Fitoterapia y parafarmacia >~Parafarmacia~https://tienda.mercadona.es/product/76597/apositos-ampollas-rozaduras-doctor-san-6-cm-x-4-cm-caja~76597~2023-03-12 05:53:19.366512
Venda elástica cohesiva Deliplus fijación fuerte 2 m x 5 cm~Caja~1 venda~| 2,15 €/ud~2.15~/ud.~Fitoterapia y parafarmacia >~Parafarmacia~https://tienda.mercadona.es/product/79678/venda-elastica-cohesiva-deliplus-fijacion-fuerte-2-m-x-5-cm-caja~79678~2023-03-12 05:53:19.905786
Aro protector para los dedos Deliplus~Caja~6 ud.~| 0,484 €/ud~2.9~/ud.~Cuidado facial y corporal >~Manicura y pedicura~https://tienda.mercadona.es/product/15538/aro-protector-dedos-deliplus-caja~15538~2023-03-12 05:53:20.448876
Spray repelente de insectos Cuidaplus fuerte~Spray~100 ml~| 27,50 €/L~2.75~/ud.~Fitoterapia y parafarmacia >~Parafarmacia~https://tienda.mercadona.es/product/86749/spray-repelente-insectos-cuidaplus-fuerte-spray~86749~2023-03-12 05:53:20.930827
Protectores para los oídos de espuma Moldex contra el ruido~Caja~4 protectores~| 0,40 €/ud~1.6~/ud.~Fitoterapia y parafarmacia >~Parafarmacia~https://tienda.mercadona.es/product/22712/protectores-oidos-espuma-moldex-ruido-caja~22712~2023-03-12 05:53:21.464073
Lágrimas hidratantes para ojos secos~Caja~30 monodosis~| 36,667 €/100 ml~5.5~/ud.~Fitoterapia y parafarmacia >~Parafarmacia~https://tienda.mercadona.es/product/79195/lagrimas-hidratantes-ojos-secos-caja~79195~2023-03-12 05:53:22.047546
Stick de árnica cata pum Deliplus~Caja~15 ml~| 28,334 €/100 ml~4.25~/ud.~Fitoterapia y parafarmacia >~Parafarmacia~https://tienda.mercadona.es/product/78129/stick-arnica-cata-pum-deliplus-caja~78129~2023-03-12 05:53:22.589967
Gasas esterilizadas de algodón 100% Deliplus~Caja~10 ud.~| 0,12 €/ud~1.2~/ud.~Fitoterapia y parafarmacia >~Parafarmacia~https://tienda.mercadona.es/product/79506/gasas-esterilizadas-algodon-100-deliplus-caja~79506~2023-03-12 05:53:23.142623
Spray antiséptico transparente Deliplus~Spray~50 ml~| 3,80 €/100 ml~1.9~/ud.~Fitoterapia y parafarmacia >~Parafarmacia~https://tienda.mercadona.es/product/79438/spray-antiseptico-transparente-deliplus-spray~79438~2023-03-12 05:53:23.684072
Mascarillas quirúrgicas no reutilizables Deliplus~Paquete~10 ud.~| 0,10 €/ud~1.0~/ud.~Fitoterapia y parafarmacia >~Parafarmacia~https://tienda.mercadona.es/product/13465/mascarillas-quirurgicas-reutilizables-deliplus-paquete~13465~2023-03-12 05:53:24.224093
Mascarillas quirúrgicas infantiles Deliplus 6 a 9 años no reutilizables~Paquete~10 ud.~| 0,125 €/ud~1.25~/ud.~Fitoterapia y parafarmacia >~Parafarmacia~https://tienda.mercadona.es/product/13467/mascarillas-quirurgicas-infantiles-deliplus-6-9-anos-reutilizables-paquete~13467~2023-03-12 05:53:24.774336
Toallitas hidroalcohólicas Deliplus 75% Alcohol~Paquete~15 ud.~| 0,06 €/ud~0.9~/ud.~Cuidado facial y corporal >~Cuidado corporal~https://tienda.mercadona.es/product/79712/toallitas-hidroalcoholicas-deliplus-75-alcohol-paquete~79712~2023-03-12 05:53:25.340257
Gel de manos hidroalcohólico 80% alcohol Deliplus antiséptico sin aclarado~Bote~500 ml~| 0,62 €/100 ml~3.1~/ud.~Cuidado facial y corporal >~Gel y jabón de manos~https://tienda.mercadona.es/product/77466/gel-manos-hidroalcoholico-80-alcohol-deliplus-antiseptico-sin-aclarado-bote~77466~2023-03-12 05:53:25.884595
Mascarillas FFP2 NR Deliplus autofiltrantes desechables~Paquete~3 ud.~| 0,334 €/ud~1.0~/ud.~Fitoterapia y parafarmacia >~Parafarmacia~https://tienda.mercadona.es/product/13697/mascarillas-ffp2-nr-deliplus-autofiltrantes-desechables-paquete~13697~2023-03-12 05:53:26.438827
Preservativos sensitivo suave Durex~Caja~12 preservativos~| 0,667 €/ud~8.0~/ud.~Fitoterapia y parafarmacia >~Parafarmacia~https://tienda.mercadona.es/product/77441/preservativos-sensitivo-suave-durex-caja~77441~2023-03-12 05:53:26.996168
Preservativos natural On~Caja~12 preservativos~| 0,245 €/ud~2.93~/ud.~Fitoterapia y parafarmacia >~Parafarmacia~https://tienda.mercadona.es/product/77434/preservativos-natural-on-caja~77434~2023-03-12 05:53:27.547565
Preservativos natural Durex~Caja~12 preservativos~| 0,584 €/ud~7.0~/ud.~Fitoterapia y parafarmacia >~Parafarmacia~https://tienda.mercadona.es/product/77427/preservativos-natural-durex-caja~77427~2023-03-12 05:53:28.098031
Preservativos sensitive On~Caja~12 preservativos~| 0,26 €/ud~3.12~/ud.~Fitoterapia y parafarmacia >~Parafarmacia~https://tienda.mercadona.es/product/77440/preservativos-sensitive-on-caja~77440~2023-03-12 05:53:28.647652
Preservativos stimulating On texturados~Caja~12 preservativos~| 0,245 €/ud~2.93~/ud.~Fitoterapia y parafarmacia >~Parafarmacia~https://tienda.mercadona.es/product/77443/preservativos-stimulating-on-texturados-caja~77443~2023-03-12 05:53:29.207131
Preservativos dame placer Durex~Caja~12 preservativos~| 0,667 €/ud~8.0~/ud.~Fitoterapia y parafarmacia >~Parafarmacia~https://tienda.mercadona.es/product/77428/preservativos-dame-placer-durex-caja~77428~2023-03-12 05:53:29.839178
Preservativos dimensión On XL~Caja~12 preservativos~| 0,379 €/ud~4.54~/ud.~Fitoterapia y parafarmacia >~Parafarmacia~https://tienda.mercadona.es/product/77984/preservativos-dimension-on-xl-caja~77984~2023-03-12 05:53:30.500470
Plátano de Canarias~Pieza~170 g aprox.~| 1,99 €/kg~0.34~/ud.~Fruta y verdura >~Fruta~https://tienda.mercadona.es/product/3819/platano-canarias-pieza~3819~2023-03-12 06:05:48.361164
Banana~Pieza~170 g aprox.~| 1,45 €/kg~0.25~/ud.~Fruta y verdura >~Fruta~https://tienda.mercadona.es/product/3824/banana-pieza~3824~2023-03-12 06:05:48.955600
Plátano macho~Pieza~270 g aprox.~| 2,79 €/kg~0.75~/ud.~Fruta y verdura >~Fruta~https://tienda.mercadona.es/product/3132/platano-macho-pieza~3132~2023-03-12 06:05:49.401054
Uva blanca sin semillas~Bandeja~500 g aprox.~| 5,10 €/kg~2.55~/ud.~Fruta y verdura >~Fruta~https://tienda.mercadona.es/product/3313/uva-blanca-sin-semillas-bandeja~3313~2023-03-12 06:05:49.896993
Uva negra sin semillas~Bandeja~500 g aprox.~| 4,80 €/kg~2.4~/ud.~Fruta y verdura >~Fruta~https://tienda.mercadona.es/product/3318/uva-negra-sin-semillas-bandeja~3318~2023-03-12 06:05:50.451823
Uva roja sin semillas~Bandeja~500 g aprox.~| 4,80 €/kg~2.4~/ud.~Fruta y verdura >~Fruta~https://tienda.mercadona.es/product/3321/uva-roja-sin-semillas-bandeja~3321~2023-03-12 06:05:50.967910
Manzana Golden~Pieza~190 g aprox.~| 1,82 €/kg~0.35~/ud.~Fruta y verdura >~Fruta~https://tienda.mercadona.es/product/3028/manzana-golden-pieza~3028~2023-03-12 06:05:51.461430
Manzanas Golden~Bolsa~1,5 kg aprox.~| 1,53 €/kg~2.3~/ud.~Fruta y verdura >~Fruta~https://tienda.mercadona.es/product/3269/manzanas-golden-bolsa~3269~2023-03-12 06:05:51.967075
Pera Conferencia~Pieza~160 g aprox.~| 1,82 €/kg~0.29~/ud.~Fruta y verdura >~Fruta~https://tienda.mercadona.es/product/3119/pera-conferencia-pieza~3119~2023-03-12 06:05:52.456983
Peras Conferencia~1,5 kg aprox.~| 1,53 €/kg~Not available~2.3~/pack~Fruta y verdura >~Fruta~https://tienda.mercadona.es/product/3297/peras-conferencia-bandeja~3297~2023-03-12 06:05:52.928909
Manzana Fuji~Pieza~190 g aprox.~| 2,20 €/kg~0.42~/ud.~Fruta y verdura >~Fruta~https://tienda.mercadona.es/product/3175/manzana-fuji-pieza~3175~2023-03-12 06:05:53.424099
Manzanas Fuji~Bolsa~1,5 kg aprox.~| 1,52 €/kg~2.28~/ud.~Fruta y verdura >~Fruta~https://tienda.mercadona.es/product/3268/manzanas-fuji-bolsa~3268~2023-03-12 06:05:53.913607
Pera Ercolina~Pieza~90 g aprox.~| 3,09 €/kg~0.28~/ud.~Fruta y verdura >~Fruta~https://tienda.mercadona.es/product/3170/pera-ercolina-pieza~3170~2023-03-12 06:05:54.458609
Manzana Granny Smith~Pieza~200 g aprox.~| 1,82 €/kg~0.36~/ud.~Fruta y verdura >~Fruta~https://tienda.mercadona.es/product/3021/manzana-granny-smith-pieza~3021~2023-03-12 06:05:54.965250
Pera Rocha~Pieza~130 g aprox.~| 2,11 €/kg~0.27~/ud.~Fruta y verdura >~Fruta~https://tienda.mercadona.es/product/3267/pera-rocha-pieza~3267~2023-03-12 06:05:55.693542
Manzana Envy~Pieza~280 g aprox.~| 2,59 €/kg~0.73~/ud.~Fruta y verdura >~Fruta~https://tienda.mercadona.es/product/5036/manzana-envy-pieza~5036~2023-03-12 06:05:56.261424
Manzanas Envy~Bolsa~1,5 kg aprox.~| 2,29 €/kg~3.44~/ud.~Fruta y verdura >~Fruta~https://tienda.mercadona.es/product/6037/manzanas-envy-bolsa~6037~2023-03-12 06:05:56.819490
1/4 Sandía baja en semillas~1/4 Pieza~1,69 kg aprox.~| 2,25 €/kg~3.8~/ud.~Fruta y verdura >~Fruta~https://tienda.mercadona.es/product/3505.2/14-sandia-baja-semillas-14-pieza~3505.2~2023-03-12 06:05:57.392435
Media sandía baja en semillas~1/2 Pieza~3,16 kg aprox.~| 2,25 €/kg~7.11~/ud.~Fruta y verdura >~Fruta~https://tienda.mercadona.es/product/3505.1/media-sandia-baja-semillas-12-pieza~3505.1~2023-03-12 06:05:57.949830
Sandía baja en semillas~Pieza~6,74 kg aprox.~| 2,15 €/kg~14.49~/ud.~Fruta y verdura >~Fruta~https://tienda.mercadona.es/product/3529/sandia-baja-semillas-pieza~3529~2023-03-12 06:05:58.477020
Medio melón piel de sapo~1/2 Pieza~1,58 kg aprox.~| 2,09 €/kg~3.3~/ud.~Fruta y verdura >~Fruta~https://tienda.mercadona.es/product/3515/medio-melon-piel-sapo-12-pieza~3515~2023-03-12 06:05:59.005258
Melón piel de sapo~Pieza~2,96 kg aprox.~| 1,99 €/kg~5.89~/ud.~Fruta y verdura >~Fruta~https://tienda.mercadona.es/product/3506/melon-piel-sapo-pieza~3506~2023-03-12 06:05:59.523582
Limones~Malla~1 kg~| 1,91 €/kg~1.91~/ud.~Fruta y verdura >~Fruta~https://tienda.mercadona.es/product/3236/limones-malla~3236~2023-03-12 06:06:00.039679
Limón~Pieza~210 g aprox.~| 2,15 €/kg~0.45~/ud.~Fruta y verdura >~Fruta~https://tienda.mercadona.es/product/3210/limon-pieza~3210~2023-03-12 06:06:00.532197
Mandarina~Pieza~120 g aprox.~| 2,39 €/kg~0.29~/ud.~Fruta y verdura >~Fruta~https://tienda.mercadona.es/product/3238/mandarina-pieza~3238~2023-03-12 06:06:01.038601
Mandarinas~1,4 kg~| 2,486 €/kg~Not available~3.48~/pack~Fruta y verdura >~Fruta~https://tienda.mercadona.es/product/5251/mandarinas-bandeja~5251~2023-03-12 06:06:01.523306
Mandarina~Malla~2 kg~| 1,99 €/kg~3.98~/ud.~Fruta y verdura >~Fruta~https://tienda.mercadona.es/product/5504/mandarina-malla~5504~2023-03-12 06:06:02.031765
Naranja para mesa~Pieza~240 g aprox.~| 1,65 €/kg~0.4~/ud.~Fruta y verdura >~Fruta~https://tienda.mercadona.es/product/3235/naranja-mesa-pieza~3235~2023-03-12 06:06:02.547683
Naranjas~Malla~3 kg~| 1,35 €/kg~4.05~/ud.~Fruta y verdura >~Fruta~https://tienda.mercadona.es/product/3277/naranjas-malla~3277~2023-03-12 06:06:03.053587
Naranjas~Malla~5 kg~| 0,99 €/kg~4.95~/ud.~Fruta y verdura >~Fruta~https://tienda.mercadona.es/product/3485/naranjas-malla~3485~2023-03-12 06:06:03.567299
Pomelo~Pieza~400 g aprox.~| 2,20 €/kg~0.88~/ud.~Fruta y verdura >~Fruta~https://tienda.mercadona.es/product/3202/pomelo-pieza~3202~2023-03-12 06:06:04.145869
Limas~400 g aprox.~| 4,99 €/kg~Not available~2.0~/pack~Fruta y verdura >~Fruta~https://tienda.mercadona.es/product/3961/limas-bandeja~3961~2023-03-12 06:06:04.665873
Kiwi verde~Pieza~100 g aprox.~| 3,03 €/kg~0.3~/ud.~Fruta y verdura >~Fruta~https://tienda.mercadona.es/product/3820/kiwi-verde-pieza~3820~2023-03-12 06:06:05.193891
Kiwis verdes~1 kg aprox.~| 2,88 €/kg~Not available~2.88~/pack~Fruta y verdura >~Fruta~https://tienda.mercadona.es/product/3832/kiwis-verdes-bandeja~3832~2023-03-12 06:06:05.702559
Aguacate~Pieza~190 g aprox.~| 4,79 €/kg~0.91~/ud.~Fruta y verdura >~Fruta~https://tienda.mercadona.es/product/3830/aguacate-pieza~3830~2023-03-12 06:06:06.217420
Aguacates~550 g aprox.~| 4,39 €/kg~Not available~2.41~/pack~Fruta y verdura >~Fruta~https://tienda.mercadona.es/product/3858/aguacates-bandeja~3858~2023-03-12 06:06:06.718719
Piña~Pieza~2,21 kg aprox.~| 1,45 €/kg~3.2~/ud.~Fruta y verdura >~Fruta~https://tienda.mercadona.es/product/3125/pina-pieza~3125~2023-03-12 06:06:07.272610
Media piña~1/2 Pieza~1,14 kg aprox.~| 1,65 €/kg~1.88~/ud.~Fruta y verdura >~Fruta~https://tienda.mercadona.es/product/5425/media-pina-12-pieza~5425~2023-03-12 06:06:07.930438
Guacamole Hacendado 95% aguacate fresco~Tarrina~500 g~| 7,00 €/kg~3.5~/ud.~Aceite, especias y salsas >~Otras salsas~https://tienda.mercadona.es/product/3840/guacamole-hacendado-95-aguacate-fresco-tarrina~3840~2023-03-12 06:06:08.465580
Guacamole Hacendado 95% aguacate fresco~Tarrina~200 g~| 8,75 €/kg~1.75~/ud.~Aceite, especias y salsas >~Otras salsas~https://tienda.mercadona.es/product/3852/guacamole-hacendado-95-aguacate-fresco-tarrina~3852~2023-03-12 06:06:08.994708
Mango~Pieza~400 g aprox.~| 2,70 €/kg~1.08~/ud.~Fruta y verdura >~Fruta~https://tienda.mercadona.es/product/3050/mango-pieza~3050~2023-03-12 06:06:09.532374
Piña natural a rodajas~Bote~500 g aprox.~| 5,48 €/kg~2.74~/ud.~Fruta y verdura >~Fruta~https://tienda.mercadona.es/product/3024/pina-natural-rodajas-bote~3024~2023-03-12 06:06:10.069908
Papaya~Pieza~1,26 kg aprox.~| 4,80 €/kg~6.05~/ud.~Fruta y verdura >~Fruta~https://tienda.mercadona.es/product/3026/papaya-pieza~3026~2023-03-12 06:06:10.729318
Media papaya~1/2 Pieza~720 g aprox.~| 4,99 €/kg~3.59~/ud.~Fruta y verdura >~Fruta~https://tienda.mercadona.es/product/3099/media-papaya-12-pieza~3099~2023-03-12 06:06:11.296649
Fresón~Bandeja~500 g aprox.~| 6,40 €/kg~3.2~/ud.~Fruta y verdura >~Fruta~https://tienda.mercadona.es/product/3715/freson-bandeja~3715~2023-03-12 06:06:11.839687
Fresón~Bandeja~1 kg aprox.~| 5,10 €/kg~5.1~/ud.~Fruta y verdura >~Fruta~https://tienda.mercadona.es/product/3716/freson-bandeja~3716~2023-03-12 06:06:12.392962
Frambuesas~Bandeja~170 g~| 12,883 €/kg~2.19~/ud.~Fruta y verdura >~Fruta~https://tienda.mercadona.es/product/5508/frambuesas-bandeja~5508~2023-03-12 06:06:12.958944
Moras~Bandeja~125 g~| 17,28 €/kg~2.16~/ud.~Fruta y verdura >~Fruta~https://tienda.mercadona.es/product/3704/moras-bandeja~3704~2023-03-12 06:06:13.510910
Arándanos~Vaso~225 g~| 12,356 €/kg~2.78~/ud.~Fruta y verdura >~Fruta~https://tienda.mercadona.es/product/5501/arandanos-vaso~5501~2023-03-12 06:06:14.048231
Lechuga iceberg~Pieza~1 ud.~| 1,39 €/ud~1.39~/ud.~Fruta y verdura >~Lechuga y ensalada preparada~https://tienda.mercadona.es/product/69119/lechuga-iceberg-pieza~69119~2023-03-12 06:07:18.837647
Ensalada mezcla 4 estaciones compuesta por lechuga iceberg, zanahoria y col lombarda~Paquete~250 g~| 2,88 €/kg~0.72~/ud.~Fruta y verdura >~Lechuga y ensalada preparada~https://tienda.mercadona.es/product/69706/ensalada-mezcla-4-estaciones-compuesta-lechuga-iceberg-zanahoria-col-lombarda-paquete~69706~2023-03-12 06:07:19.352407
Lechugas corazón romana~Paquete~2 ud.~| 0,765 €/ud~1.53~/ud.~Fruta y verdura >~Lechuga y ensalada preparada~https://tienda.mercadona.es/product/69121/lechugas-corazon-romana-paquete~69121~2023-03-12 06:07:19.805895
Ensalada mezcla brotes tiernos compuesta por brotes de batavia roja y verde, lollo rojo, rúcula y espinaca baby~Paquete~100 g~| 12,00 €/kg~1.2~/ud.~Fruta y verdura >~Lechuga y ensalada preparada~https://tienda.mercadona.es/product/69757/ensalada-mezcla-brotes-tiernos-compuesta-brotes-batavia-roja-verde-lollo-rojo-rucula-espinaca-baby-paquete~69757~2023-03-12 06:07:20.264062
Canónigos base para ensalada~Paquete~125 g~| 9,12 €/kg~1.14~/ud.~Fruta y verdura >~Lechuga y ensalada preparada~https://tienda.mercadona.es/product/69719/canonigos-base-ensalada-paquete~69719~2023-03-12 06:07:20.740269
Lechuga iceberg base para ensalada~Paquete~250 g~| 3,44 €/kg~0.86~/ud.~Fruta y verdura >~Lechuga y ensalada preparada~https://tienda.mercadona.es/product/69670/lechuga-iceberg-base-ensalada-paquete~69670~2023-03-12 06:07:21.196020
Ensalada mezcla gourmet compuesta por escarola rizada, radicchio y canónigos~Paquete~175 g~| 5,829 €/kg~1.02~/ud.~Fruta y verdura >~Lechuga y ensalada preparada~https://tienda.mercadona.es/product/69744/ensalada-mezcla-gourmet-compuesta-escarola-rizada-radicchio-canonigos-paquete~69744~2023-03-12 06:07:21.644863
Cogollos de lechuga~Paquete~3 ud.~| 0,354 €/ud~1.06~/ud.~Fruta y verdura >~Lechuga y ensalada preparada~https://tienda.mercadona.es/product/69581/cogollos-lechuga-paquete~69581~2023-03-12 06:07:22.109886
Lechuga corazón romana~Paquete~1 ud.~| 1,05 €/ud~1.05~/ud.~Fruta y verdura >~Lechuga y ensalada preparada~https://tienda.mercadona.es/product/69122/lechuga-corazon-romana-paquete~69122~2023-03-12 06:07:22.705688
Endibias~Bandeja~450 g~| 3,445 €/kg~1.55~/ud.~Fruta y verdura >~Lechuga y ensalada preparada~https://tienda.mercadona.es/product/69591/endibias-bandeja~69591~2023-03-12 06:07:23.228447
Ensalada mezcla brotes tiernos maxi compuesto por batavia roja y verde, lollo rojo, espinacas y rúcula~Paquete~175 g~| 9,60 €/kg~1.68~/ud.~Fruta y verdura >~Lechuga y ensalada preparada~https://tienda.mercadona.es/product/69810/ensalada-mezcla-brotes-tiernos-maxi-compuesto-batavia-roja-verde-lollo-rojo-espinacas-rucula-paquete~69810~2023-03-12 06:07:23.739837
Ensalada mezcla gourmet maxi compuesta por escarola rizada, canónigos y achicoria~Paquete~300 g~| 5,534 €/kg~1.66~/ud.~Fruta y verdura >~Lechuga y ensalada preparada~https://tienda.mercadona.es/product/69741/ensalada-mezcla-gourmet-maxi-compuesta-escarola-rizada-canonigos-achicoria-paquete~69741~2023-03-12 06:07:24.281595
Ensalada mezcla tierna compuesta por lechuga hoja de roble verde, brotes de lechuga batavia roja y lechuga trocadero~Paquete~150 g~| 8,00 €/kg~1.2~/ud.~Fruta y verdura >~Lechuga y ensalada preparada~https://tienda.mercadona.es/product/69840/ensalada-mezcla-tierna-compuesta-lechuga-hoja-roble-verde-brotes-lechuga-batavia-roja-lechuga-trocadero-paquete~69840~2023-03-12 06:07:24.797124
Rúcula base para ensalada~Paquete~50 g~| 14,40 €/kg~0.72~/ud.~Fruta y verdura >~Lechuga y ensalada preparada~https://tienda.mercadona.es/product/69753/rucula-base-ensalada-paquete~69753~2023-03-12 06:07:25.256905
Cogollos corazón de lechuga~Paquete~6 ud.~| 0,314 €/ud~1.88~/ud.~Fruta y verdura >~Lechuga y ensalada preparada~https://tienda.mercadona.es/product/69582/cogollos-corazon-lechuga-paquete~69582~2023-03-12 06:07:25.787486
Ensalada mezcla primavera compuesta por escarola lisa, escarola rizada y achicoria~Paquete~200 g~| 4,80 €/kg~0.96~/ud.~Fruta y verdura >~Lechuga y ensalada preparada~https://tienda.mercadona.es/product/69703/ensalada-mezcla-primavera-compuesta-escarola-lisa-escarola-rizada-achicoria-paquete~69703~2023-03-12 06:07:26.304048
Ensalada mezcla dúo canónigos y rúcula~Paquete~100 g~| 13,00 €/kg~1.3~/ud.~Fruta y verdura >~Lechuga y ensalada preparada~https://tienda.mercadona.es/product/69697/ensalada-mezcla-duo-canonigos-rucula-paquete~69697~2023-03-12 06:07:26.776116
Ensalada mezcla fresca compuesta por escarola rizada, col lombarda, rúcula, espinacas y lechuga lollo rosso~Paquete~200 g~| 5,55 €/kg~1.11~/ud.~Fruta y verdura >~Lechuga y ensalada preparada~https://tienda.mercadona.es/product/69750/ensalada-mezcla-fresca-compuesta-escarola-rizada-col-lombarda-rucula-espinacas-lechuga-lollo-rosso-paquete~69750~2023-03-12 06:07:27.277730
Lechuga hoja roble~Paquete~1 ud.~| 1,30 €/ud~1.3~/ud.~Fruta y verdura >~Lechuga y ensalada preparada~https://tienda.mercadona.es/product/69114/lechuga-hoja-roble-paquete~69114~2023-03-12 06:07:27.767267
Escarola rizada base para ensalada~Paquete~150 g~| 8,00 €/kg~1.2~/ud.~Fruta y verdura >~Lechuga y ensalada preparada~https://tienda.mercadona.es/product/69720/escarola-rizada-base-ensalada-paquete~69720~2023-03-12 06:07:28.284053
Escarola rizada~Paquete~1 ud.~| 1,54 €/ud~1.54~/ud.~Fruta y verdura >~Lechuga y ensalada preparada~https://tienda.mercadona.es/product/69123/escarola-rizada-paquete~69123~2023-03-12 06:07:28.784272
Espinaca baby base para ensalada~Paquete~100 g~| 11,10 €/kg~1.11~/ud.~Fruta y verdura >~Lechuga y ensalada preparada~https://tienda.mercadona.es/product/69984/espinaca-baby-base-ensalada-paquete~69984~2023-03-12 06:07:29.256778
Lechuga romana cortada~Paquete~200 g~| 5,75 €/kg~1.15~/ud.~Fruta y verdura >~Lechuga y ensalada preparada~https://tienda.mercadona.es/product/69435/lechuga-romana-cortada-paquete~69435~2023-03-12 06:07:29.774087
Ensalada César compuesta por mezcla de hortalizas, pollo, queso, salsa césar y picatostes, incluye tenedor~Bol~210 g~| 10,905 €/kg~2.29~/ud.~Fruta y verdura >~Lechuga y ensalada preparada~https://tienda.mercadona.es/product/69746/ensalada-cesar-compuesta-mezcla-hortalizas-pollo-queso-salsa-cesar-picatostes-incluye-tenedor-bol~69746~2023-03-12 06:07:30.288800
Ensalada California compuesta por mezcla de hortalizas frescas, nueces, picatostes, bacón, cebolla frita, uvas pasas, salsa de miel y mostaza, incluye tenedor~Bol~192 g~| 11,928 €/kg~2.29~/ud.~Fruta y verdura >~Lechuga y ensalada preparada~https://tienda.mercadona.es/product/69714/ensalada-california-compuesta-mezcla-hortalizas-frescas-nueces-picatostes-bacon-cebolla-frita-uvas-pasas-salsa-miel-mostaza-incluye-tenedor-bol~69714~2023-03-12 06:07:30.824547
Wraps Texas compuesto por hortalizas frescas, pollo, queso, salsa y tortillas de trigo, incluye tenedor~Bol~300 g~| 9,967 €/kg~2.99~/ud.~Fruta y verdura >~Lechuga y ensalada preparada~https://tienda.mercadona.es/product/69850/wraps-texas-compuesto-hortalizas-frescas-pollo-queso-salsa-tortillas-trigo-incluye-tenedor-bol~69850~2023-03-12 06:07:31.362365
Ensalada de la casa compuesta por escarola lisa, achicoria, escarola rizada, maíz dulce, tomate cherry, zanahoria y aceitunas verdes~Bol~400 g~| 4,775 €/kg~1.91~/ud.~Fruta y verdura >~Lechuga y ensalada preparada~https://tienda.mercadona.es/product/69756/ensalada-casa-compuesta-escarola-lisa-achicoria-escarola-rizada-maiz-dulce-tomate-cherry-zanahoria-aceitunas-verdes-bol~69756~2023-03-12 06:07:31.905435
Ensalada mil islas compuesta por lechuga iceberg, escarola lisa, surimi, col blanca, zanahoria, maíz y salsa rosa, incluye tenedor~Bol~330 g~| 7,728 €/kg~2.55~/ud.~Fruta y verdura >~Lechuga y ensalada preparada~https://tienda.mercadona.es/product/69742/ensalada-mil-islas-compuesta-lechuga-iceberg-escarola-lisa-surimi-col-blanca-zanahoria-maiz-salsa-rosa-incluye-tenedor-bol~69742~2023-03-12 06:07:32.586966
Ensalada ensatún compuesta por zanahoria, mozzarella, aceitunas verdes, lechuga iceberg, lechuga hoja de roble, maíz, atún en aceite vegetal, tomate cherry, aceite, sal y vinagre, incluye tenedor~Bol~250 g~| 9,96 €/kg~2.49~/ud.~Fruta y verdura >~Lechuga y ensalada preparada~https://tienda.mercadona.es/product/69872/ensalada-ensatun-compuesta-zanahoria-mozzarella-aceitunas-verdes-lechuga-iceberg-lechuga-hoja-roble-maiz-atun-aceite-vegetal-tomate-cherry-aceite-sal-vinagre-incluye-tenedor-bol~69872~2023-03-12 06:07:33.122807
Ensalada jamón compuesta por jamón curado, queso curado, picatostes con tomate y orégano, aceite, sal y vinagre, incluye tenedor~Bol~215 g~| 11,582 €/kg~2.49~/ud.~Fruta y verdura >~Lechuga y ensalada preparada~https://tienda.mercadona.es/product/69884/ensalada-jamon-compuesta-jamon-curado-queso-curado-picatostes-con-tomate-oregano-aceite-sal-vinagre-incluye-tenedor-bol~69884~2023-03-12 06:07:33.670605
Ensalada de pasta compuesta por pasta, fiambre de jamón de pavo y salsa de yogur, incluye tenedor~Bol~250 g~| 9,96 €/kg~2.49~/ud.~Fruta y verdura >~Lechuga y ensalada preparada~https://tienda.mercadona.es/product/69461/ensalada-pasta-compuesta-pasta-fiambre-jamon-pavo-salsa-yogur-incluye-tenedor-bol~69461~2023-03-12 06:07:34.222713
Ensalada queso de cabra compuesta por brotes, manzana, queso de cabra, frutos secos y vinagreta balsámica, incluye tenedor~Bol~135 g~| 20,667 €/kg~2.79~/ud.~Fruta y verdura >~Lechuga y ensalada preparada~https://tienda.mercadona.es/product/69474/ensalada-queso-cabra-compuesta-brotes-manzana-queso-cabra-frutos-secos-vinagreta-balsamica-incluye-tenedor-bol~69474~2023-03-12 06:07:34.779074
Poke de salmón~Bol~470 g~| 11,703 €/kg~5.5~/ud.~Fruta y verdura >~Lechuga y ensalada preparada~https://tienda.mercadona.es/product/84955/poke-salmon-bol~84955~2023-03-12 06:07:35.336705
Ensalada de pasta Listo para Comer compuesta por atún, huevo cocido, surimi, mozzarella y cebolla~Bol~340 g~| 4,00 €/ud~4.0~/ud.~Fruta y verdura >~Lechuga y ensalada preparada~https://tienda.mercadona.es/product/60221/ensalada-pasta-listo-comer-compuesta-atun-huevo-cocido-surimi-mozzarella-cebolla-bol~60221~2023-03-12 06:07:35.878203
Patata~Pieza~200 g aprox.~| 1,72 €/kg~0.34~/ud.~Fruta y verdura >~Verdura~https://tienda.mercadona.es/product/69066/patata-pieza~69066~2023-03-12 06:25:38.642179
Patatas~Malla~3 kg~| 1,41 €/kg~4.23~/ud.~Fruta y verdura >~Verdura~https://tienda.mercadona.es/product/69166/patatas-malla~69166~2023-03-12 06:25:39.312712
Patatas rojas~Malla~2 kg~| 1,34 €/kg~2.68~/ud.~Fruta y verdura >~Verdura~https://tienda.mercadona.es/product/69098/patatas-rojas-malla~69098~2023-03-12 06:25:39.978737
Patatas~Malla~5 kg~| 1,056 €/kg~5.28~/ud.~Fruta y verdura >~Verdura~https://tienda.mercadona.es/product/69099/patatas-malla~69099~2023-03-12 06:25:40.596898
Batata~Pieza~430 g aprox.~| 2,02 €/kg~0.87~/ud.~Fruta y verdura >~Verdura~https://tienda.mercadona.es/product/69239/batata-pieza~69239~2023-03-12 06:25:41.207387
Patatas especial para freir~Malla~2 kg~| 1,465 €/kg~2.93~/ud.~Fruta y verdura >~Verdura~https://tienda.mercadona.es/product/69448/patatas-especial-freir-malla~69448~2023-03-12 06:25:41.852224
Cebollas tiernas~Manojo~3 ud.~| 0,414 €/ud~1.24~/ud.~Fruta y verdura >~Verdura~https://tienda.mercadona.es/product/69139/cebollas-tiernas-manojo~69139~2023-03-12 06:25:42.460280
Cebollas~Malla~2 kg~| 1,55 €/kg~3.1~/ud.~Fruta y verdura >~Verdura~https://tienda.mercadona.es/product/69079/cebollas-malla~69079~2023-03-12 06:25:43.075233
Cebollas~Malla~1 kg~| 1,89 €/kg~1.89~/ud.~Fruta y verdura >~Verdura~https://tienda.mercadona.es/product/69089/cebollas-malla~69089~2023-03-12 06:25:43.684848
Ajos morados~Malla~250 g~| 5,56 €/kg~1.39~/ud.~Fruta y verdura >~Verdura~https://tienda.mercadona.es/product/69297/ajos-morados-malla~69297~2023-03-12 06:25:44.294022
Cebollas dulces sabor suave~Malla~1 kg~| 2,07 €/kg~2.07~/ud.~Fruta y verdura >~Verdura~https://tienda.mercadona.es/product/69155/cebollas-dulces-sabor-suave-malla~69155~2023-03-12 06:25:44.908629
Ajo tierno~Manojo~200 g~| 11,50 €/kg~2.3~/ud.~Fruta y verdura >~Verdura~https://tienda.mercadona.es/product/69632/ajo-tierno-manojo~69632~2023-03-12 06:25:45.529461
Ajos morados~Malla~400 g~| 4,775 €/kg~1.91~/ud.~Fruta y verdura >~Verdura~https://tienda.mercadona.es/product/69298/ajos-morados-malla~69298~2023-03-12 06:25:46.136664
Yuca~Pieza~600 g aprox.~| 2,78 €/kg~1.67~/ud.~Fruta y verdura >~Verdura~https://tienda.mercadona.es/product/69173/yuca-pieza~69173~2023-03-12 06:25:46.826681
Ajo negro dientes pelados~Tarrina~85 g~| 52,353 €/kg~4.45~/ud.~Fruta y verdura >~Verdura~https://tienda.mercadona.es/product/69695/ajo-negro-dientes-pelados-tarrina~69695~2023-03-12 06:25:47.599005
Chalotas~Malla~250 g~| 6,12 €/kg~1.53~/ud.~Fruta y verdura >~Verdura~https://tienda.mercadona.es/product/69682/chalotas-malla~69682~2023-03-12 06:25:48.284128
Cebollas morada~Malla~1 kg~| 1,63 €/kg~1.63~/ud.~Fruta y verdura >~Verdura~https://tienda.mercadona.es/product/69153/cebollas-morada-malla~69153~2023-03-12 06:25:48.955303
Picada de ajo y Perejil~Bandeja~100 g~| 13,90 €/kg~1.39~/ud.~Fruta y verdura >~Verdura~https://tienda.mercadona.es/product/40475/picada-ajo-perejil-bandeja~40475~2023-03-12 06:25:49.634296
Tomate ensalada~Pieza~270 g aprox.~| 2,40 €/kg~0.65~/ud.~Fruta y verdura >~Verdura~https://tienda.mercadona.es/product/69937/tomate-ensalada-pieza~69937~2023-03-12 06:25:50.262371
Tomate canario~Pieza~160 g aprox.~| 2,05 €/kg~0.33~/ud.~Fruta y verdura >~Verdura~https://tienda.mercadona.es/product/69968/tomate-canario-pieza~69968~2023-03-12 06:25:50.906794
Tomate pera~Pieza~120 g aprox.~| 2,49 €/kg~0.3~/ud.~Fruta y verdura >~Verdura~https://tienda.mercadona.es/product/69912/tomate-pera-pieza~69912~2023-03-12 06:25:51.518225
Tomates pera~1 kg aprox.~| 2,59 €/kg~Not available~2.59~/pack~Fruta y verdura >~Verdura~https://tienda.mercadona.es/product/69975/tomates-pera-bandeja~69975~2023-03-12 06:25:52.104814
Tomates cherry pera kumato~Bandeja~300 g~| 4,934 €/kg~1.48~/ud.~Fruta y verdura >~Verdura~https://tienda.mercadona.es/product/69930/tomates-cherry-pera-kumato-bandeja~69930~2023-03-12 06:25:52.709577
Tomates cherry~Bandeja~500 g~| 3,66 €/kg~1.83~/ud.~Fruta y verdura >~Verdura~https://tienda.mercadona.es/product/69990/tomates-cherry-bandeja~69990~2023-03-12 06:25:53.331776
Tomates cherry en rama Dulcita~Bandeja~200 g~| 11,30 €/kg~2.26~/ud.~Fruta y verdura >~Verdura~https://tienda.mercadona.es/product/69414/tomates-cherry-rama-dulcita-bandeja~69414~2023-03-12 06:25:53.938703
Tomates~Malla~2 kg~| 1,95 €/kg~3.9~/ud.~Fruta y verdura >~Verdura~https://tienda.mercadona.es/product/69971/tomates-malla~69971~2023-03-12 06:25:54.564552
Tomate kumato negro~Pieza~110 g aprox.~| 2,49 €/kg~0.27~/ud.~Fruta y verdura >~Verdura~https://tienda.mercadona.es/product/69935/tomate-kumato-negro-pieza~69935~2023-03-12 06:25:55.291143
Tomate rallado~Tarrina~290 g~| 4,794 €/kg~1.39~/ud.~Fruta y verdura >~Verdura~https://tienda.mercadona.es/product/69938/tomate-rallado-tarrina~69938~2023-03-12 06:25:55.946978
Rama de Tomates~710 g aprox.~| 2,59 €/kg~Not available~1.84~/pack~Fruta y verdura >~Verdura~https://tienda.mercadona.es/product/69487/rama-tomates~69487~2023-03-12 06:25:56.560665
Tomate rosa~Pieza~500 g aprox.~| 3,36 €/kg~1.68~/ud.~Fruta y verdura >~Verdura~https://tienda.mercadona.es/product/69444/tomate-rosa-pieza~69444~2023-03-12 06:25:57.193989
Tomate de ramillete de Mallorca~Bandeja~550 g aprox.~| 4,70 €/kg~2.59~/ud.~Fruta y verdura >~Verdura~https://tienda.mercadona.es/product/69967/tomate-ramillete-mallorca-bandeja~69967~2023-03-12 06:25:57.837776
Tomates Anhel~400 g~| 5,975 €/kg~Not available~2.39~/pack~Fruta y verdura >~Verdura~https://tienda.mercadona.es/product/69447/tomates-anhel-bandeja~69447~2023-03-12 06:25:58.521931
Zanahorias~Paquete~1 kg~| 0,95 €/kg~0.95~/ud.~Fruta y verdura >~Verdura~https://tienda.mercadona.es/product/69586/zanahorias-paquete~69586~2023-03-12 06:25:59.254638
Pepino~Pieza~240 g aprox.~| 1,79 €/kg~0.43~/ud.~Fruta y verdura >~Verdura~https://tienda.mercadona.es/product/69584/pepino-pieza~69584~2023-03-12 06:25:59.905658
Pepino holandés~Pieza~425 g aprox.~| 2,50 €/kg~1.06~/ud.~Fruta y verdura >~Verdura~https://tienda.mercadona.es/product/69964/pepino-holandes-pieza~69964~2023-03-12 06:26:00.564412
Zanahorias~Paquete~500 g~| 1,58 €/kg~0.79~/ud.~Fruta y verdura >~Verdura~https://tienda.mercadona.es/product/69669/zanahorias-paquete~69669~2023-03-12 06:26:01.295616
Palitos de zanahoria~Tarrina~180 g~| 9,889 €/kg~1.78~/ud.~Fruta y verdura >~Verdura~https://tienda.mercadona.es/product/69877/palitos-zanahoria-tarrina~69877~2023-03-12 06:26:01.978550
Zanahoria rallada base para ensalada~Paquete~150 g~| 5,467 €/kg~0.82~/ud.~Fruta y verdura >~Verdura~https://tienda.mercadona.es/product/69722/zanahoria-rallada-base-ensalada-paquete~69722~2023-03-12 06:26:02.676195
Pimiento rojo~Pieza~400 g aprox.~| 2,99 €/kg~1.2~/ud.~Fruta y verdura >~Verdura~https://tienda.mercadona.es/product/69310/pimiento-rojo-pieza~69310~2023-03-12 06:26:03.329149
Calabacín verde~Pieza~330 g aprox.~| 1,99 €/kg~0.66~/ud.~Fruta y verdura >~Verdura~https://tienda.mercadona.es/product/69338/calabacin-verde-pieza~69338~2023-03-12 06:26:03.969239
Pimiento verde freír~Pieza~110 g aprox.~| 2,49 €/kg~0.27~/ud.~Fruta y verdura >~Verdura~https://tienda.mercadona.es/product/69320/pimiento-verde-freir-pieza~69320~2023-03-12 06:26:04.600997
Pimientos tricolor rojo, amarillo y verde~600 g~| 3,084 €/kg~Not available~1.85~/pack~Fruta y verdura >~Verdura~https://tienda.mercadona.es/product/69491/pimientos-tricolor-rojo-amarillo-verde-bandeja~69491~2023-03-12 06:26:05.218965
Pimientos semipicantes~Paquete~250 g~| 4,80 €/kg~1.2~/ud.~Fruta y verdura >~Verdura~https://tienda.mercadona.es/product/69590/pimientos-semipicantes-paquete~69590~2023-03-12 06:26:05.940378
Coliflor~Pieza~1,2 kg aprox.~| 1,82 €/kg~2.18~/ud.~Fruta y verdura >~Verdura~https://tienda.mercadona.es/product/69220/coliflor-pieza~69220~2023-03-12 06:26:06.629788
Repollo liso~Pieza~1,33 kg aprox.~| 1,55 €/kg~2.06~/ud.~Fruta y verdura >~Verdura~https://tienda.mercadona.es/product/69236/repollo-liso-pieza~69236~2023-03-12 06:26:07.343778
Medio repollo liso~1/2 Pieza~710 g aprox.~| 1,84 €/kg~1.31~/ud.~Fruta y verdura >~Verdura~https://tienda.mercadona.es/product/69246/medio-repollo-liso-12-pieza~69246~2023-03-12 06:26:08.062498
Repollo rizado~Pieza~970 g aprox.~| 1,55 €/kg~1.5~/ud.~Fruta y verdura >~Verdura~https://tienda.mercadona.es/product/69238/repollo-rizado-pieza~69238~2023-03-12 06:26:08.770397
Medio repollo rizado~1/2 Pieza~530 g aprox.~| 1,84 €/kg~0.98~/ud.~Fruta y verdura >~Verdura~https://tienda.mercadona.es/product/69257/medio-repollo-rizado-12-pieza~69257~2023-03-12 06:26:09.488939
Col lombarda~Pieza~980 g aprox.~| 1,63 €/kg~1.6~/ud.~Fruta y verdura >~Verdura~https://tienda.mercadona.es/product/69251/col-lombarda-pieza~69251~2023-03-12 06:26:10.203511
Media col lombarda~1/2 Pieza~540 g aprox.~| 1,88 €/kg~1.02~/ud.~Fruta y verdura >~Verdura~https://tienda.mercadona.es/product/69258/media-col-lombarda-12-pieza~69258~2023-03-12 06:26:10.917986
Champiñón pequeño~Bandeja~300 g aprox.~| 4,75 €/kg~1.42~/ud.~Fruta y verdura >~Verdura~https://tienda.mercadona.es/product/69651/champinon-pequeno-bandeja~69651~2023-03-12 06:26:11.593143
Champiñón laminado limpio~Bandeja~320 g aprox.~| 5,65 €/kg~1.81~/ud.~Fruta y verdura >~Verdura~https://tienda.mercadona.es/product/69519/champinon-laminado-limpio-bandeja~69519~2023-03-12 06:26:12.260124
Seta~Bandeja~250 g aprox.~| 7,02 €/kg~1.76~/ud.~Fruta y verdura >~Verdura~https://tienda.mercadona.es/product/69653/seta-bandeja~69653~2023-03-12 06:26:12.982658
Champiñón grande~Bandeja~430 g aprox.~| 4,58 €/kg~1.97~/ud.~Fruta y verdura >~Verdura~https://tienda.mercadona.es/product/69672/champinon-grande-bandeja~69672~2023-03-12 06:26:13.788990
Seta laminada~Bandeja~250 g aprox.~| 7,64 €/kg~1.91~/ud.~Fruta y verdura >~Verdura~https://tienda.mercadona.es/product/69616/seta-laminada-bandeja~69616~2023-03-12 06:26:14.514147
Champiñón Portobello~Bandeja~300 g aprox.~| 6,14 €/kg~1.84~/ud.~Fruta y verdura >~Verdura~https://tienda.mercadona.es/product/69664/champinon-portobello-bandeja~69664~2023-03-12 06:26:15.270082
Setas al plato con perejil compuesto por champiñón crimini, shimeji, shiitake y seta ostra de cultivo~Bandeja~200 g~| 14,20 €/kg~2.84~/ud.~Fruta y verdura >~Verdura~https://tienda.mercadona.es/product/69678/setas-plato-con-perejil-compuesto-champinon-crimini-shimeji-shiitake-seta-ostra-cultivo-bandeja~69678~2023-03-12 06:26:16.032942
Salteado de setas laminadas compuesto por champiñón, portobello y setas~Bandeja~250 g aprox.~| 6,92 €/kg~1.73~/ud.~Fruta y verdura >~Verdura~https://tienda.mercadona.es/product/69674/salteado-setas-laminadas-compuesto-champinon-portobello-setas-bandeja~69674~2023-03-12 06:26:16.777670
Seta shiitake~Bandeja~300 g aprox.~| 11,78 €/kg~3.53~/ud.~Fruta y verdura >~Verdura~https://tienda.mercadona.es/product/69647/seta-shiitake-bandeja~69647~2023-03-12 06:26:17.477230
Perejil troceado~Paquete~40 g~| 1,875 €/100 g~0.75~/ud.~Fruta y verdura >~Verdura~https://tienda.mercadona.es/product/69701/perejil-troceado-paquete~69701~2023-03-12 06:26:18.210821
Jengibre~200 g aprox.~| 6,50 €/kg~Not available~1.3~/pack~Fruta y verdura >~Verdura~https://tienda.mercadona.es/product/69289/jengibre-bandeja~69289~2023-03-12 06:26:18.901104
Cilantro~Bandeja~20 g~| 6,25 €/100 g~1.25~/ud.~Fruta y verdura >~Verdura~https://tienda.mercadona.es/product/69690/cilantro-bandeja~69690~2023-03-12 06:26:19.576287
Hierbabuena~Paquete~70 g~| 17,858 €/kg~1.25~/ud.~Fruta y verdura >~Verdura~https://tienda.mercadona.es/product/69427/hierbabuena-paquete~69427~2023-03-12 06:26:20.292929
Cebollino~Bandeja~20 g~| 6,25 €/100 g~1.25~/ud.~Fruta y verdura >~Verdura~https://tienda.mercadona.es/product/69286/cebollino-bandeja~69286~2023-03-12 06:26:21.034201
Espinacas cortadas~Paquete~300 g~| 4,00 €/kg~1.2~/ud.~Fruta y verdura >~Verdura~https://tienda.mercadona.es/product/69730/espinacas-cortadas-paquete~69730~2023-03-12 06:26:21.747066
Brócoli~Pieza~320 g aprox.~| 2,84 €/kg~0.91~/ud.~Fruta y verdura >~Verdura~https://tienda.mercadona.es/product/69580/brocoli-pieza~69580~2023-03-12 06:26:22.432174
Berenjena~Pieza~330 g aprox.~| 2,59 €/kg~0.85~/ud.~Fruta y verdura >~Verdura~https://tienda.mercadona.es/product/69326/berenjena-pieza~69326~2023-03-12 06:26:23.097893
Judía verde plana~Bandeja~750 g~| 3,84 €/kg~2.88~/ud.~Fruta y verdura >~Verdura~https://tienda.mercadona.es/product/69889/judia-verde-plana-bandeja~69889~2023-03-12 06:26:23.771154
Judía verde plana~Bandeja~350 g~| 4,086 €/kg~1.43~/ud.~Fruta y verdura >~Verdura~https://tienda.mercadona.es/product/68131/judia-verde-plana-bandeja~68131~2023-03-12 06:26:24.468319
Acelgas cortadas~Paquete~300 g~| 3,70 €/kg~1.11~/ud.~Fruta y verdura >~Verdura~https://tienda.mercadona.es/product/69725/acelgas-cortadas-paquete~69725~2023-03-12 06:26:25.166197
Puerros~Paquete~900 g aprox.~| 2,59 €/kg~2.33~/ud.~Fruta y verdura >~Verdura~https://tienda.mercadona.es/product/69411/puerros-paquete~69411~2023-03-12 06:26:25.968822
Alcachofa~Pieza~200 g aprox.~| 3,69 €/kg~0.74~/ud.~Fruta y verdura >~Verdura~https://tienda.mercadona.es/product/69623/alcachofa-pieza~69623~2023-03-12 06:26:26.650305
Judía verde redonda~Bandeja~500 g~| 4,40 €/kg~2.2~/ud.~Fruta y verdura >~Verdura~https://tienda.mercadona.es/product/69878/judia-verde-redonda-bandeja~69878~2023-03-12 06:26:27.331736
Calabaza cacahuete cortada a trozos~Bandeja~450 g aprox.~| 3,56 €/kg~1.6~/ud.~Fruta y verdura >~Verdura~https://tienda.mercadona.es/product/3527/calabaza-cacahuete-cortada-trozos-bandeja~3527~2023-03-12 06:26:28.100148
Apio verde~Paquete~660 g aprox.~| 1,91 €/kg~1.26~/ud.~Fruta y verdura >~Verdura~https://tienda.mercadona.es/product/69275/apio-verde-paquete~69275~2023-03-12 06:26:28.779773
Preparado de verdura para cocido~Bandeja~900 g aprox.~| 1,75 €/kg~1.58~/ud.~Fruta y verdura >~Verdura~https://tienda.mercadona.es/product/69587/preparado-verdura-cocido-bandeja~69587~2023-03-12 06:26:29.495154
Preparado de verdura para escudella~Bandeja~1,1 kg aprox.~| 1,99 €/kg~2.19~/ud.~Fruta y verdura >~Verdura~https://tienda.mercadona.es/product/5903/preparado-verdura-escudella-bandeja~5903~2023-03-12 06:26:30.240749
Espárrago verde fino~Paquete~250 g~| 8,28 €/kg~2.07~/ud.~Fruta y verdura >~Verdura~https://tienda.mercadona.es/product/69656/esparrago-verde-fino-paquete~69656~2023-03-12 06:26:30.940505
Rabanitos~Paquete~250 g~| 4,20 €/kg~1.05~/ud.~Fruta y verdura >~Verdura~https://tienda.mercadona.es/product/69117/rabanitos-paquete~69117~2023-03-12 06:26:31.667045
Remolacha cocida y pelada~Paquete~450 g~| 1,889 €/kg~0.85~/ud.~Fruta y verdura >~Verdura~https://tienda.mercadona.es/product/69523/remolacha-cocida-pelada-paquete~69523~2023-03-12 06:26:32.381644
Acelgas~Paquete~800 g~| 2,825 €/kg~2.26~/ud.~Fruta y verdura >~Verdura~https://tienda.mercadona.es/product/69698/acelgas-paquete~69698~2023-03-12 06:26:33.113318
Maíz dulce en mazorca cocido~Paquete~2 ud. (450 g)~| 3,445 €/kg~1.55~/ud.~Fruta y verdura >~Verdura~https://tienda.mercadona.es/product/69469/maiz-dulce-mazorca-cocido-paquete~69469~2023-03-12 06:26:33.861235
Calabaza cacahuete~Pieza~1,08 kg aprox.~| 1,54 €/kg~1.66~/ud.~Fruta y verdura >~Verdura~https://tienda.mercadona.es/product/3388/calabaza-cacahuete-pieza~3388~2023-03-12 06:26:34.569068
Media calabaza cacahuete~1/2 Pieza~600 g aprox.~| 1,78 €/kg~1.07~/ud.~Fruta y verdura >~Verdura~https://tienda.mercadona.es/product/3387/media-calabaza-cacahuete-12-pieza~3387~2023-03-12 06:26:35.330647
Kale cortado~Paquete~200 g~| 7,70 €/kg~1.54~/ud.~Fruta y verdura >~Verdura~https://tienda.mercadona.es/product/68865/kale-cortado-paquete~68865~2023-03-12 06:26:36.117368
Bimi~Bandeja~200 g~| 12,75 €/kg~2.55~/ud.~Fruta y verdura >~Verdura~https://tienda.mercadona.es/product/69993/bimi-bandeja~69993~2023-03-12 06:26:36.869483
Espárrago verde grueso~Paquete~300 g~| 10,867 €/kg~3.26~/ud.~Fruta y verdura >~Verdura~https://tienda.mercadona.es/product/69643/esparrago-verde-grueso-paquete~69643~2023-03-12 06:26:37.597206
3 Vegetales para micro compuesta por brócoli, coliflor y zanahoria~Paquete~300 g~| 5,134 €/kg~1.54~/ud.~Fruta y verdura >~Verdura~https://tienda.mercadona.es/product/69737/3-vegetales-micro-compuesta-brocoli-coliflor-zanahoria-paquete~69737~2023-03-12 06:26:38.315373
Floretas de brócoli para micro~Paquete~230 g~| 6,174 €/kg~1.42~/ud.~Fruta y verdura >~Verdura~https://tienda.mercadona.es/product/69622/floretas-brocoli-micro-paquete~69622~2023-03-12 06:26:39.073583
Mix de verduras paisana para micro compuesta por calabacín, zanahoria, cebolla morada y puerro~Paquete~300 g~| 6,00 €/kg~1.8~/ud.~Fruta y verdura >~Verdura~https://tienda.mercadona.es/product/69789/mix-verduras-paisana-micro-compuesta-calabacin-zanahoria-cebolla-morada-puerro-paquete~69789~2023-03-12 06:26:39.860779
Sopa juliana para micro compuesta por zanahoria, col blanca, acelga, nabo, apio, puerro y cebolla~Paquete~400 g~| 3,375 €/kg~1.35~/ud.~Fruta y verdura >~Verdura~https://tienda.mercadona.es/product/69735/sopa-juliana-micro-compuesta-zanahoria-col-blanca-acelga-nabo-apio-puerro-cebolla-paquete~69735~2023-03-12 06:26:40.620639
Patata para micro~Paquete~400 g~| 3,25 €/kg~1.3~/ud.~Fruta y verdura >~Verdura~https://tienda.mercadona.es/product/69484/patata-micro-paquete~69484~2023-03-12 06:26:41.358639
Batata para micro~Paquete~400 g~| 6,00 €/kg~2.4~/ud.~Fruta y verdura >~Verdura~https://tienda.mercadona.es/product/69465/batata-micro-paquete~69465~2023-03-12 06:26:42.124790
Mix de verduras jardinera para micro compuesto por calabacín, pimiento rojo, pimiento verde, cebolla y puerro~Paquete~400 g~| 4,75 €/kg~1.9~/ud.~Fruta y verdura >~Verdura~https://tienda.mercadona.es/product/69740/mix-verduras-jardinera-micro-compuesto-calabacin-pimiento-rojo-pimiento-verde-cebolla-puerro-paquete~69740~2023-03-12 06:26:42.891287
Huevos super grandes XL~Paquete~12 ud.~| 2,98 €/dc~2.98~/ud.~Huevos, leche y mantequilla >~Huevos~https://tienda.mercadona.es/product/31592/huevos-super-grandes-xl-paquete~31592~2023-03-12 06:27:25.663936
Huevos grandes L~Paquete~24 ud.~| 2,025 €/dc~4.05~/ud.~Huevos, leche y mantequilla >~Huevos~https://tienda.mercadona.es/product/31003/huevos-grandes-l-paquete~31003~2023-03-12 06:27:26.140641
Huevos grandes L~Paquete~12 ud.~| 2,20 €/dc~2.2~/ud.~Huevos, leche y mantequilla >~Huevos~https://tienda.mercadona.es/product/31504/huevos-grandes-l-paquete~31504~2023-03-12 06:27:26.535244
Huevos grandes L~Paquete~6 ud.~| 2,40 €/dc~1.2~/ud.~Huevos, leche y mantequilla >~Huevos~https://tienda.mercadona.es/product/31540/huevos-grandes-l-paquete~31540~2023-03-12 06:27:26.924892
Huevos medianos M~Paquete~12 ud.~| 2,00 €/dc~2.0~/ud.~Huevos, leche y mantequilla >~Huevos~https://tienda.mercadona.es/product/31505/huevos-medianos-m-paquete~31505~2023-03-12 06:27:27.353760
Huevos de gallinas camperas~Paquete~12 ud.~| 2,69 €/dc~2.69~/ud.~Huevos, leche y mantequilla >~Huevos~https://tienda.mercadona.es/product/15768/huevos-gallinas-camperas-paquete~15768~2023-03-12 06:27:27.749277
Huevos de gallinas camperas~Paquete~6 ud.~| 3,18 €/dc~1.59~/ud.~Huevos, leche y mantequilla >~Huevos~https://tienda.mercadona.es/product/31310/huevos-gallinas-camperas-paquete~31310~2023-03-12 06:27:28.140234
Huevos cocidos~Paquete~6 ud.~| 3,20 €/dc~1.6~/ud.~Huevos, leche y mantequilla >~Huevos~https://tienda.mercadona.es/product/31010/huevos-cocidos-paquete~31010~2023-03-12 06:27:28.532218
Huevos de gallinas criadas en el suelo~Paquete~12 ud.~| 2,40 €/dc~2.4~/ud.~Huevos, leche y mantequilla >~Huevos~https://tienda.mercadona.es/product/60708/huevos-gallinas-criadas-suelo-paquete~60708~2023-03-12 06:27:28.980190
Huevos de codorniz~Paquete~18 ud.~| 1,027 €/dc~1.54~/ud.~Huevos, leche y mantequilla >~Huevos~https://tienda.mercadona.es/product/31011/huevos-codorniz-paquete~31011~2023-03-12 06:27:29.449835
Claras de huevo líquidas pasteurizadas~Botella~1 L~| 2,95 €/L~2.95~/ud.~Huevos, leche y mantequilla >~Huevos~https://tienda.mercadona.es/product/31312/claras-huevo-liquidas-pasteurizadas-botella~31312~2023-03-12 06:27:29.865211
Claras de huevo líquidas pasteurizadas~Botella~300 ml~| 5,167 €/L~1.55~/ud.~Huevos, leche y mantequilla >~Huevos~https://tienda.mercadona.es/product/31309/claras-huevo-liquidas-pasteurizadas-botella~31309~2023-03-12 06:27:30.288332
Leche semidesnatada Hacendado~6 bricks x 1 L~| 0,90 €/L~Not available~5.4~/pack~Huevos, leche y mantequilla >~Leche y bebidas vegetales~https://tienda.mercadona.es/product/10381/leche-semidesnatada-hacendado-pack-6~10381~2023-03-12 06:46:43.804101
Leche semidesnatada Hacendado~Brick~1 L~| 0,90 €/L~0.9~/ud.~Huevos, leche y mantequilla >~Leche y bebidas vegetales~https://tienda.mercadona.es/product/10382/leche-semidesnatada-hacendado-brick~10382~2023-03-12 06:46:44.518793
Leche semidesnatada Hacendado~6 mini bricks x 200 ml~| 1,275 €/L~Not available~1.53~/pack~Huevos, leche y mantequilla >~Leche y bebidas vegetales~https://tienda.mercadona.es/product/10794/leche-semidesnatada-hacendado-pack-6~10794~2023-03-12 06:46:45.193686
Leche semidesnatada Hacendado~6 botellas x 1,5 L~| 0,92 €/L~Not available~8.28~/pack~Huevos, leche y mantequilla >~Leche y bebidas vegetales~https://tienda.mercadona.es/product/10541/leche-semidesnatada-hacendado-pack-6~10541~2023-03-12 06:46:45.843050
Leche semidesnatada Hacendado~Botella~1,5 L~| 0,92 €/L~1.38~/ud.~Huevos, leche y mantequilla >~Leche y bebidas vegetales~https://tienda.mercadona.es/product/10542/leche-semidesnatada-hacendado-botella~10542~2023-03-12 06:46:46.600310
Leche semidesnatada sin lactosa Hacendado~6 bricks x 1 L~| 0,98 €/L~Not available~5.88~/pack~Huevos, leche y mantequilla >~Leche y bebidas vegetales~https://tienda.mercadona.es/product/10721/leche-semidesnatada-sin-lactosa-hacendado-pack-6~10721~2023-03-12 06:46:47.326430
Leche semidesnatada sin lactosa Hacendado~Brick~1 L~| 0,98 €/L~0.98~/ud.~Huevos, leche y mantequilla >~Leche y bebidas vegetales~https://tienda.mercadona.es/product/10722/leche-semidesnatada-sin-lactosa-hacendado-brick~10722~2023-03-12 06:46:48.050698
Leche semidesnatada sin lactosa Hacendado~6 mini bricks x 200 ml~| 1,409 €/L~Not available~1.69~/pack~Huevos, leche y mantequilla >~Leche y bebidas vegetales~https://tienda.mercadona.es/product/10732/leche-semidesnatada-sin-lactosa-hacendado-pack-6~10732~2023-03-12 06:46:48.796711
Leche semidesnatada calcio Hacendado~6 bricks x 1 L~| 0,95 €/L~Not available~5.7~/pack~Huevos, leche y mantequilla >~Leche y bebidas vegetales~https://tienda.mercadona.es/product/10683/leche-semidesnatada-calcio-hacendado-pack-6~10683~2023-03-12 06:46:49.532015
Leche semidesnatada calcio Hacendado~Brick~1 L~| 0,95 €/L~0.95~/ud.~Huevos, leche y mantequilla >~Leche y bebidas vegetales~https://tienda.mercadona.es/product/10685/leche-semidesnatada-calcio-hacendado-brick~10685~2023-03-12 06:46:50.351014
Leche semidesnatada Llet Nostra~6 bricks x 1 L~| 1,24 €/L~Not available~7.44~/pack~Huevos, leche y mantequilla >~Leche y bebidas vegetales~https://tienda.mercadona.es/product/10154/leche-semidesnatada-llet-nostra-pack-6~10154~2023-03-12 06:46:51.142948
Leche semidesnatada Llet Nostra~Brick~1 L~| 1,24 €/L~1.24~/ud.~Huevos, leche y mantequilla >~Leche y bebidas vegetales~https://tienda.mercadona.es/product/10719/leche-semidesnatada-llet-nostra-brick~10719~2023-03-12 06:46:51.906170
Leche semidesnatada Asturiana~6 botellas x 1,5 L~| 1,187 €/L~Not available~10.68~/pack~Huevos, leche y mantequilla >~Leche y bebidas vegetales~https://tienda.mercadona.es/product/10505/leche-semidesnatada-asturiana-pack-6~10505~2023-03-12 06:46:52.641686
Leche semidesnatada Asturiana~Botella~1,5 L~| 1,187 €/L~1.78~/ud.~Huevos, leche y mantequilla >~Leche y bebidas vegetales~https://tienda.mercadona.es/product/10502/leche-semidesnatada-asturiana-botella~10502~2023-03-12 06:46:53.407233
Leche semidesnatada calcio Puleva~6 bricks x 1 L~| 1,59 €/L~Not available~9.54~/pack~Huevos, leche y mantequilla >~Leche y bebidas vegetales~https://tienda.mercadona.es/product/10144/leche-semidesnatada-calcio-puleva-pack-6~10144~2023-03-12 06:46:54.141140
Leche semidesnatada calcio Puleva~Brick~1 L~| 1,59 €/L~1.59~/ud.~Huevos, leche y mantequilla >~Leche y bebidas vegetales~https://tienda.mercadona.es/product/10713/leche-semidesnatada-calcio-puleva-brick~10713~2023-03-12 06:46:54.984738
Bebida láctea semidesnatada con fibra Hacendado~6 bricks x 1 L~| 1,06 €/L~Not available~6.36~/pack~Huevos, leche y mantequilla >~Leche y bebidas vegetales~https://tienda.mercadona.es/product/10814/bebida-lactea-semidesnatada-con-fibra-hacendado-pack-6~10814~2023-03-12 06:46:55.735258
Bebida láctea semidesnatada con fibra Hacendado~Brick~1 L~| 1,06 €/L~1.06~/ud.~Huevos, leche y mantequilla >~Leche y bebidas vegetales~https://tienda.mercadona.es/product/10826/bebida-lactea-semidesnatada-con-fibra-hacendado-brick~10826~2023-03-12 06:46:56.497328
Leche semidesnatada de cabra Hacendado~6 bricks x 1 L~| 1,68 €/L~Not available~10.08~/pack~Huevos, leche y mantequilla >~Leche y bebidas vegetales~https://tienda.mercadona.es/product/10806/leche-semidesnatada-cabra-hacendado-pack-6~10806~2023-03-12 06:46:57.255278
Leche semidesnatada de cabra Hacendado~Brick~1 L~| 1,68 €/L~1.68~/ud.~Huevos, leche y mantequilla >~Leche y bebidas vegetales~https://tienda.mercadona.es/product/10812/leche-semidesnatada-cabra-hacendado-brick~10812~2023-03-12 06:46:58.069534
Leche semidesnatada fresca Hacendado~Botella~1 L~| 1,04 €/L~1.04~/ud.~Huevos, leche y mantequilla >~Leche y bebidas vegetales~https://tienda.mercadona.es/product/10922/leche-semidesnatada-fresca-hacendado-botella~10922~2023-03-12 06:46:58.848567
Leche semidesnatada sin lactosa Hacendado~6 botellas x 1,5 L~| 0,98 €/L~Not available~8.82~/pack~Huevos, leche y mantequilla >~Leche y bebidas vegetales~https://tienda.mercadona.es/product/10545/leche-semidesnatada-sin-lactosa-hacendado-pack-6~10545~2023-03-12 06:46:59.629625
Leche semidesnatada sin lactosa Hacendado~Botella~1,5 L~| 0,98 €/L~1.47~/ud.~Huevos, leche y mantequilla >~Leche y bebidas vegetales~https://tienda.mercadona.es/product/10546/leche-semidesnatada-sin-lactosa-hacendado-botella~10546~2023-03-12 06:47:00.410035
Leche semidesnatada Asturiana~6 bricks x 1 L~| 1,14 €/L~Not available~6.84~/pack~Huevos, leche y mantequilla >~Leche y bebidas vegetales~https://tienda.mercadona.es/product/10531/leche-semidesnatada-asturiana-pack-6~10531~2023-03-12 06:47:01.188080
Leche semidesnatada Asturiana~Brick~1 L~| 1,14 €/L~1.14~/ud.~Huevos, leche y mantequilla >~Leche y bebidas vegetales~https://tienda.mercadona.es/product/10712/leche-semidesnatada-asturiana-brick~10712~2023-03-12 06:47:01.982831
Leche desnatada Hacendado~6 bricks x 1 L~| 0,89 €/L~Not available~5.34~/pack~Huevos, leche y mantequilla >~Leche y bebidas vegetales~https://tienda.mercadona.es/product/10383/leche-desnatada-hacendado-pack-6~10383~2023-03-12 06:47:02.806595
Leche desnatada Hacendado~Brick~1 L~| 0,89 €/L~0.89~/ud.~Huevos, leche y mantequilla >~Leche y bebidas vegetales~https://tienda.mercadona.es/product/10384/leche-desnatada-hacendado-brick~10384~2023-03-12 06:47:03.589388
Leche desnatada sin lactosa Hacendado~6 bricks x 1 L~| 0,97 €/L~Not available~5.82~/pack~Huevos, leche y mantequilla >~Leche y bebidas vegetales~https://tienda.mercadona.es/product/10730/leche-desnatada-sin-lactosa-hacendado-pack-6~10730~2023-03-12 06:47:04.300283
Leche desnatada sin lactosa Hacendado~Brick~1 L~| 0,97 €/L~0.97~/ud.~Huevos, leche y mantequilla >~Leche y bebidas vegetales~https://tienda.mercadona.es/product/10731/leche-desnatada-sin-lactosa-hacendado-brick~10731~2023-03-12 06:47:05.066837
Leche desnatada calcio Hacendado~6 bricks x 1 L~| 0,94 €/L~Not available~5.64~/pack~Huevos, leche y mantequilla >~Leche y bebidas vegetales~https://tienda.mercadona.es/product/10686/leche-desnatada-calcio-hacendado-pack-6~10686~2023-03-12 06:47:05.822641
Leche desnatada calcio Hacendado~Brick~1 L~| 0,94 €/L~0.94~/ud.~Huevos, leche y mantequilla >~Leche y bebidas vegetales~https://tienda.mercadona.es/product/10687/leche-desnatada-calcio-hacendado-brick~10687~2023-03-12 06:47:06.613454
Leche desnatada Hacendado~6 botellas x 1,5 L~| 0,914 €/L~Not available~8.22~/pack~Huevos, leche y mantequilla >~Leche y bebidas vegetales~https://tienda.mercadona.es/product/10543/leche-desnatada-hacendado-pack-6~10543~2023-03-12 06:47:07.395338
Leche desnatada Hacendado~Botella~1,5 L~| 0,914 €/L~1.37~/ud.~Huevos, leche y mantequilla >~Leche y bebidas vegetales~https://tienda.mercadona.es/product/10544/leche-desnatada-hacendado-botella~10544~2023-03-12 06:47:08.186352
Bebida láctea Omega 3 Puleva con leche desnatada~6 bricks x 1 L~| 1,89 €/L~Not available~11.34~/pack~Huevos, leche y mantequilla >~Leche y bebidas vegetales~https://tienda.mercadona.es/product/10146/bebida-lactea-omega-3-puleva-con-leche-desnatada-pack-6~10146~2023-03-12 06:47:09.059171
Bebida láctea Omega 3 Puleva con leche desnatada~Brick~1 L~| 1,89 €/L~1.89~/ud.~Huevos, leche y mantequilla >~Leche y bebidas vegetales~https://tienda.mercadona.es/product/10884/bebida-lactea-omega-3-puleva-con-leche-desnatada-brick~10884~2023-03-12 06:47:09.855922
Leche desnatada Llet Nostra~6 bricks x 1 L~| 1,24 €/L~Not available~7.44~/pack~Huevos, leche y mantequilla >~Leche y bebidas vegetales~https://tienda.mercadona.es/product/10155/leche-desnatada-llet-nostra-pack-6~10155~2023-03-12 06:47:10.643608
Leche desnatada Llet Nostra~Brick~1 L~| 1,24 €/L~1.24~/ud.~Huevos, leche y mantequilla >~Leche y bebidas vegetales~https://tienda.mercadona.es/product/10819/leche-desnatada-llet-nostra-brick~10819~2023-03-12 06:47:11.434925
Leche desnatada calcio Puleva~6 bricks x 1 L~| 1,59 €/L~Not available~9.54~/pack~Huevos, leche y mantequilla >~Leche y bebidas vegetales~https://tienda.mercadona.es/product/10145/leche-desnatada-calcio-puleva-pack-6~10145~2023-03-12 06:47:12.250557
Leche desnatada calcio Puleva~Brick~1 L~| 1,59 €/L~1.59~/ud.~Huevos, leche y mantequilla >~Leche y bebidas vegetales~https://tienda.mercadona.es/product/10813/leche-desnatada-calcio-puleva-brick~10813~2023-03-12 06:47:13.072651
Bebida láctea desnatada omega 3 Hacendado~6 bricks x 1 L~| 1,10 €/L~Not available~6.6~/pack~Huevos, leche y mantequilla >~Leche y bebidas vegetales~https://tienda.mercadona.es/product/10845/bebida-lactea-desnatada-omega-3-hacendado-pack-6~10845~2023-03-12 06:47:13.870517
Bebida láctea desnatada omega 3 Hacendado~Brick~1 L~| 1,10 €/L~1.1~/ud.~Huevos, leche y mantequilla >~Leche y bebidas vegetales~https://tienda.mercadona.es/product/10846/bebida-lactea-desnatada-omega-3-hacendado-brick~10846~2023-03-12 06:47:14.682473
Bebida láctea Omega 3 Puleva con nueces y leche desnatada~6 bricks x 1 L~| 1,95 €/L~Not available~11.7~/pack~Huevos, leche y mantequilla >~Leche y bebidas vegetales~https://tienda.mercadona.es/product/10281/bebida-lactea-omega-3-puleva-con-nueces-leche-desnatada-pack-6~10281~2023-03-12 06:47:15.492992
Bebida láctea Omega 3 Puleva con nueces y leche desnatada~Brick~1 L~| 1,95 €/L~1.95~/ud.~Huevos, leche y mantequilla >~Leche y bebidas vegetales~https://tienda.mercadona.es/product/10282/bebida-lactea-omega-3-puleva-con-nueces-leche-desnatada-brick~10282~2023-03-12 06:47:16.303481
Leche en polvo desnatada~Paquete~700 g~| 7,515 €/kg~5.26~/ud.~Huevos, leche y mantequilla >~Leche y bebidas vegetales~https://tienda.mercadona.es/product/10414/leche-polvo-desnatada-paquete~10414~2023-03-12 06:47:17.124649
Leche +Proteínas desnatada Hacendado~6 bricks x 1 L~| 1,25 €/L~Not available~7.5~/pack~Huevos, leche y mantequilla >~Leche y bebidas vegetales~https://tienda.mercadona.es/product/10676/leche-proteinas-desnatada-hacendado-pack-6~10676~2023-03-12 06:47:17.925365
Leche +Proteínas desnatada Hacendado~Brick~1 L~| 1,25 €/L~1.25~/ud.~Huevos, leche y mantequilla >~Leche y bebidas vegetales~https://tienda.mercadona.es/product/10678/leche-proteinas-desnatada-hacendado-brick~10678~2023-03-12 06:47:18.759822
Leche desnatada Asturiana~6 bricks x 1 L~| 1,14 €/L~Not available~6.84~/pack~Huevos, leche y mantequilla >~Leche y bebidas vegetales~https://tienda.mercadona.es/product/10532/leche-desnatada-asturiana-pack-6~10532~2023-03-12 06:47:19.606475
Leche desnatada Asturiana~Brick~1 L~| 1,14 €/L~1.14~/ud.~Huevos, leche y mantequilla >~Leche y bebidas vegetales~https://tienda.mercadona.es/product/10801/leche-desnatada-asturiana-brick~10801~2023-03-12 06:47:20.391256
Leche entera Hacendado~6 bricks x 1 L~| 0,91 €/L~Not available~5.46~/pack~Huevos, leche y mantequilla >~Leche y bebidas vegetales~https://tienda.mercadona.es/product/10379/leche-entera-hacendado-pack-6~10379~2023-03-12 06:47:21.146603
Leche entera Hacendado~Brick~1 L~| 0,91 €/L~0.91~/ud.~Huevos, leche y mantequilla >~Leche y bebidas vegetales~https://tienda.mercadona.es/product/10380/leche-entera-hacendado-brick~10380~2023-03-12 06:47:21.909238
Leche entera Hacendado~6 mini bricks x 200 ml~| 1,275 €/L~Not available~1.53~/pack~Huevos, leche y mantequilla >~Leche y bebidas vegetales~https://tienda.mercadona.es/product/10783/leche-entera-hacendado-pack-6~10783~2023-03-12 06:47:22.639959
Leche entera Asturiana~6 botellas x 1,5 L~| 1,187 €/L~Not available~10.68~/pack~Huevos, leche y mantequilla >~Leche y bebidas vegetales~https://tienda.mercadona.es/product/10504/leche-entera-asturiana-pack-6~10504~2023-03-12 06:47:23.556012
Leche entera Asturiana~Botella~1,5 L~| 1,187 €/L~1.78~/ud.~Huevos, leche y mantequilla >~Leche y bebidas vegetales~https://tienda.mercadona.es/product/10506/leche-entera-asturiana-botella~10506~2023-03-12 06:47:24.484696
Leche entera sin lactosa Hacendado~6 bricks x 1 L~| 0,99 €/L~Not available~5.94~/pack~Huevos, leche y mantequilla >~Leche y bebidas vegetales~https://tienda.mercadona.es/product/10698/leche-entera-sin-lactosa-hacendado-pack-6~10698~2023-03-12 06:47:25.298542
Leche entera sin lactosa Hacendado~Brick~1 L~| 0,99 €/L~0.99~/ud.~Huevos, leche y mantequilla >~Leche y bebidas vegetales~https://tienda.mercadona.es/product/10699/leche-entera-sin-lactosa-hacendado-brick~10699~2023-03-12 06:47:26.112200
Leche entera Llet Nostra~6 bricks x 1 L~| 1,24 €/L~Not available~7.44~/pack~Huevos, leche y mantequilla >~Leche y bebidas vegetales~https://tienda.mercadona.es/product/10150/leche-entera-llet-nostra-pack-6~10150~2023-03-12 06:47:26.945636
Leche entera Llet Nostra~Brick~1 L~| 1,24 €/L~1.24~/ud.~Huevos, leche y mantequilla >~Leche y bebidas vegetales~https://tienda.mercadona.es/product/10619/leche-entera-llet-nostra-brick~10619~2023-03-12 06:47:27.774835
Leche entera Hacendado~6 botellas x 1,5 L~| 0,927 €/L~Not available~8.34~/pack~Huevos, leche y mantequilla >~Leche y bebidas vegetales~https://tienda.mercadona.es/product/10533/leche-entera-hacendado-pack-6~10533~2023-03-12 06:47:28.579688
Leche entera Hacendado~Botella~1,5 L~| 0,927 €/L~1.39~/ud.~Huevos, leche y mantequilla >~Leche y bebidas vegetales~https://tienda.mercadona.es/product/10540/leche-entera-hacendado-botella~10540~2023-03-12 06:47:29.410214
Leche entera calcio Hacendado~6 bricks x 1 L~| 0,96 €/L~Not available~5.76~/pack~Huevos, leche y mantequilla >~Leche y bebidas vegetales~https://tienda.mercadona.es/product/10681/leche-entera-calcio-hacendado-pack-6~10681~2023-03-12 06:47:30.217243
Leche entera calcio Hacendado~Brick~1 L~| 0,96 €/L~0.96~/ud.~Huevos, leche y mantequilla >~Leche y bebidas vegetales~https://tienda.mercadona.es/product/10682/leche-entera-calcio-hacendado-brick~10682~2023-03-12 06:47:31.048888
Leche entera fresca Hacendado~Botella~1 L~| 1,05 €/L~1.05~/ud.~Huevos, leche y mantequilla >~Leche y bebidas vegetales~https://tienda.mercadona.es/product/10933/leche-entera-fresca-hacendado-botella~10933~2023-03-12 06:47:31.833509
Leche entera Asturiana~6 bricks x 1 L~| 1,14 €/L~Not available~6.84~/pack~Huevos, leche y mantequilla >~Leche y bebidas vegetales~https://tienda.mercadona.es/product/10530/leche-entera-asturiana-pack-6~10530~2023-03-12 06:47:32.628819
Leche entera Asturiana~Brick~1 L~| 1,14 €/L~1.14~/ud.~Huevos, leche y mantequilla >~Leche y bebidas vegetales~https://tienda.mercadona.es/product/10617/leche-entera-asturiana-brick~10617~2023-03-12 06:47:33.441821
Bebida de avena Alitey~3 mini bricks x 250 ml~| 2,00 €/L~Not available~1.5~/pack~Huevos, leche y mantequilla >~Leche y bebidas vegetales~https://tienda.mercadona.es/product/23046/bebida-avena-alitey-pack-3~23046~2023-03-12 06:47:34.282797
Bebida de avena Alitey~6 bricks x 1 L~| 0,95 €/L~Not available~5.7~/pack~Huevos, leche y mantequilla >~Leche y bebidas vegetales~https://tienda.mercadona.es/product/23908/bebida-avena-alitey-pack-6~23908~2023-03-12 06:47:35.033889
Bebida de avena Alitey~Brick~1 L~| 0,95 €/L~0.95~/ud.~Huevos, leche y mantequilla >~Leche y bebidas vegetales~https://tienda.mercadona.es/product/23912/bebida-avena-alitey-brick~23912~2023-03-12 06:47:35.797982
Bebida de avena sin azúcares añadidos Hacendado~6 bricks x 1 L~| 1,20 €/L~Not available~7.2~/pack~Huevos, leche y mantequilla >~Leche y bebidas vegetales~https://tienda.mercadona.es/product/86168/bebida-avena-sin-azucares-anadidos-hacendado-pack-6~86168~2023-03-12 06:47:36.609563
Bebida de avena sin azúcares añadidos Hacendado~Brick~1 L~| 1,20 €/L~1.2~/ud.~Huevos, leche y mantequilla >~Leche y bebidas vegetales~https://tienda.mercadona.es/product/86167/bebida-avena-sin-azucares-anadidos-hacendado-brick~86167~2023-03-12 06:47:37.444986
Bebida de soja con calcio y vitaminas Hacendado~6 bricks x 1 L~| 0,75 €/L~Not available~4.5~/pack~Huevos, leche y mantequilla >~Leche y bebidas vegetales~https://tienda.mercadona.es/product/13681/bebida-soja-con-calcio-vitaminas-hacendado-pack-6~13681~2023-03-12 06:47:38.265504
Bebida de soja con calcio y vitaminas Hacendado~Brick~1 L~| 0,75 €/L~0.75~/ud.~Huevos, leche y mantequilla >~Leche y bebidas vegetales~https://tienda.mercadona.es/product/13682/bebida-soja-con-calcio-vitaminas-hacendado-brick~13682~2023-03-12 06:47:39.110067
Bebida de soja 0% azúcares Hacendado~6 bricks x 1 L~| 0,85 €/L~Not available~5.1~/pack~Huevos, leche y mantequilla >~Leche y bebidas vegetales~https://tienda.mercadona.es/product/29322/bebida-soja-0-azucares-hacendado-pack-6~29322~2023-03-12 06:47:39.937356
Bebida de soja 0% azúcares Hacendado~Brick~1 L~| 0,85 €/L~0.85~/ud.~Huevos, leche y mantequilla >~Leche y bebidas vegetales~https://tienda.mercadona.es/product/29314/bebida-soja-0-azucares-hacendado-brick~29314~2023-03-12 06:47:40.906227
Bebida de almendras zero Hacendado sin azúcares y sin edulcorantes añadidos~6 bricks x 1 L~| 1,45 €/L~Not available~8.7~/pack~Huevos, leche y mantequilla >~Leche y bebidas vegetales~https://tienda.mercadona.es/product/23925/bebida-almendras-zero-hacendado-sin-azucares-sin-edulcorantes-anadidos-pack-6~23925~2023-03-12 06:47:41.864778
Bebida de almendras zero Hacendado sin azúcares y sin edulcorantes añadidos~Brick~1 L~| 1,45 €/L~1.45~/ud.~Huevos, leche y mantequilla >~Leche y bebidas vegetales~https://tienda.mercadona.es/product/23926/bebida-almendras-zero-hacendado-sin-azucares-sin-edulcorantes-anadidos-brick~23926~2023-03-12 06:47:42.686927
Bebida de arroz sin azúcares añadidos Hacendado~6 bricks x 1 L~| 1,10 €/L~Not available~6.6~/pack~Huevos, leche y mantequilla >~Leche y bebidas vegetales~https://tienda.mercadona.es/product/23048/bebida-arroz-sin-azucares-anadidos-hacendado-pack-6~23048~2023-03-12 06:47:43.529629
Bebida de arroz sin azúcares añadidos Hacendado~Brick~1 L~| 1,10 €/L~1.1~/ud.~Huevos, leche y mantequilla >~Leche y bebidas vegetales~https://tienda.mercadona.es/product/23047/bebida-arroz-sin-azucares-anadidos-hacendado-brick~23047~2023-03-12 06:47:44.409396
Bebida de soja con chocolate sin azúcares añadidos Hacendado~6 bricks x 1 L~| 1,10 €/L~Not available~6.6~/pack~Huevos, leche y mantequilla >~Leche y bebidas vegetales~https://tienda.mercadona.es/product/86015/bebida-soja-con-chocolate-sin-azucares-anadidos-hacendado-pack-6~86015~2023-03-12 06:47:45.264886
Bebida de soja con chocolate sin azúcares añadidos Hacendado~Brick~1 L~| 1,10 €/L~1.1~/ud.~Huevos, leche y mantequilla >~Leche y bebidas vegetales~https://tienda.mercadona.es/product/86012/bebida-soja-con-chocolate-sin-azucares-anadidos-hacendado-brick~86012~2023-03-12 06:47:46.135539
Bebida de soja sabor café Hacendado~6 bricks x 1 L~| 1,25 €/L~Not available~7.5~/pack~Huevos, leche y mantequilla >~Leche y bebidas vegetales~https://tienda.mercadona.es/product/29301/bebida-soja-sabor-cafe-hacendado-pack-6~29301~2023-03-12 06:47:46.915427
Bebida de soja sabor café Hacendado~Brick~1 L~| 1,25 €/L~1.25~/ud.~Huevos, leche y mantequilla >~Leche y bebidas vegetales~https://tienda.mercadona.es/product/29303/bebida-soja-sabor-cafe-hacendado-brick~29303~2023-03-12 06:47:47.780898
Bebida de almendras Hacendado~6 bricks x 1 L~| 1,35 €/L~Not available~8.1~/pack~Huevos, leche y mantequilla >~Leche y bebidas vegetales~https://tienda.mercadona.es/product/15647/bebida-almendras-hacendado-pack-6~15647~2023-03-12 06:47:48.540931
Bebida de almendras Hacendado~Brick~1 L~| 1,35 €/L~1.35~/ud.~Huevos, leche y mantequilla >~Leche y bebidas vegetales~https://tienda.mercadona.es/product/15648/bebida-almendras-hacendado-brick~15648~2023-03-12 06:47:49.439015
Leche de coco Dee Thai~Bote~400 ml~| 3,625 €/L~1.45~/ud.~Huevos, leche y mantequilla >~Leche y bebidas vegetales~https://tienda.mercadona.es/product/17174/leche-coco-dee-thai-bote~17174~2023-03-12 06:47:50.250316
Bebida de soja ligera Hacendado~6 bricks x 1 L~| 0,90 €/L~Not available~5.4~/pack~Huevos, leche y mantequilla >~Leche y bebidas vegetales~https://tienda.mercadona.es/product/29333/bebida-soja-ligera-hacendado-pack-6~29333~2023-03-12 06:47:51.093113
Bebida de soja ligera Hacendado~Brick~1 L~| 0,90 €/L~0.9~/ud.~Huevos, leche y mantequilla >~Leche y bebidas vegetales~https://tienda.mercadona.es/product/29332/bebida-soja-ligera-hacendado-brick~29332~2023-03-12 06:47:52.130140
Bebida de coco y arroz sin azúcares añadidos Hacendado~6 bricks x 1 L~| 1,50 €/L~Not available~9.0~/pack~Huevos, leche y mantequilla >~Leche y bebidas vegetales~https://tienda.mercadona.es/product/13847/bebida-coco-arroz-sin-azucares-anadidos-hacendado-pack-6~13847~2023-03-12 06:47:53.006389
Bebida de coco y arroz sin azúcares añadidos Hacendado~Brick~1 L~| 1,50 €/L~1.5~/ud.~Huevos, leche y mantequilla >~Leche y bebidas vegetales~https://tienda.mercadona.es/product/13846/bebida-coco-arroz-sin-azucares-anadidos-hacendado-brick~13846~2023-03-12 06:47:53.866979
Bebida de chufa Hacendado sin azúcares añadidos~Brick~1 L~| 1,55 €/L~1.55~/ud.~Huevos, leche y mantequilla >~Leche y bebidas vegetales~https://tienda.mercadona.es/product/23754/bebida-chufa-hacendado-sin-azucares-anadidos-brick~23754~2023-03-12 06:47:54.774686
Horchata de chufa Hacendado~Brick~1 L~| 1,35 €/L~1.35~/ud.~Huevos, leche y mantequilla >~Leche y bebidas vegetales~https://tienda.mercadona.es/product/23753/horchata-chufa-hacendado-brick~23753~2023-03-12 06:47:55.664906
Bebida de avena con café Hacendado~Vaso~250 ml~| 3,60 €/L~0.9~/ud.~Huevos, leche y mantequilla >~Leche y bebidas vegetales~https://tienda.mercadona.es/product/10688/bebida-avena-con-cafe-hacendado-vaso~10688~2023-03-12 06:47:56.611275
Bebida de avellana y arroz sin azúcares añadidos Hacendado~6 bricks x 1 L~| 1,35 €/L~Not available~8.1~/pack~Huevos, leche y mantequilla >~Leche y bebidas vegetales~https://tienda.mercadona.es/product/13849/bebida-avellana-arroz-sin-azucares-anadidos-hacendado-pack-6~13849~2023-03-12 06:47:57.669575
Bebida de avellana y arroz sin azúcares añadidos Hacendado~Brick~1 L~| 1,35 €/L~1.35~/ud.~Huevos, leche y mantequilla >~Leche y bebidas vegetales~https://tienda.mercadona.es/product/13848/bebida-avellana-arroz-sin-azucares-anadidos-hacendado-brick~13848~2023-03-12 06:47:58.589874
Bebida de soja sabor vainilla Hacendado 0% azúcar~6 bricks x 1 L~| 1,10 €/L~Not available~6.6~/pack~Huevos, leche y mantequilla >~Leche y bebidas vegetales~https://tienda.mercadona.es/product/67950/bebida-soja-sabor-vainilla-hacendado-0-azucar-pack-6~67950~2023-03-12 06:47:59.471956
Bebida de soja sabor vainilla Hacendado 0% azúcar~Brick~1 L~| 1,10 €/L~1.1~/ud.~Huevos, leche y mantequilla >~Leche y bebidas vegetales~https://tienda.mercadona.es/product/67949/bebida-soja-sabor-vainilla-hacendado-0-azucar-brick~67949~2023-03-12 06:48:00.345857
Batido de chocolate Hacendado~6 mini bricks x 200 ml~| 1,292 €/L~Not available~1.55~/pack~Huevos, leche y mantequilla >~Leche y bebidas vegetales~https://tienda.mercadona.es/product/10050/batido-chocolate-hacendado-pack-6~10050~2023-03-12 06:48:01.151391
Batido de chocolate Hacendado~Botella~1 L~| 1,30 €/L~1.3~/ud.~Huevos, leche y mantequilla >~Leche y bebidas vegetales~https://tienda.mercadona.es/product/23049/batido-chocolate-hacendado-botella~23049~2023-03-12 06:48:02.002727
Batido de cacao Cacaolat~Botella~1 L~| 2,50 €/L~2.5~/ud.~Huevos, leche y mantequilla >~Leche y bebidas vegetales~https://tienda.mercadona.es/product/10004/batido-cacao-cacaolat-botella~10004~2023-03-12 06:48:02.868079
Batido de chocolate 90% leche Hacendado~6 mini bricks x 200 ml~| 1,417 €/L~Not available~1.7~/pack~Huevos, leche y mantequilla >~Leche y bebidas vegetales~https://tienda.mercadona.es/product/10055/batido-chocolate-90-leche-hacendado-pack-6~10055~2023-03-12 06:48:03.630684
Batido de chocolate 90% leche Hacendado~Botella~1 L~| 1,45 €/L~1.45~/ud.~Huevos, leche y mantequilla >~Leche y bebidas vegetales~https://tienda.mercadona.es/product/23050/batido-chocolate-90-leche-hacendado-botella~23050~2023-03-12 06:48:04.406905
Batido de chocolate 90% leche Puleva~6 mini bricks x 200 ml~| 2,25 €/L~Not available~2.7~/pack~Huevos, leche y mantequilla >~Leche y bebidas vegetales~https://tienda.mercadona.es/product/10043/batido-chocolate-90-leche-puleva-pack-6~10043~2023-03-12 06:48:05.273376
Batido de chocolate ColaCao Energy~4 mini botellas x 188 ml~| 3,524 €/L~Not available~2.65~/pack~Huevos, leche y mantequilla >~Leche y bebidas vegetales~https://tienda.mercadona.es/product/10066/batido-chocolate-colacao-energy-pack-4~10066~2023-03-12 06:48:06.122849
Batido de vainilla Hacendado~6 mini bricks x 200 ml~| 1,375 €/L~Not available~1.65~/pack~Huevos, leche y mantequilla >~Leche y bebidas vegetales~https://tienda.mercadona.es/product/10051/batido-vainilla-hacendado-pack-6~10051~2023-03-12 06:48:06.962595
Batido sabor vainilla Hacendado~Botella~1 L~| 1,30 €/L~1.3~/ud.~Huevos, leche y mantequilla >~Leche y bebidas vegetales~https://tienda.mercadona.es/product/23052/batido-sabor-vainilla-hacendado-botella~23052~2023-03-12 06:48:07.832946
Batido sabor fresa Hacendado~6 mini bricks x 200 ml~| 1,375 €/L~Not available~1.65~/pack~Huevos, leche y mantequilla >~Leche y bebidas vegetales~https://tienda.mercadona.es/product/10054/batido-sabor-fresa-hacendado-pack-6~10054~2023-03-12 06:48:08.688806
Batido sabor fresa Hacendado~Botella~1 L~| 1,30 €/L~1.3~/ud.~Huevos, leche y mantequilla >~Leche y bebidas vegetales~https://tienda.mercadona.es/product/23051/batido-sabor-fresa-hacendado-botella~23051~2023-03-12 06:48:09.576002
Batido de chocolate Hacendado 0% sin azúcares añadidos~6 mini bricks x 200 ml~| 1,542 €/L~Not available~1.85~/pack~Huevos, leche y mantequilla >~Leche y bebidas vegetales~https://tienda.mercadona.es/product/22967/batido-chocolate-hacendado-0-sin-azucares-anadidos-pack-6~22967~2023-03-12 06:48:10.433178
Bebida láctea crecimiento y desarrollo Puleva Max + 3 años~6 bricks x 1 L~| 1,89 €/L~Not available~11.34~/pack~Huevos, leche y mantequilla >~Leche y bebidas vegetales~https://tienda.mercadona.es/product/10726/bebida-lactea-crecimiento-desarrollo-puleva-max-3-anos-pack-6~10726~2023-03-12 06:48:11.328184
Bebida láctea crecimiento y desarrollo Puleva Max + 3 años~Brick~1 L~| 1,89 €/L~1.89~/ud.~Huevos, leche y mantequilla >~Leche y bebidas vegetales~https://tienda.mercadona.es/product/10723/bebida-lactea-crecimiento-desarrollo-puleva-max-3-anos-brick~10723~2023-03-12 06:48:12.211209
Bebida láctea con cereales crecimiento y desarrollo Puleva Max +3 años~6 bricks x 1 L~| 1,99 €/L~Not available~11.94~/pack~Huevos, leche y mantequilla >~Leche y bebidas vegetales~https://tienda.mercadona.es/product/10820/bebida-lactea-con-cereales-crecimiento-desarrollo-puleva-max-3-anos-pack-6~10820~2023-03-12 06:48:13.163424
Bebida láctea con cereales crecimiento y desarrollo Puleva Max +3 años~Brick~1 L~| 1,99 €/L~1.99~/ud.~Huevos, leche y mantequilla >~Leche y bebidas vegetales~https://tienda.mercadona.es/product/10781/bebida-lactea-con-cereales-crecimiento-desarrollo-puleva-max-3-anos-brick~10781~2023-03-12 06:48:14.058118
Preparado lácteo crecimiento Peques 3 Puleva de 12 a 36 meses~6 bricks x 1 L~| 1,85 €/L~Not available~11.1~/pack~Bebé >~Alimentación infantil~https://tienda.mercadona.es/product/9049/preparado-lacteo-crecimiento-peques-3-puleva-12-36-meses-pack-6~9049~2023-03-12 06:48:14.924530
Preparado lácteo crecimiento Peques 3 Puleva de 12 a 36 meses~Brick~1 L~| 1,85 €/L~1.85~/ud.~Bebé >~Alimentación infantil~https://tienda.mercadona.es/product/9040/preparado-lacteo-crecimiento-peques-3-puleva-12-36-meses-brick~9040~2023-03-12 06:48:15.810123
Preparado lácteo con cereales crecimiento Peques 3 Puleva de 12 a 36 meses~6 bricks x 1 L~| 1,85 €/L~Not available~11.1~/pack~Bebé >~Alimentación infantil~https://tienda.mercadona.es/product/9057/preparado-lacteo-con-cereales-crecimiento-peques-3-puleva-12-36-meses-pack-6~9057~2023-03-12 06:48:16.668439
Preparado lácteo con cereales crecimiento Peques 3 Puleva de 12 a 36 meses~Brick~1 L~| 1,85 €/L~1.85~/ud.~Bebé >~Alimentación infantil~https://tienda.mercadona.es/product/9034/preparado-lacteo-con-cereales-crecimiento-peques-3-puleva-12-36-meses-brick~9034~2023-03-12 06:48:17.559404
Preparado lácteo cereales al cacao Peques 3 Puleva de 12 a 36 meses~3 mini bricks x 200 ml~| 3,25 €/L~Not available~1.95~/pack~Bebé >~Alimentación infantil~https://tienda.mercadona.es/product/9054/preparado-lacteo-cereales-cacao-peques-3-puleva-12-36-meses-pack-3~9054~2023-03-12 06:48:18.431630
Preparado lácteo crecimiento +1 año Hacendado~6 bricks x 1 L~| 1,20 €/L~Not available~7.2~/pack~Bebé >~Alimentación infantil~https://tienda.mercadona.es/product/9187/preparado-lacteo-crecimiento-1-ano-hacendado-pack-6~9187~2023-03-12 06:48:19.319288
Preparado lácteo crecimiento +1 año Hacendado~Brick~1 L~| 1,20 €/L~1.2~/ud.~Bebé >~Alimentación infantil~https://tienda.mercadona.es/product/9188/preparado-lacteo-crecimiento-1-ano-hacendado-brick~9188~2023-03-12 06:48:20.214689
Preparado lácteo crecimiento +1 año Hacendado~6 mini bricks x 200 ml~| 1,584 €/L~Not available~1.9~/pack~Bebé >~Alimentación infantil~https://tienda.mercadona.es/product/9189/preparado-lacteo-crecimiento-1-ano-hacendado-pack-6~9189~2023-03-12 06:48:21.074734
Preparado lácteo con cereales crecimiento Hacendado +1 año~6 bricks x 1 L~| 1,55 €/L~Not available~9.3~/pack~Bebé >~Alimentación infantil~https://tienda.mercadona.es/product/9398/preparado-lacteo-con-cereales-crecimiento-hacendado-1-ano-pack-6~9398~2023-03-12 06:48:21.949735
Preparado lácteo con cereales crecimiento Hacendado +1 año~Brick~1 L~| 1,55 €/L~1.55~/ud.~Bebé >~Alimentación infantil~https://tienda.mercadona.es/product/9397/preparado-lacteo-con-cereales-crecimiento-hacendado-1-ano-brick~9397~2023-03-12 06:48:22.850922
Preparado lácteo con cacao y cereales crecimiento Hacendado +1 año~6 mini bricks x 200 ml~| 1,875 €/L~Not available~2.25~/pack~Bebé >~Alimentación infantil~https://tienda.mercadona.es/product/9190/preparado-lacteo-con-cacao-cereales-crecimiento-hacendado-1-ano-pack-6~9190~2023-03-12 06:48:23.727598
Leche condensada entera Nutricia~Bote~1 kg~| 4,00 €/kg~4.0~/ud.~Huevos, leche y mantequilla >~Leche y bebidas vegetales~https://tienda.mercadona.es/product/10224/leche-condensada-entera-nutricia-bote~10224~2023-03-12 06:48:24.633339
Leche condensada entera Nutricia~Bote~397 g~| 5,794 €/kg~2.3~/ud.~Huevos, leche y mantequilla >~Leche y bebidas vegetales~https://tienda.mercadona.es/product/10212/leche-condensada-entera-nutricia-bote~10212~2023-03-12 06:48:25.540960
Leche condensada entera Nutricia~Bote~450 g~| 6,112 €/kg~2.75~/ud.~Huevos, leche y mantequilla >~Leche y bebidas vegetales~https://tienda.mercadona.es/product/10216/leche-condensada-entera-nutricia-bote~10216~2023-03-12 06:48:26.451363
Leche condensada desnatada Nutricia~Bote~450 g~| 6,556 €/kg~2.95~/ud.~Huevos, leche y mantequilla >~Leche y bebidas vegetales~https://tienda.mercadona.es/product/10217/leche-condensada-desnatada-nutricia-bote~10217~2023-03-12 06:48:27.355642
Bebida láctea sabor canela y limón Hacendado~Botella~1 L~| 1,65 €/L~1.65~/ud.~Huevos, leche y mantequilla >~Leche y bebidas vegetales~https://tienda.mercadona.es/product/23053/bebida-lactea-sabor-canela-limon-hacendado-botella~23053~2023-03-12 06:48:28.270463
Leche evaporada Hacendado~3 mini bricks x 200 ml~| 2,717 €/kg~Not available~1.63~/pack~Huevos, leche y mantequilla >~Leche y bebidas vegetales~https://tienda.mercadona.es/product/15599/leche-evaporada-hacendado-pack-3~15599~2023-03-12 06:48:29.178776
Crema de leche para café Campina~Paquete~20 ud. (200 ml)~| 5,50 €/L~1.1~/ud.~Cacao, café e infusiones >~Café soluble y otras bebidas~https://tienda.mercadona.es/product/10449/crema-leche-cafe-campina-paquete~10449~2023-03-12 06:48:30.193666
Preparado de leche en cápsula Hacendado compatibles máquinas Dolce gusto~Caja~16 cápsulas (259 g)~| 11,949 €/kg~3.25~/ud.~Cacao, café e infusiones >~Café cápsula y monodosis~https://tienda.mercadona.es/product/11067/preparado-leche-capsula-hacendado-compatibles-maquinas-dolce-gusto-caja~11067~2023-03-12 06:48:31.098149
Mantequilla sin sal añadida Hacendado~Pastilla~250 g~| 8,40 €/kg~2.1~/ud.~Huevos, leche y mantequilla >~Mantequilla y margarina~https://tienda.mercadona.es/product/20716/mantequilla-sin-sal-anadida-hacendado-pastilla~20716~2023-03-12 06:49:26.816609
Mantequilla Tradicional Asturiana~Tarrina~250 g~| 14,20 €/kg~3.55~/ud.~Huevos, leche y mantequilla >~Mantequilla y margarina~https://tienda.mercadona.es/product/22155/mantequilla-tradicional-asturiana-tarrina~22155~2023-03-12 06:49:27.273958
Mantequilla en porciones Hacendado sin sal añadida~12 ud. x 12,5 g~| 12,667 €/kg~Not available~1.9~/pack~Huevos, leche y mantequilla >~Mantequilla y margarina~https://tienda.mercadona.es/product/20852/mantequilla-porciones-hacendado-sin-sal-anadida-pack-12~20852~2023-03-12 06:49:27.701152
Mantequilla con sal Hacendado~Pastilla~250 g~| 8,40 €/kg~2.1~/ud.~Huevos, leche y mantequilla >~Mantequilla y margarina~https://tienda.mercadona.es/product/20722/mantequilla-con-sal-hacendado-pastilla~20722~2023-03-12 06:49:28.109861
Mantequilla con sal Hacendado~Tarrina~250 g~| 10,20 €/kg~2.55~/ud.~Huevos, leche y mantequilla >~Mantequilla y margarina~https://tienda.mercadona.es/product/20727/mantequilla-con-sal-hacendado-tarrina~20727~2023-03-12 06:49:28.572168
Mantequilla ligera President~Tarrina~250 g~| 11,80 €/kg~2.95~/ud.~Huevos, leche y mantequilla >~Mantequilla y margarina~https://tienda.mercadona.es/product/22711/mantequilla-ligera-president-tarrina~22711~2023-03-12 06:49:29.082729
Mantequilla sin lactosa Hacendado~Tarrina~250 g~| 10,40 €/kg~2.6~/ud.~Huevos, leche y mantequilla >~Mantequilla y margarina~https://tienda.mercadona.es/product/20991/mantequilla-sin-lactosa-hacendado-tarrina~20991~2023-03-12 06:49:29.576183
Manteca de cerdo Mont-Palau para cocinar~Tarrina~400 g~| 5,125 €/kg~2.05~/ud.~Carne >~Cerdo~https://tienda.mercadona.es/product/53130/manteca-cerdo-mont-palau-cocinar-tarrina~53130~2023-03-12 06:49:30.068538
Margarina Hacendado~Tarrina~500 g~| 3,00 €/kg~1.5~/ud.~Huevos, leche y mantequilla >~Mantequilla y margarina~https://tienda.mercadona.es/product/20846/margarina-hacendado-tarrina~20846~2023-03-12 06:49:30.547680
Margarina Tulipán Original~Tarrina~400 g~| 7,125 €/kg~2.85~/ud.~Huevos, leche y mantequilla >~Mantequilla y margarina~https://tienda.mercadona.es/product/86505/margarina-tulipan-original-tarrina~86505~2023-03-12 06:49:31.050420
Margarina con sal Hacendado~Tarrina~500 g~| 3,00 €/kg~1.5~/ud.~Huevos, leche y mantequilla >~Mantequilla y margarina~https://tienda.mercadona.es/product/20877/margarina-con-sal-hacendado-tarrina~20877~2023-03-12 06:49:31.496872
Margarina ligera Hacendado~Tarrina~500 g~| 3,00 €/kg~1.5~/ud.~Huevos, leche y mantequilla >~Mantequilla y margarina~https://tienda.mercadona.es/product/20876/margarina-ligera-hacendado-tarrina~20876~2023-03-12 06:49:31.990304
Margarina Flora Proactiv~Tarrina~225 g~| 13,112 €/kg~2.95~/ud.~Huevos, leche y mantequilla >~Mantequilla y margarina~https://tienda.mercadona.es/product/15909/margarina-flora-proactiv-tarrina~15909~2023-03-12 06:49:32.493180
Margarina con sal Tulipán~Tarrina~400 g~| 7,125 €/kg~2.85~/ud.~Huevos, leche y mantequilla >~Mantequilla y margarina~https://tienda.mercadona.es/product/86504/margarina-con-sal-tulipan-tarrina~86504~2023-03-12 06:49:32.991527
Margarina 100% vegetal Hacendado~Tarrina~250 g~| 6,40 €/kg~1.6~/ud.~Huevos, leche y mantequilla >~Mantequilla y margarina~https://tienda.mercadona.es/product/20196/margarina-100-vegetal-hacendado-tarrina~20196~2023-03-12 06:49:33.546376
Margarina Flora Original~Tarrina~400 g~| 8,625 €/kg~3.45~/ud.~Huevos, leche y mantequilla >~Mantequilla y margarina~https://tienda.mercadona.es/product/86503/margarina-flora-original-tarrina~86503~2023-03-12 06:49:34.141359
Nata ligera para cocinar Hacendado~3 mini bricks x 200 ml~| 2,917 €/L~Not available~1.75~/pack~Huevos, leche y mantequilla >~Mantequilla y margarina~https://tienda.mercadona.es/product/10199/nata-ligera-cocinar-hacendado-pack-3~10199~2023-03-12 06:49:34.577841
Nata ligera para cocinar Hacendado~Brick~500 ml~| 2,90 €/L~1.45~/ud.~Huevos, leche y mantequilla >~Mantequilla y margarina~https://tienda.mercadona.es/product/10161/nata-ligera-cocinar-hacendado-brick~10161~2023-03-12 06:49:35.028377
Nata montada azucarada Hacendado~Spray~250 g~| 6,20 €/kg~1.55~/ud.~Huevos, leche y mantequilla >~Mantequilla y margarina~https://tienda.mercadona.es/product/13598/nata-montada-azucarada-hacendado-spray~13598~2023-03-12 06:49:35.526848
Nata para montar Hacendado~Brick~500 ml~| 3,30 €/L~1.65~/ud.~Huevos, leche y mantequilla >~Mantequilla y margarina~https://tienda.mercadona.es/product/10276/nata-montar-hacendado-brick~10276~2023-03-12 06:49:36.032814
Nata para montar Hacendado~3 mini bricks x 200 ml~| 3,25 €/L~Not available~1.95~/pack~Huevos, leche y mantequilla >~Mantequilla y margarina~https://tienda.mercadona.es/product/10275/nata-montar-hacendado-pack-3~10275~2023-03-12 06:49:36.511735
Nata fresca para cocinar Hacendado~Tarrina~200 ml~| 6,00 €/L~1.2~/ud.~Huevos, leche y mantequilla >~Mantequilla y margarina~https://tienda.mercadona.es/product/10117/nata-fresca-cocinar-hacendado-tarrina~10117~2023-03-12 06:49:36.941013
Leche evaporada Hacendado~3 mini bricks x 200 ml~| 2,717 €/kg~Not available~1.63~/pack~Huevos, leche y mantequilla >~Leche y bebidas vegetales~https://tienda.mercadona.es/product/15599/leche-evaporada-hacendado-pack-3~15599~2023-03-12 06:49:37.370654
Crema de soja Hacendado~Brick~200 ml~| 5,50 €/L~1.1~/ud.~Huevos, leche y mantequilla >~Mantequilla y margarina~https://tienda.mercadona.es/product/10376/crema-soja-hacendado-brick~10376~2023-03-12 06:49:37.825408
Leche de coco Dee Thai~Bote~400 ml~| 3,625 €/L~1.45~/ud.~Huevos, leche y mantequilla >~Leche y bebidas vegetales~https://tienda.mercadona.es/product/17174/leche-coco-dee-thai-bote~17174~2023-03-12 06:49:38.240841
Nata ligera para cocinar sin lactosa Hacendado~3 mini bricks x 200 ml~| 4,00 €/L~Not available~2.4~/pack~Huevos, leche y mantequilla >~Mantequilla y margarina~https://tienda.mercadona.es/product/10320/nata-ligera-cocinar-sin-lactosa-hacendado-pack-3~10320~2023-03-12 06:49:38.677056
Salsa bechamel Knorr~Brick~500 ml~| 4,50 €/L~2.25~/ud.~Aceite, especias y salsas >~Otras salsas~https://tienda.mercadona.es/product/86713/salsa-bechamel-knorr-brick~86713~2023-03-12 06:49:39.131557
Nata montada La Panna Ken~Bote~275 g~| 7,091 €/kg~1.95~/ud.~Huevos, leche y mantequilla >~Mantequilla y margarina~https://tienda.mercadona.es/product/80290/nata-montada-panna-ken-bote~80290~2023-03-12 06:49:39.592412
Detergente ropa jabón natural de Marsella Bosque Verde líquido~Botella~46 lavados (3 L)~| 0,082 €/lv~3.75~/ud.~Limpieza y hogar >~Detergente y suavizante ropa~https://tienda.mercadona.es/product/40180/detergente-ropa-jabon-natural-marsella-bosque-verde-liquido-botella~40180~2023-03-12 06:56:16.919594
Detergente ropa Frescura Azul Bosque Verde líquido~Botella~46 lavados (3 L)~| 0,082 €/lv~3.75~/ud.~Limpieza y hogar >~Detergente y suavizante ropa~https://tienda.mercadona.es/product/40179/detergente-ropa-frescura-azul-bosque-verde-liquido-botella~40179~2023-03-12 06:56:17.526888
Detergente ropa Blanca y de Color Bosque Verde en gel concentrado~Botella~27 lavados (810 ml)~| 0,128 €/lv~3.45~/ud.~Limpieza y hogar >~Detergente y suavizante ropa~https://tienda.mercadona.es/product/40404/detergente-ropa-blanca-color-bosque-verde-gel-concentrado-botella~40404~2023-03-12 06:56:18.021538
Detergente ropa de Color Bosque Verde líquido~Botella~46 lavados (3 L)~| 0,098 €/lv~4.5~/ud.~Limpieza y hogar >~Detergente y suavizante ropa~https://tienda.mercadona.es/product/40537/detergente-ropa-color-bosque-verde-liquido-botella~40537~2023-03-12 06:56:18.582342
Detergente ropa jabón de Marsella Bosque Verde en gel concentrado~Botella~27 lavados (810 ml)~| 0,128 €/lv~3.45~/ud.~Limpieza y hogar >~Detergente y suavizante ropa~https://tienda.mercadona.es/product/40506/detergente-ropa-jabon-marsella-bosque-verde-gel-concentrado-botella~40506~2023-03-12 06:56:19.147127
Detergente ropa Blanca y de Color Bosque Verde líquido concentrado~Botella~46 lavados (3 L)~| 0,134 €/lv~6.15~/ud.~Limpieza y hogar >~Detergente y suavizante ropa~https://tienda.mercadona.es/product/40571/detergente-ropa-blanca-color-bosque-verde-liquido-concentrado-botella~40571~2023-03-12 06:56:19.638766
Detergente ropa Prendas Delicadas Bosque Verde líquido~Botella~66 lavados (1,98 L)~| 0,042 €/lv~2.75~/ud.~Limpieza y hogar >~Detergente y suavizante ropa~https://tienda.mercadona.es/product/40530/detergente-ropa-prendas-delicadas-bosque-verde-liquido-botella~40530~2023-03-12 06:56:20.199848
Detergente ropa total líquido Ariel~Botella~29 lavados (1,45 L)~| 0,28 €/lv~8.1~/ud.~Limpieza y hogar >~Detergente y suavizante ropa~https://tienda.mercadona.es/product/16830/detergente-ropa-total-liquido-ariel-botella~16830~2023-03-12 06:56:20.695914
Detergente ropa Pieles Sensibles Bosque Verde líquido~Botella~66 lavados (1,98 L)~| 0,073 €/lv~4.8~/ud.~Limpieza y hogar >~Detergente y suavizante ropa~https://tienda.mercadona.es/product/13643/detergente-ropa-pieles-sensibles-bosque-verde-liquido-botella~13643~2023-03-12 06:56:21.242623
Detergente ropa en gel Micolor adiós al separar~Botella~30 lavados (1,35 L)~| 0,217 €/lv~6.5~/ud.~Limpieza y hogar >~Detergente y suavizante ropa~https://tienda.mercadona.es/product/22888/detergente-ropa-gel-micolor-adios-separar-botella~22888~2023-03-12 06:56:21.808210
Detergente ropa oscura Bosque Verde líquido~Botella~30 lavados (1,95 L)~| 0,155 €/lv~4.65~/ud.~Limpieza y hogar >~Detergente y suavizante ropa~https://tienda.mercadona.es/product/40573/detergente-ropa-oscura-bosque-verde-liquido-botella~40573~2023-03-12 06:56:22.363104
Desinfectante Tejidos y Lavadora Bosque Verde sin lejía~Botella~1 L~| 2,10 €/L~2.1~/ud.~Limpieza y hogar >~Detergente y suavizante ropa~https://tienda.mercadona.es/product/40567/desinfectante-tejidos-lavadora-bosque-verde-sin-lejia-botella~40567~2023-03-12 06:56:22.909205
Detergente ropa Colonia Hipoalergénico Bosque Verde líquido~Botella~46 lavados (3 L)~| 0,082 €/lv~3.75~/ud.~Limpieza y hogar >~Detergente y suavizante ropa~https://tienda.mercadona.es/product/23568/detergente-ropa-colonia-hipoalergenico-bosque-verde-liquido-botella~23568~2023-03-12 06:56:23.462486
Detergente ropa blanca y de color Bosque Verde en polvo~Caja~35 lavados (2,28 kg)~| 0,139 €/lv~4.85~/ud.~Limpieza y hogar >~Detergente y suavizante ropa~https://tienda.mercadona.es/product/86231/detergente-ropa-blanca-color-bosque-verde-polvo-caja~86231~2023-03-12 06:56:24.113083
Detergente ropa All in 1 Ariel Pods en cápsulas para lavadora~Caja~23 cápsulas (508,3 g)~| 0,383 €/lv~8.8~/ud.~Limpieza y hogar >~Detergente y suavizante ropa~https://tienda.mercadona.es/product/16806/detergente-ropa-all-in-1-ariel-pods-capsulas-lavadora-caja~16806~2023-03-12 06:56:24.683408
Detergente ropa jabón de Marsella Bosque Verde en polvo~Caja~35 lavados (2,28 kg)~| 0,122 €/lv~4.25~/ud.~Limpieza y hogar >~Detergente y suavizante ropa~https://tienda.mercadona.es/product/22561/detergente-ropa-jabon-marsella-bosque-verde-polvo-caja~22561~2023-03-12 06:56:25.266092
Detergente ropa Blanca y de Color Bosque Verde en cápsulas para lavadora~Caja~24 cápsulas (638,4 g)~| 0,207 €/lv~4.95~/ud.~Limpieza y hogar >~Detergente y suavizante ropa~https://tienda.mercadona.es/product/23440/detergente-ropa-blanca-color-bosque-verde-capsulas-lavadora-caja~23440~2023-03-12 06:56:25.815812
Detergente Lavado a Mano Bosque Verde en polvo~Caja~650 g~| 1,77 €/kg~1.15~/ud.~Limpieza y hogar >~Detergente y suavizante ropa~https://tienda.mercadona.es/product/40114/detergente-lavado-mano-bosque-verde-polvo-caja~40114~2023-03-12 06:56:26.372161
Jabón Natural con glicerina Bosque Verde~Paquete~2 pastillas (400 g)~| 4,625 €/kg~1.85~/ud.~Limpieza y hogar >~Detergente y suavizante ropa~https://tienda.mercadona.es/product/13607/jabon-natural-con-glicerina-bosque-verde-paquete~13607~2023-03-12 06:56:27.007339
Jabón en escamas Capricho con aceite de coco y glicerina~Paquete~500 g~| 5,80 €/kg~2.9~/ud.~Limpieza y hogar >~Detergente y suavizante ropa~https://tienda.mercadona.es/product/40009/jabon-escamas-capricho-con-aceite-coco-glicerina-paquete~40009~2023-03-12 06:56:27.557097
Eliminador de olores higienizante tejidos Bosque Verde con pistola~Botella~500 ml~| 3,40 €/L~1.7~/ud.~Limpieza y hogar >~Detergente y suavizante ropa~https://tienda.mercadona.es/product/40552/eliminador-olores-higienizante-tejidos-bosque-verde-con-pistola-botella~40552~2023-03-12 06:56:28.100888
Toallitas lavadora Bosque Verde acción 2 en 1 anti-transferencia de color~Paquete~20 ud.~| 0,098 €/ud~1.95~/ud.~Limpieza y hogar >~Detergente y suavizante ropa~https://tienda.mercadona.es/product/79083/toallitas-lavadora-bosque-verde-accion-2-1-anti-transferencia-color-paquete~79083~2023-03-12 06:56:28.623102
Jabón blando natural Beltrán~Bote~500 g~| 5,80 €/kg~2.9~/ud.~Limpieza y hogar >~Detergente y suavizante ropa~https://tienda.mercadona.es/product/40135/jabon-blando-natural-beltran-bote~40135~2023-03-12 06:56:29.171351
Disuelve manchas Bosque Verde con pistola~Botella~750 ml~| 2,80 €/L~2.1~/ud.~Limpieza y hogar >~Detergente y suavizante ropa~https://tienda.mercadona.es/product/40178/disuelve-manchas-bosque-verde-con-pistola-botella~40178~2023-03-12 06:56:29.684922
Quitamanchas de desteñidos La Nave sin lejía~Caja~4 sobres (100 g)~| 27,50 €/kg~2.75~/ud.~Limpieza y hogar >~Detergente y suavizante ropa~https://tienda.mercadona.es/product/44420/quitamanchas-destenidos-nave-sin-lejia-caja~44420~2023-03-12 06:56:30.382237
Pastillas antical para lavadora Bosque Verde~Caja~40 pastillas~| 6,771 €/kg~3.25~/ud.~Limpieza y hogar >~Detergente y suavizante ropa~https://tienda.mercadona.es/product/67655/pastillas-antical-lavadora-bosque-verde-caja~67655~2023-03-12 06:56:31.105057
Activador quitamanchas ropa de color Oxi Active Bosque Verde en polvo con oxígeno activo~Bote~1 kg~| 3,10 €/kg~3.1~/ud.~Limpieza y hogar >~Detergente y suavizante ropa~https://tienda.mercadona.es/product/40317/activador-quitamanchas-ropa-color-oxi-active-bosque-verde-polvo-con-oxigeno-activo-bote~40317~2023-03-12 06:56:31.754785
Activador Blanqueante ropa blanca Bosque Verde en polvo con oxígeno activo~Bote~1 kg~| 3,10 €/kg~3.1~/ud.~Limpieza y hogar >~Detergente y suavizante ropa~https://tienda.mercadona.es/product/40315/activador-blanqueante-ropa-blanca-bosque-verde-polvo-con-oxigeno-activo-bote~40315~2023-03-12 06:56:32.369302
Activador del lavado ropa de color Oxi Active Bosque Verde en gel con oxígeno activo~Botella~2 L~| 0,875 €/L~1.75~/ud.~Limpieza y hogar >~Detergente y suavizante ropa~https://tienda.mercadona.es/product/40233/activador-lavado-ropa-color-oxi-active-bosque-verde-gel-con-oxigeno-activo-botella~40233~2023-03-12 06:56:32.952623
Activador del lavado ropa blanca Oxi Active Bosque Verde en gel~Botella~2 L~| 0,875 €/L~1.75~/ud.~Limpieza y hogar >~Detergente y suavizante ropa~https://tienda.mercadona.es/product/40230/activador-lavado-ropa-blanca-oxi-active-bosque-verde-gel-botella~40230~2023-03-12 06:56:33.550235
Quitamanchas Oxi Active Bosque Verde en gel con oxígeno activo~Botella~1 L~| 2,35 €/L~2.35~/ud.~Limpieza y hogar >~Detergente y suavizante ropa~https://tienda.mercadona.es/product/40560/quitamanchas-oxi-active-bosque-verde-gel-con-oxigeno-activo-botella~40560~2023-03-12 06:56:34.214228
Percarbonato blanqueante Bosque Verde~Paquete~750 g~| 2,467 €/kg~1.85~/ud.~Limpieza y hogar >~Detergente y suavizante ropa~https://tienda.mercadona.es/product/15679/percarbonato-blanqueante-bosque-verde-paquete~15679~2023-03-12 06:56:34.796218
Limpia lavadoras Bosque Verde líquido~Botella~250 ml~| 8,20 €/L~2.05~/ud.~Limpieza y hogar >~Detergente y suavizante ropa~https://tienda.mercadona.es/product/13678/limpia-lavadoras-bosque-verde-liquido-botella~13678~2023-03-12 06:56:35.489197
Blanqueador de ropa La Nave en polvo~Caja~6 sobres (120 g)~| 15,00 €/kg~1.8~/ud.~Limpieza y hogar >~Detergente y suavizante ropa~https://tienda.mercadona.es/product/40200/blanqueador-ropa-nave-polvo-caja~40200~2023-03-12 06:56:36.162894
Suavizante ropa Azul Bosque Verde concentrado~Botella~80 lavados (2 L)~| 0,975 €/L~1.95~/ud.~Limpieza y hogar >~Detergente y suavizante ropa~https://tienda.mercadona.es/product/40732/suavizante-ropa-azul-bosque-verde-concentrado-botella~40732~2023-03-12 06:56:36.715110
Suavizante ropa Talco Bosque Verde concentrado~Botella~80 lavados (2 L)~| 0,975 €/L~1.95~/ud.~Limpieza y hogar >~Detergente y suavizante ropa~https://tienda.mercadona.es/product/40740/suavizante-ropa-talco-bosque-verde-concentrado-botella~40740~2023-03-12 06:56:37.310897
Suavizante ropa Spa Bosque Verde concentrado~Botella~80 lavados (2 L)~| 0,975 €/L~1.95~/ud.~Limpieza y hogar >~Detergente y suavizante ropa~https://tienda.mercadona.es/product/15942/suavizante-ropa-spa-bosque-verde-concentrado-botella~15942~2023-03-12 06:56:37.913007
Suavizante ropa Nutrive Bosque Verde concentrado~Botella~80 lavados (2 L)~| 0,975 €/L~1.95~/ud.~Limpieza y hogar >~Detergente y suavizante ropa~https://tienda.mercadona.es/product/40743/suavizante-ropa-nutrive-bosque-verde-concentrado-botella~40743~2023-03-12 06:56:38.483269
Suavizante ropa Floral Bosque Verde concentrado~Botella~80 lavados (2 L)~| 0,975 €/L~1.95~/ud.~Limpieza y hogar >~Detergente y suavizante ropa~https://tienda.mercadona.es/product/15941/suavizante-ropa-floral-bosque-verde-concentrado-botella~15941~2023-03-12 06:56:39.029441
Suavizante ropa Hipoalergénico Bosque Verde concentrado~Botella~40 lavados (1 L)~| 1,65 €/L~1.65~/ud.~Limpieza y hogar >~Detergente y suavizante ropa~https://tienda.mercadona.es/product/40746/suavizante-ropa-hipoalergenico-bosque-verde-concentrado-botella~40746~2023-03-12 06:56:39.667879
Suavizante ropa Dulzzia Bosque Verde concentrado~Botella~80 lavados (2 L)~| 0,975 €/L~1.95~/ud.~Limpieza y hogar >~Detergente y suavizante ropa~https://tienda.mercadona.es/product/40744/suavizante-ropa-dulzzia-bosque-verde-concentrado-botella~40744~2023-03-12 06:56:40.301727
Perfumador ropa Bosque Verde intensificador de fragancia~Botella~36 lavados (720 ml)~| 4,375 €/L~3.15~/ud.~Limpieza y hogar >~Detergente y suavizante ropa~https://tienda.mercadona.es/product/40752/perfumador-ropa-bosque-verde-intensificador-fragancia-botella~40752~2023-03-12 06:56:40.880147
Agua destilada Bosque Verde~Garrafa~5 L~| 0,40 €/L~2.0~/ud.~Limpieza y hogar >~Detergente y suavizante ropa~https://tienda.mercadona.es/product/90531/agua-destilada-bosque-verde-garrafa~90531~2023-03-12 06:56:41.573150
Agua destilada Bosque Verde~Garrafa~2 L~| 0,45 €/L~0.9~/ud.~Limpieza y hogar >~Detergente y suavizante ropa~https://tienda.mercadona.es/product/86763/agua-destilada-bosque-verde-garrafa~86763~2023-03-12 06:56:42.160988
Agua de plancha Bosque Verde perfume ropa limpia~Botella~1 L~| 0,65 €/L~0.65~/ud.~Limpieza y hogar >~Detergente y suavizante ropa~https://tienda.mercadona.es/product/44413/agua-plancha-bosque-verde-perfume-ropa-limpia-botella~44413~2023-03-12 06:56:42.743990
Planchado fácil Bosque Verde~Not available~Not available~Not available~1.95~/ud.~Not Available~Compartir~https://tienda.mercadona.es/product/44404/planchado-facil-bosque-verde-con-pistola-botella~44404~2023-03-12 06:56:43.182665
Estropajo suciedad resistente Bosque Verde~Paquete~4 ud.~| 0,30 €/ud~1.2~/ud.~Limpieza y hogar >~Estropajo, bayeta y guantes~https://tienda.mercadona.es/product/79711/estropajo-suciedad-resistente-bosque-verde-paquete~79711~2023-03-12 06:57:29.464192
Estropajo suciedad resistente Bosque Verde~Paquete~3 ud.~| 0,30 €/ud~0.9~/ud.~Limpieza y hogar >~Estropajo, bayeta y guantes~https://tienda.mercadona.es/product/13531/estropajo-suciedad-resistente-bosque-verde-paquete~13531~2023-03-12 06:57:30.032406
Estropajo limpieza delicada Bosque Verde~Paquete~3 ud.~| 0,30 €/ud~0.9~/ud.~Limpieza y hogar >~Estropajo, bayeta y guantes~https://tienda.mercadona.es/product/13532/estropajo-limpieza-delicada-bosque-verde-paquete~13532~2023-03-12 06:57:30.539748
Estropajo suciedad resistente Bosque Verde~Paquete~3 ud.~| 0,284 €/ud~0.85~/ud.~Limpieza y hogar >~Estropajo, bayeta y guantes~https://tienda.mercadona.es/product/13533/estropajo-suciedad-resistente-bosque-verde-paquete~13533~2023-03-12 06:57:31.026885
Estropajo acero inoxidable Bosque Verde~Paquete~3 ud.~| 0,25 €/ud~0.75~/ud.~Limpieza y hogar >~Estropajo, bayeta y guantes~https://tienda.mercadona.es/product/71344/estropajo-acero-inoxidable-bosque-verde-paquete~71344~2023-03-12 06:57:31.535505
Estropajo inox Bosque Verde~Paquete~1 ud.~| 1,30 €/ud~1.3~/ud.~Limpieza y hogar >~Estropajo, bayeta y guantes~https://tienda.mercadona.es/product/71377/estropajo-inox-bosque-verde-paquete~71377~2023-03-12 06:57:32.046498
Estropajo limpieza delicada Bosque Verde~Paquete~3 ud.~| 0,284 €/ud~0.85~/ud.~Limpieza y hogar >~Estropajo, bayeta y guantes~https://tienda.mercadona.es/product/13534/estropajo-limpieza-delicada-bosque-verde-paquete~13534~2023-03-12 06:57:32.558241
Borrador mágico Bosque Verde~Paquete~3 ud.~| 0,484 €/ud~1.45~/ud.~Limpieza y hogar >~Estropajo, bayeta y guantes~https://tienda.mercadona.es/product/71314/borrador-magico-bosque-verde-paquete~71314~2023-03-12 06:57:33.051438
Estropajo jabonoso Bosque Verde~Paquete~10 ud.~| 0,12 €/ud~1.2~/ud.~Limpieza y hogar >~Estropajo, bayeta y guantes~https://tienda.mercadona.es/product/13525/estropajo-jabonoso-bosque-verde-paquete~13525~2023-03-12 06:57:33.560475
Estropajo baño Bosque Verde fibra blanca~Paquete~2 ud.~| 0,50 €/ud~1.0~/ud.~Limpieza y hogar >~Estropajo, bayeta y guantes~https://tienda.mercadona.es/product/23679/estropajo-bano-bosque-verde-fibra-blanca-paquete~23679~2023-03-12 06:57:34.068449
Estropajo almohadilla Bosque Verde limpieza delicada~Paquete~2 ud.~| 0,475 €/ud~0.95~/ud.~Limpieza y hogar >~Estropajo, bayeta y guantes~https://tienda.mercadona.es/product/79713/estropajo-almohadilla-bosque-verde-limpieza-delicada-paquete~79713~2023-03-12 06:57:34.571964
Bayeta suave multiusos Bosque Verde~Paquete~9 ud.~| 0,134 €/ud~1.2~/ud.~Limpieza y hogar >~Estropajo, bayeta y guantes~https://tienda.mercadona.es/product/71044/bayeta-suave-multiusos-bosque-verde-paquete~71044~2023-03-12 06:57:35.060255
Bayeta grande Bosque Verde microfibra~Paquete~3 ud.~| 0,617 €/ud~1.85~/ud.~Limpieza y hogar >~Estropajo, bayeta y guantes~https://tienda.mercadona.es/product/71033/bayeta-grande-bosque-verde-microfibra-paquete~71033~2023-03-12 06:57:35.595608
Bayeta pequeña Bosque Verde microfibra~Paquete~3 ud.~| 0,55 €/ud~1.65~/ud.~Limpieza y hogar >~Estropajo, bayeta y guantes~https://tienda.mercadona.es/product/22774/bayeta-pequena-bosque-verde-microfibra-paquete~22774~2023-03-12 06:57:36.160584
Bayeta cristales y espejos Bosque Verde microfibra~Paquete~1 ud.~| 0,90 €/ud~0.9~/ud.~Limpieza y hogar >~Estropajo, bayeta y guantes~https://tienda.mercadona.es/product/22825/bayeta-cristales-espejos-bosque-verde-microfibra-paquete~22825~2023-03-12 06:57:36.667718
Posavajillas Bosque Verde~Paquete~1 ud.~| 1,15 €/ud~1.15~/ud.~Limpieza y hogar >~Estropajo, bayeta y guantes~https://tienda.mercadona.es/product/71055/posavajillas-bosque-verde-paquete~71055~2023-03-12 06:57:37.168987
Bayeta grande clásica multiusos Bosque Verde microfibra~Paquete~1 ud.~| 1,00 €/ud~1.0~/ud.~Limpieza y hogar >~Estropajo, bayeta y guantes~https://tienda.mercadona.es/product/22034/bayeta-grande-clasica-multiusos-bosque-verde-microfibra-paquete~22034~2023-03-12 06:57:37.670276
Bayeta polvo Bosque Verde microfibra~Paquete~1 ud.~| 0,90 €/ud~0.9~/ud.~Limpieza y hogar >~Estropajo, bayeta y guantes~https://tienda.mercadona.es/product/22827/bayeta-polvo-bosque-verde-microfibra-paquete~22827~2023-03-12 06:57:38.235231
Guantes de látex Bosque Verde talla pequeña sensibles~Paquete~2 ud.~| 0,35 €/ud~0.7~/ud.~Limpieza y hogar >~Estropajo, bayeta y guantes~https://tienda.mercadona.es/product/23628/guantes-latex-bosque-verde-talla-pequena-sensibles-paquete~23628~2023-03-12 06:57:38.758669
Guantes de látex Bosque Verde talla mediana sensibles~Paquete~2 ud.~| 0,35 €/ud~0.7~/ud.~Limpieza y hogar >~Estropajo, bayeta y guantes~https://tienda.mercadona.es/product/23629/guantes-latex-bosque-verde-talla-mediana-sensibles-paquete~23629~2023-03-12 06:57:39.280614
Guantes de látex Bosque Verde talla grande sensibles~Paquete~2 ud.~| 0,35 €/ud~0.7~/ud.~Limpieza y hogar >~Estropajo, bayeta y guantes~https://tienda.mercadona.es/product/23630/guantes-latex-bosque-verde-talla-grande-sensibles-paquete~23630~2023-03-12 06:57:39.785049
Guantes de látex Bosque Verde talla pequeña-mediana desechables~Caja~50 ud.~| 0,069 €/ud~3.45~/ud.~Limpieza y hogar >~Estropajo, bayeta y guantes~https://tienda.mercadona.es/product/71203/guantes-latex-bosque-verde-talla-pequena-mediana-desechables-caja~71203~2023-03-12 06:57:40.323834
Guantes de látex Bosque Verde talla mediana desechables~Caja~50 ud.~| 0,069 €/ud~3.45~/ud.~Limpieza y hogar >~Estropajo, bayeta y guantes~https://tienda.mercadona.es/product/23291/guantes-latex-bosque-verde-talla-mediana-desechables-caja~23291~2023-03-12 06:57:40.838505
Guantes de látex Bosque Verde talla pequeña flocados~Paquete~2 ud.~| 0,45 €/ud~0.9~/ud.~Limpieza y hogar >~Estropajo, bayeta y guantes~https://tienda.mercadona.es/product/23813/guantes-latex-bosque-verde-talla-pequena-flocados-paquete~23813~2023-03-12 06:57:41.366150
Guantes de látex Bosque Verde talla mediana flocados~Paquete~2 ud.~| 0,45 €/ud~0.9~/ud.~Limpieza y hogar >~Estropajo, bayeta y guantes~https://tienda.mercadona.es/product/23814/guantes-latex-bosque-verde-talla-mediana-flocados-paquete~23814~2023-03-12 06:57:41.871276
Guantes de látex Bosque Verde talla grande flocados~Paquete~2 ud.~| 0,45 €/ud~0.9~/ud.~Limpieza y hogar >~Estropajo, bayeta y guantes~https://tienda.mercadona.es/product/23815/guantes-latex-bosque-verde-talla-grande-flocados-paquete~23815~2023-03-12 06:57:42.391686
Guantes 100% nitrilo Bosque Verde talla pequeña resistentes a la lejía~Paquete~2 ud.~| 1,00 €/ud~2.0~/ud.~Limpieza y hogar >~Estropajo, bayeta y guantes~https://tienda.mercadona.es/product/71397/guantes-100-nitrilo-bosque-verde-talla-pequena-resistentes-lejia-paquete~71397~2023-03-12 06:57:42.926655
Guantes 100% nitrilo Bosque Verde talla mediana resistentes a la lejía~Paquete~2 ud.~| 1,00 €/ud~2.0~/ud.~Limpieza y hogar >~Estropajo, bayeta y guantes~https://tienda.mercadona.es/product/71398/guantes-100-nitrilo-bosque-verde-talla-mediana-resistentes-lejia-paquete~71398~2023-03-12 06:57:43.455979
Guantes 100% nitrilo Bosque Verde talla grande resistentes a la lejía~Paquete~2 ud.~| 1,00 €/ud~2.0~/ud.~Limpieza y hogar >~Estropajo, bayeta y guantes~https://tienda.mercadona.es/product/71399/guantes-100-nitrilo-bosque-verde-talla-grande-resistentes-lejia-paquete~71399~2023-03-12 06:57:43.980694
Guantes de nitrilo Bosque Verde talla pequeña desechables~Caja~30 ud.~| 0,10 €/ud~3.0~/ud.~Limpieza y hogar >~Estropajo, bayeta y guantes~https://tienda.mercadona.es/product/71225/guantes-nitrilo-bosque-verde-talla-pequena-desechables-caja~71225~2023-03-12 06:57:44.502216
Guantes de nitrilo Bosque Verde talla mediana desechables~Caja~30 ud.~| 0,10 €/ud~3.0~/ud.~Limpieza y hogar >~Estropajo, bayeta y guantes~https://tienda.mercadona.es/product/71226/guantes-nitrilo-bosque-verde-talla-mediana-desechables-caja~71226~2023-03-12 06:57:45.077876
Guantes de nitrilo Bosque Verde talla grande desachables~Caja~30 ud.~| 0,10 €/ud~3.0~/ud.~Limpieza y hogar >~Estropajo, bayeta y guantes~https://tienda.mercadona.es/product/71227/guantes-nitrilo-bosque-verde-talla-grande-desachables-caja~71227~2023-03-12 06:57:45.611139
Insecticida moscas y mosquitos Bosque Verde perfume limón~Spray~750 ml~| 3,134 €/L~2.35~/ud.~Limpieza y hogar >~Insecticida y ambientador~https://tienda.mercadona.es/product/72026/insecticida-moscas-mosquitos-bosque-verde-perfume-limon-spray~72026~2023-03-12 07:09:33.884737
Insecticida moscas y mosquitos Bosque Verde sin perfume~Spray~750 ml~| 3,134 €/L~2.35~/ud.~Limpieza y hogar >~Insecticida y ambientador~https://tienda.mercadona.es/product/72019/insecticida-moscas-mosquitos-bosque-verde-sin-perfume-spray~72019~2023-03-12 07:09:34.645669
Insecticida cucarachas y hormigas Bosque Verde~Spray~400 ml~| 6,75 €/L~2.7~/ud.~Limpieza y hogar >~Insecticida y ambientador~https://tienda.mercadona.es/product/72090/insecticida-cucarachas-hormigas-bosque-verde-spray~72090~2023-03-12 07:09:35.252521
Insecticida líquido Bosque Verde con pistola~Botella~500 ml~| 5,50 €/L~2.75~/ud.~Limpieza y hogar >~Insecticida y ambientador~https://tienda.mercadona.es/product/72318/insecticida-liquido-bosque-verde-con-pistola-botella~72318~2023-03-12 07:09:35.801166
Spray repelente de insectos Cuidaplus fuerte~Spray~100 ml~| 27,50 €/L~2.75~/ud.~Fitoterapia y parafarmacia >~Parafarmacia~https://tienda.mercadona.es/product/86749/spray-repelente-insectos-cuidaplus-fuerte-spray~86749~2023-03-12 07:09:36.307294
Difusor insecticida antimosquitos eléctrico incluye recambio líquido Bosque Verde~Caja~1 ud.~| 3,15 €/ud~3.15~/ud.~Limpieza y hogar >~Insecticida y ambientador~https://tienda.mercadona.es/product/72205/difusor-insecticida-antimosquitos-electrico-incluye-recambio-liquido-bosque-verde-caja~72205~2023-03-12 07:09:36.832131
Insecticida antimosquitos eléctrico recambio líquido Bosque Verde~Caja~45 ml~| 4,223 €/100 ml~1.9~/ud.~Limpieza y hogar >~Insecticida y ambientador~https://tienda.mercadona.es/product/72641/insecticida-antimosquitos-electrico-recambio-liquido-bosque-verde-caja~72641~2023-03-12 07:09:37.381962
Colgador antipolillas Ropa Limpia Bosque Verde~Paquete~2 ud.~| 0,625 €/ud~1.25~/ud.~Limpieza y hogar >~Insecticida y ambientador~https://tienda.mercadona.es/product/72108/colgador-antipolillas-ropa-limpia-bosque-verde-paquete~72108~2023-03-12 07:09:37.916786
Bolsitas antipolillas Lavanda Bosque Verde~Paquete~24 ud.~| 0,05 €/ud~1.2~/ud.~Limpieza y hogar >~Insecticida y ambientador~https://tienda.mercadona.es/product/72123/bolsitas-antipolillas-lavanda-bosque-verde-paquete~72123~2023-03-12 07:09:38.505930
Trampa matacucarachas Bosque Verde~Caja~6 ud.~| 0,492 €/ud~2.95~/ud.~Limpieza y hogar >~Insecticida y ambientador~https://tienda.mercadona.es/product/72320/trampa-matacucarachas-bosque-verde-caja~72320~2023-03-12 07:09:39.058610
Colgador antipolillas Lavanda Bosque Verde~Paquete~2 ud.~| 0,625 €/ud~1.25~/ud.~Limpieza y hogar >~Insecticida y ambientador~https://tienda.mercadona.es/product/72109/colgador-antipolillas-lavanda-bosque-verde-paquete~72109~2023-03-12 07:09:39.653404
Trampa contra hormigas Bosque Verde~Caja~2 ud.~| 1,45 €/ud~2.9~/ud.~Limpieza y hogar >~Insecticida y ambientador~https://tienda.mercadona.es/product/60965/trampa-hormigas-bosque-verde-caja~60965~2023-03-12 07:09:40.200569
Raticida cebo fresco Bosque Verde~Caja~1 ud.~| 2,60 €/ud~2.6~/ud.~Limpieza y hogar >~Insecticida y ambientador~https://tienda.mercadona.es/product/72088/raticida-cebo-fresco-bosque-verde-caja~72088~2023-03-12 07:09:40.701831
Ambientador spray Ropa Limpia Bosque Verde~Spray~300 ml~| 4,334 €/L~1.3~/ud.~Limpieza y hogar >~Insecticida y ambientador~https://tienda.mercadona.es/product/72537/ambientador-spray-ropa-limpia-bosque-verde-spray~72537~2023-03-12 07:09:41.241932
Ambientador spray Infantil Bosque Verde~Spray~300 ml~| 4,334 €/L~1.3~/ud.~Limpieza y hogar >~Insecticida y ambientador~https://tienda.mercadona.es/product/72507/ambientador-spray-infantil-bosque-verde-spray~72507~2023-03-12 07:09:41.795053
Ambientador Fresh Bosque Verde neutraliza malos olores~Spray~300 ml~| 4,334 €/L~1.3~/ud.~Limpieza y hogar >~Insecticida y ambientador~https://tienda.mercadona.es/product/60707/ambientador-fresh-bosque-verde-neutraliza-malos-olores-spray~60707~2023-03-12 07:09:42.340297
Ambientador spray Mistery Bosque Verde~Spray~300 ml~| 4,334 €/L~1.3~/ud.~Limpieza y hogar >~Insecticida y ambientador~https://tienda.mercadona.es/product/72565/ambientador-spray-mistery-bosque-verde-spray~72565~2023-03-12 07:09:42.887350
Ambientador spray Delicado Bosque Verde~Spray~300 ml~| 4,334 €/L~1.3~/ud.~Limpieza y hogar >~Insecticida y ambientador~https://tienda.mercadona.es/product/67996/ambientador-spray-delicado-bosque-verde-spray~67996~2023-03-12 07:09:43.529159
Ambientador spray Sweet Blossom Bosque Verde neutraliza olores~Spray~300 ml~| 4,334 €/L~1.3~/ud.~Limpieza y hogar >~Insecticida y ambientador~https://tienda.mercadona.es/product/67997/ambientador-spray-sweet-blossom-bosque-verde-neutraliza-olores-spray~67997~2023-03-12 07:09:44.085039
Ambientador spray de tejidos Elixir Floral Bosque Verde con pistola~Botella~400 ml~| 5,50 €/L~2.2~/ud.~Limpieza y hogar >~Insecticida y ambientador~https://tienda.mercadona.es/product/40159/ambientador-spray-tejidos-elixir-floral-bosque-verde-con-pistola-botella~40159~2023-03-12 07:09:44.661786
Difusor ambientador spray manual Bosque Verde con recambio ropa limpia~Caja~1 ud.~| 2,90 €/ud~2.9~/ud.~Limpieza y hogar >~Insecticida y ambientador~https://tienda.mercadona.es/product/86764/difusor-ambientador-spray-manual-bosque-verde-con-recambio-ropa-limpia-caja~86764~2023-03-12 07:09:45.223601
Ambientador mini spray Ropa Limpia Bosque Verde difusor manual~Caja~2 ud. (30 ml)~| 6,00 €/100 ml~1.8~/ud.~Limpieza y hogar >~Insecticida y ambientador~https://tienda.mercadona.es/product/72536/ambientador-mini-spray-ropa-limpia-bosque-verde-difusor-manual-caja~72536~2023-03-12 07:09:45.786777
Difusor ambientador eléctrico Bosque Verde con regulador de intensidad~Caja~1 ud.~| 1,40 €/ud~1.4~/ud.~Limpieza y hogar >~Insecticida y ambientador~https://tienda.mercadona.es/product/72541/difusor-ambientador-electrico-bosque-verde-con-regulador-intensidad-caja~72541~2023-03-12 07:09:46.377627
Difusor multifragancia eléctrico Bosque Verde con regulador de intensidad~Paquete~1 ud.~| 2,15 €/ud~2.15~/ud.~Limpieza y hogar >~Insecticida y ambientador~https://tienda.mercadona.es/product/72530/difusor-multifragancia-electrico-bosque-verde-con-regulador-intensidad-paquete~72530~2023-03-12 07:09:46.951748
Ambientador eléctrico Ropa Limpia Bosque Verde recambio~Caja~25 ml~| 6,80 €/100 ml~1.7~/ud.~Limpieza y hogar >~Insecticida y ambientador~https://tienda.mercadona.es/product/72547/ambientador-electrico-ropa-limpia-bosque-verde-recambio-caja~72547~2023-03-12 07:09:47.588387
Ambientador eléctrico Brisa Azul Bosque Verde recambio~Caja~25 ml~| 6,80 €/100 ml~1.7~/ud.~Limpieza y hogar >~Insecticida y ambientador~https://tienda.mercadona.es/product/72542/ambientador-electrico-brisa-azul-bosque-verde-recambio-caja~72542~2023-03-12 07:09:48.211389
Ambientador eléctrico Infantil Bosque Verde recambio~Caja~25 ml~| 6,80 €/100 ml~1.7~/ud.~Limpieza y hogar >~Insecticida y ambientador~https://tienda.mercadona.es/product/72546/ambientador-electrico-infantil-bosque-verde-recambio-caja~72546~2023-03-12 07:09:48.858167
Ambientador eléctrico Zen Bosque Verde recambio~Caja~25 ml~| 6,80 €/100 ml~1.7~/ud.~Limpieza y hogar >~Insecticida y ambientador~https://tienda.mercadona.es/product/72548/ambientador-electrico-zen-bosque-verde-recambio-caja~72548~2023-03-12 07:09:49.510569
Ambientador eléctrico Orquídea Bosque Verde recambio~Caja~25 ml~| 6,80 €/100 ml~1.7~/ud.~Limpieza y hogar >~Insecticida y ambientador~https://tienda.mercadona.es/product/72544/ambientador-electrico-orquidea-bosque-verde-recambio-caja~72544~2023-03-12 07:09:50.141106
Ambientador eléctrico Spa Bosque Verde 6 fragancias recambio~Caja~25 ml~| 11,60 €/100 ml~2.9~/ud.~Limpieza y hogar >~Insecticida y ambientador~https://tienda.mercadona.es/product/72616/ambientador-electrico-spa-bosque-verde-6-fragancias-recambio-caja~72616~2023-03-12 07:09:50.818118
Ambientador eléctrico Jardín Bosque Verde 6 fragancias recambio~Caja~25 ml~| 11,60 €/100 ml~2.9~/ud.~Limpieza y hogar >~Insecticida y ambientador~https://tienda.mercadona.es/product/72614/ambientador-electrico-jardin-bosque-verde-6-fragancias-recambio-caja~72614~2023-03-12 07:09:51.451026
Ambientador eléctrico Mundo Bosque Verde 6 fragancias recambio~Caja~25 ml~| 11,60 €/100 ml~2.9~/ud.~Limpieza y hogar >~Insecticida y ambientador~https://tienda.mercadona.es/product/72647/ambientador-electrico-mundo-bosque-verde-6-fragancias-recambio-caja~72647~2023-03-12 07:09:52.165471
Ambientador eléctrico Dolce Bosque Verde 6 fragancias recambio~Caja~25 ml~| 11,60 €/100 ml~2.9~/ud.~Limpieza y hogar >~Insecticida y ambientador~https://tienda.mercadona.es/product/72645/ambientador-electrico-dolce-bosque-verde-6-fragancias-recambio-caja~72645~2023-03-12 07:09:52.793709
Ambientador eléctrico Chai Bosque Verde recambio~Caja~25 ml~| 1,70 €/ud~1.7~/ud.~Limpieza y hogar >~Insecticida y ambientador~https://tienda.mercadona.es/product/22723/ambientador-electrico-chai-bosque-verde-recambio-caja~22723~2023-03-12 07:09:53.441750
Ambientador eléctrico Delicado Bosque Verde recambio~Caja~25 ml~| 1,70 €/ud~1.7~/ud.~Limpieza y hogar >~Insecticida y ambientador~https://tienda.mercadona.es/product/22724/ambientador-electrico-delicado-bosque-verde-recambio-caja~22724~2023-03-12 07:09:54.160988
Difusor ambientador automático Bosque Verde incluye 2 pilas~Caja~1 ud.~| 3,10 €/ud~3.1~/ud.~Limpieza y hogar >~Insecticida y ambientador~https://tienda.mercadona.es/product/72408/difusor-ambientador-automatico-bosque-verde-incluye-2-pilas-caja~72408~2023-03-12 07:09:54.827422
Ambientador automático Love Bosque Verde recambio~Bote~250 ml~| 7,60 €/L~1.9~/ud.~Limpieza y hogar >~Insecticida y ambientador~https://tienda.mercadona.es/product/72411/ambientador-automatico-love-bosque-verde-recambio-bote~72411~2023-03-12 07:09:55.483969
Ambientador automático Ropa Limpia Bosque Verde recambio~Bote~250 ml~| 7,60 €/L~1.9~/ud.~Limpieza y hogar >~Insecticida y ambientador~https://tienda.mercadona.es/product/72405/ambientador-automatico-ropa-limpia-bosque-verde-recambio-bote~72405~2023-03-12 07:09:56.119948
Ambientador automático Flower Bosque Verde recambio~Bote~250 ml~| 7,60 €/L~1.9~/ud.~Limpieza y hogar >~Insecticida y ambientador~https://tienda.mercadona.es/product/60790/ambientador-automatico-flower-bosque-verde-recambio-bote~60790~2023-03-12 07:09:56.792776
Ambientador automático Infantil Bosque Verde recambio~Bote~250 ml~| 7,60 €/L~1.9~/ud.~Limpieza y hogar >~Insecticida y ambientador~https://tienda.mercadona.es/product/72410/ambientador-automatico-infantil-bosque-verde-recambio-bote~72410~2023-03-12 07:09:57.449670
Ambientador automático Delice Bosque Verde recambio~Bote~250 ml~| 7,60 €/L~1.9~/ud.~Limpieza y hogar >~Insecticida y ambientador~https://tienda.mercadona.es/product/23842/ambientador-automatico-delice-bosque-verde-recambio-bote~23842~2023-03-12 07:09:58.106978
Ambientador coche Bali Bosque Verde~Caja~1 ud.~| 30,834 €/100 ml~1.85~/ud.~Limpieza y hogar >~Insecticida y ambientador~https://tienda.mercadona.es/product/79425/ambientador-coche-bali-bosque-verde-caja~79425~2023-03-12 07:09:58.757646
Ambientador coche Frutos Silvestres Bosque Verde~Caja~1 ud.~| 30,834 €/100 ml~1.85~/ud.~Limpieza y hogar >~Insecticida y ambientador~https://tienda.mercadona.es/product/79446/ambientador-coche-frutos-silvestres-bosque-verde-caja~79446~2023-03-12 07:09:59.408898
Ambientador coche Exótico Bosque Verde incluye difusor y 2 recambios~Paquete~1 ud.~| 23,125 €/100 ml~1.85~/ud.~Limpieza y hogar >~Insecticida y ambientador~https://tienda.mercadona.es/product/79447/ambientador-coche-exotico-bosque-verde-incluye-difusor-2-recambios-paquete~79447~2023-03-12 07:10:00.047048
Ambientador coche Marine Bosque Verde incluye difusor y 2 recambios~Paquete~1 ud.~| 23,125 €/100 ml~1.85~/ud.~Limpieza y hogar >~Insecticida y ambientador~https://tienda.mercadona.es/product/79448/ambientador-coche-marine-bosque-verde-incluye-difusor-2-recambios-paquete~79448~2023-03-12 07:10:00.693797
Ambientador coche Happy Bosque Verde~Caja~1 ud.~| 30,834 €/100 ml~1.85~/ud.~Limpieza y hogar >~Insecticida y ambientador~https://tienda.mercadona.es/product/79424/ambientador-coche-happy-bosque-verde-caja~79424~2023-03-12 07:10:01.366126
Ambientador coche Lima Bosque Verde incluye difusor y 2 recambios~Paquete~1 ud.~| 23,125 €/100 ml~1.85~/ud.~Limpieza y hogar >~Insecticida y ambientador~https://tienda.mercadona.es/product/79449/ambientador-coche-lima-bosque-verde-incluye-difusor-2-recambios-paquete~79449~2023-03-12 07:10:02.030860
Ambientador varitas Frambuesa Bosque Verde~Caja~40 ml~| 5,50 €/100 ml~2.2~/ud.~Limpieza y hogar >~Insecticida y ambientador~https://tienda.mercadona.es/product/13789/ambientador-varitas-frambuesa-bosque-verde-caja~13789~2023-03-12 07:10:02.725644
Ambientador varitas Bambú Bosque Verde~Caja~40 ml~| 5,50 €/100 ml~2.2~/ud.~Limpieza y hogar >~Insecticida y ambientador~https://tienda.mercadona.es/product/13788/ambientador-varitas-bambu-bosque-verde-caja~13788~2023-03-12 07:10:03.389931
Ambientador varitas Jasmine Bosque Verde~Caja~40 ml~| 5,50 €/100 ml~2.2~/ud.~Limpieza y hogar >~Insecticida y ambientador~https://tienda.mercadona.es/product/13779/ambientador-varitas-jasmine-bosque-verde-caja~13779~2023-03-12 07:10:04.049413
Ambientador varitas Fruta Tropical Bosque Verde~Caja~40 ml~| 5,50 €/100 ml~2.2~/ud.~Limpieza y hogar >~Insecticida y ambientador~https://tienda.mercadona.es/product/13780/ambientador-varitas-fruta-tropical-bosque-verde-caja~13780~2023-03-12 07:10:04.714921
Ambientador perlas Tiernos Recuerdos Bosque Verde~1 ud.~| 1,45 €/ud~Not available~1.45~/ud.~Limpieza y hogar >~Insecticida y ambientador~https://tienda.mercadona.es/product/72733/ambientador-perlas-tiernos-recuerdos-bosque-verde~72733~2023-03-12 07:10:05.367955
Ambientador perlas Lima Bosque Verde~1 ud.~| 1,45 €/ud~Not available~1.45~/ud.~Limpieza y hogar >~Insecticida y ambientador~https://tienda.mercadona.es/product/72734/ambientador-perlas-lima-bosque-verde~72734~2023-03-12 07:10:05.991747
Ambientador armarios Spa Bosque Verde~Caja~3 ud.~| 5,304 €/100 g~1.75~/ud.~Limpieza y hogar >~Insecticida y ambientador~https://tienda.mercadona.es/product/72817/ambientador-armarios-spa-bosque-verde-caja~72817~2023-03-12 07:10:06.648842
Vela perfumada Frutos Silvestres Bosque Verde vaso de cristal~Caja~1 ud.~| 1,85 €/ud~1.85~/ud.~Limpieza y hogar >~Insecticida y ambientador~https://tienda.mercadona.es/product/72676/vela-perfumada-frutos-silvestres-bosque-verde-vaso-cristal-caja~72676~2023-03-12 07:10:07.303280
Vela perfumada Vainilla Bosque Verde vaso de cristal~Caja~1 ud.~| 1,85 €/ud~1.85~/ud.~Limpieza y hogar >~Insecticida y ambientador~https://tienda.mercadona.es/product/72675/vela-perfumada-vainilla-bosque-verde-vaso-cristal-caja~72675~2023-03-12 07:10:07.972276
Velas perfumadas Tropical Bosque Verde pequeña~Caja~18 velas~| 0,098 €/ud~1.75~/ud.~Limpieza y hogar >~Insecticida y ambientador~https://tienda.mercadona.es/product/72663/velas-perfumadas-tropical-bosque-verde-pequena-caja~72663~2023-03-12 07:10:08.676622
Ambientador líquido concentrado Foresan deluxe~Botella~125 ml~| 13,60 €/L~1.7~/ud.~Limpieza y hogar >~Insecticida y ambientador~https://tienda.mercadona.es/product/72873/ambientador-liquido-concentrado-foresan-deluxe-botella~72873~2023-03-12 07:10:09.353396
Vela perfumada Té Chai Bosque Verde pequeña~Caja~18 velas~| 0,098 €/ud~1.75~/ud.~Limpieza y hogar >~Insecticida y ambientador~https://tienda.mercadona.es/product/72077/vela-perfumada-te-chai-bosque-verde-pequena-caja~72077~2023-03-12 07:10:10.020230
Vela perfumada Té Chai Bosque Verde vaso de cristal~Caja~1 ud.~| 1,85 €/ud~1.85~/ud.~Limpieza y hogar >~Insecticida y ambientador~https://tienda.mercadona.es/product/15805/vela-perfumada-te-chai-bosque-verde-vaso-cristal-caja~15805~2023-03-12 07:10:10.686488
Vela perfumada Talco Bosque Verde vaso de cristal~Caja~1 ud.~| 1,85 €/ud~1.85~/ud.~Limpieza y hogar >~Insecticida y ambientador~https://tienda.mercadona.es/product/15804/vela-perfumada-talco-bosque-verde-vaso-cristal-caja~15804~2023-03-12 07:10:11.353312
Vela perfumada Vainilla Bosque Verde pequeña~Caja~18 velas~| 0,098 €/ud~1.75~/ud.~Limpieza y hogar >~Insecticida y ambientador~https://tienda.mercadona.es/product/72674/vela-perfumada-vainilla-bosque-verde-pequena-caja~72674~2023-03-12 07:10:12.013068
Ambientador varitas Chai Bosque Verde~Caja~40 ml~| 5,50 €/100 ml~2.2~/ud.~Limpieza y hogar >~Insecticida y ambientador~https://tienda.mercadona.es/product/35456/ambientador-varitas-chai-bosque-verde-caja~35456~2023-03-12 07:10:12.685195
Vela perfumada Aqua Bosque Verde vaso de cristal~Caja~1 ud.~| 1,85 €/ud~1.85~/ud.~Limpieza y hogar >~Insecticida y ambientador~https://tienda.mercadona.es/product/35455/vela-perfumada-aqua-bosque-verde-vaso-cristal-caja~35455~2023-03-12 07:10:13.293387
Absorbeolores Ropa Limpia Bosque Verde~1 ud.~| 0,80 €/ud~Not available~0.8~/ud.~Limpieza y hogar >~Insecticida y ambientador~https://tienda.mercadona.es/product/16831/absorbeolores-ropa-limpia-bosque-verde~16831~2023-03-12 07:10:13.979972
Absorbeolores en gel para frigorífico Bosque Verde~Paquete~1 ud.~| 4,50 €/100 g~1.8~/ud.~Limpieza y hogar >~Insecticida y ambientador~https://tienda.mercadona.es/product/72878/absorbeolores-gel-frigorifico-bosque-verde-paquete~72878~2023-03-12 07:10:14.670225
Set antihumedad con aromas cítricos Bosque Verde incluye recambio~1 ud.~| 7,00 €/kg~Not available~3.15~/ud.~Limpieza y hogar >~Insecticida y ambientador~https://tienda.mercadona.es/product/72514/set-antihumedad-con-aromas-citricos-bosque-verde-incluye-recambio~72514~2023-03-12 07:10:15.326485
Recambio antihumedad con aromas cítricos Bosque Verde~Caja~1 ud.~| 4,445 €/kg~2.0~/ud.~Limpieza y hogar >~Insecticida y ambientador~https://tienda.mercadona.es/product/72515/recambio-antihumedad-con-aromas-citricos-bosque-verde-caja~72515~2023-03-12 07:10:16.009577
Lejía normal Tradicional Bosque Verde~Garrafa~5 L~| 0,32 €/L~1.6~/ud.~Limpieza y hogar >~Lejía y líquidos fuertes~https://tienda.mercadona.es/product/43011/lejia-normal-tradicional-bosque-verde-garrafa~43011~2023-03-12 07:10:53.011542
Lejía normal Tradicional Bosque Verde~Botella~2 L~| 0,40 €/L~0.8~/ud.~Limpieza y hogar >~Lejía y líquidos fuertes~https://tienda.mercadona.es/product/43075/lejia-normal-tradicional-bosque-verde-botella~43075~2023-03-12 07:10:53.509031
Lejía con detergente Bosque Verde~Botella~2 L~| 0,575 €/L~1.15~/ud.~Limpieza y hogar >~Lejía y líquidos fuertes~https://tienda.mercadona.es/product/43024/lejia-con-detergente-bosque-verde-botella~43024~2023-03-12 07:10:53.955053
Lejía ropa blanca denso Bosque Verde~Botella~2 L~| 0,625 €/L~1.25~/ud.~Limpieza y hogar >~Lejía y líquidos fuertes~https://tienda.mercadona.es/product/43022/lejia-ropa-blanca-denso-bosque-verde-botella~43022~2023-03-12 07:10:54.428860
Lejía perfumada con detergente Bosque Verde Limón~Botella~2 L~| 0,575 €/L~1.15~/ud.~Limpieza y hogar >~Lejía y líquidos fuertes~https://tienda.mercadona.es/product/43054/lejia-perfumada-con-detergente-bosque-verde-limon-botella~43054~2023-03-12 07:10:54.917913
Lejía con detergente ACE 2 en 1~Botella~2 L~| 1,125 €/L~2.25~/ud.~Limpieza y hogar >~Lejía y líquidos fuertes~https://tienda.mercadona.es/product/23615/lejia-con-detergente-ace-2-1-botella~23615~2023-03-12 07:10:55.415020
Lejía densa Bosque Verde~Garrafa~5 L~| 0,52 €/L~2.6~/ud.~Limpieza y hogar >~Lejía y líquidos fuertes~https://tienda.mercadona.es/product/43124/lejia-densa-bosque-verde-garrafa~43124~2023-03-12 07:10:55.917260
Pastillas desinfectantes multiusos Orache~Not available~Not available~Not available~1.6~/ud.~Not Available~Compartir~https://tienda.mercadona.es/product/43057/pastillas-desinfectantes-multiusos-orache-bote~43057~2023-03-12 07:10:56.335216
Lejía Multiusos Bosque Verde con pistola~Botella~750 ml~| 2,334 €/L~1.75~/ud.~Limpieza y hogar >~Lejía y líquidos fuertes~https://tienda.mercadona.es/product/43060/lejia-multiusos-bosque-verde-con-pistola-botella~43060~2023-03-12 07:10:56.873475
Amoníaco perfumado Bosque Verde~Botella~1,5 L~| 0,434 €/L~0.65~/ud.~Limpieza y hogar >~Lejía y líquidos fuertes~https://tienda.mercadona.es/product/43818/amoniaco-perfumado-bosque-verde-botella~43818~2023-03-12 07:10:57.347106
Salfumant Bosque Verde~Botella~1 L~| 1,00 €/L~1.0~/ud.~Limpieza y hogar >~Lejía y líquidos fuertes~https://tienda.mercadona.es/product/43810/salfumant-bosque-verde-botella~43810~2023-03-12 07:10:57.842156
Amoníaco con detergente Bosque Verde~Botella~1,5 L~| 0,667 €/L~1.0~/ud.~Limpieza y hogar >~Lejía y líquidos fuertes~https://tienda.mercadona.es/product/43802/amoniaco-con-detergente-bosque-verde-botella~43802~2023-03-12 07:10:58.348866
Desatascador de Tuberías Bosque Verde en gel~Botella~1 L~| 1,90 €/L~1.9~/ud.~Limpieza y hogar >~Lejía y líquidos fuertes~https://tienda.mercadona.es/product/43853/desatascador-tuberias-bosque-verde-gel-botella~43853~2023-03-12 07:10:58.858821
Desatascador Turbo Bosque Verde en gel~Botella~500 ml~| 3,40 €/L~1.7~/ud.~Limpieza y hogar >~Lejía y líquidos fuertes~https://tienda.mercadona.es/product/43042/desatascador-turbo-bosque-verde-gel-botella~43042~2023-03-12 07:10:59.489758
Amoníaco muy fuerte Bosque Verde con detergente~Botella~750 ml~| 1,734 €/L~1.3~/ud.~Limpieza y hogar >~Lejía y líquidos fuertes~https://tienda.mercadona.es/product/43813/amoniaco-muy-fuerte-bosque-verde-con-detergente-botella~43813~2023-03-12 07:10:59.993440
Sosa cáustica Bosque Verde~Botella~1 kg~| 3,45 €/kg~3.45~/ud.~Limpieza y hogar >~Lejía y líquidos fuertes~https://tienda.mercadona.es/product/23412/sosa-caustica-bosque-verde-botella~23412~2023-03-12 07:11:00.506927
Limpiador de Tuberías Bosque Verde~Botella~1 L~| 3,80 €/L~3.8~/ud.~Limpieza y hogar >~Lejía y líquidos fuertes~https://tienda.mercadona.es/product/43806/limpiador-tuberias-bosque-verde-botella~43806~2023-03-12 07:11:01.072951
Limpiador fosas sépticas Bosque Verde bolsitas solubles~Caja~12 bolsitas (300 g)~| 20,834 €/kg~6.25~/ud.~Limpieza y hogar >~Lejía y líquidos fuertes~https://tienda.mercadona.es/product/23415/limpiador-fosas-septicas-bosque-verde-bolsitas-solubles-caja~23415~2023-03-12 07:11:01.587750
Cloro rápido granulado para piscina~Bote~500 g~| 16,00 €/kg~8.0~/ud.~Limpieza y hogar >~Lejía y líquidos fuertes~https://tienda.mercadona.es/product/80308/cloro-rapido-granulado-piscina-bote~80308~2023-03-12 07:11:02.051208
Antialgas líquido Bosque Verde para piscina~Garrafa~5 L~| 2,00 €/L~10.0~/ud.~Limpieza y hogar >~Lejía y líquidos fuertes~https://tienda.mercadona.es/product/90309/antialgas-liquido-bosque-verde-piscina-garrafa~90309~2023-03-12 07:11:02.495235
Cloro rápido granulado para piscina~Bote~5 kg~| 7,00 €/kg~35.0~/ud.~Limpieza y hogar >~Lejía y líquidos fuertes~https://tienda.mercadona.es/product/80320/cloro-rapido-granulado-piscina-bote~80320~2023-03-12 07:11:02.943860
Eliminador de turbidez líquido Bosque Verde para piscina~Garrafa~5 L~| 2,60 €/L~13.0~/ud.~Limpieza y hogar >~Lejía y líquidos fuertes~https://tienda.mercadona.es/product/90303/eliminador-turbidez-liquido-bosque-verde-piscina-garrafa~90303~2023-03-12 07:11:03.384011
Reductor de pH Bosque Verde para piscina~Garrafa~5 L~| 1,80 €/L~9.0~/ud.~Limpieza y hogar >~Lejía y líquidos fuertes~https://tienda.mercadona.es/product/90326/reductor-ph-bosque-verde-piscina-garrafa~90326~2023-03-12 07:11:03.859260
Mantenimiento de invierno Bosque Verde para piscina~Garrafa~5 L~| 3,60 €/L~18.0~/ud.~Limpieza y hogar >~Lejía y líquidos fuertes~https://tienda.mercadona.es/product/90319/mantenimiento-invierno-bosque-verde-piscina-garrafa~90319~2023-03-12 07:11:04.305194
Incrementador de pH para piscina~Bote~1,5 kg~| 3,00 €/kg~4.5~/ud.~Limpieza y hogar >~Lejía y líquidos fuertes~https://tienda.mercadona.es/product/80313/incrementador-ph-piscina-bote~80313~2023-03-12 07:11:04.750235
Kit minipiscinas compuesto por alguicida líquido y disolución rápida~Caja~1 ud.~| 15,00 €/ud~15.0~/ud.~Limpieza y hogar >~Lejía y líquidos fuertes~https://tienda.mercadona.es/product/80317/kit-minipiscinas-compuesto-alguicida-liquido-disolucion-rapida-caja~80317~2023-03-12 07:11:05.202299
Cloro disolución lenta tabletas para piscina~Bote~5 kg~| 6,00 €/kg~30.0~/ud.~Limpieza y hogar >~Lejía y líquidos fuertes~https://tienda.mercadona.es/product/23413/cloro-disolucion-lenta-tabletas-piscina-bote~23413~2023-03-12 07:11:05.652435
Cloro 5 acciones disolución lenta tabletas para piscina~Bote~5 kg~| 6,00 €/kg~30.0~/ud.~Limpieza y hogar >~Lejía y líquidos fuertes~https://tienda.mercadona.es/product/23414/cloro-5-acciones-disolucion-lenta-tabletas-piscina-bote~23414~2023-03-12 07:11:06.113773
Limpiacristales y multiusos Bosque Verde con pistola~Botella~1 L~| 1,20 €/L~1.2~/ud.~Limpieza y hogar >~Limpiacristales~https://tienda.mercadona.es/product/43218/limpiacristales-multiusos-bosque-verde-con-pistola-botella~43218~2023-03-12 07:12:09.434557
Toallitas Limpiagafas Bosque Verde monodosis perfumadas~Caja~32 ud.~| 0,05 €/ud~1.6~/ud.~Limpieza y hogar >~Limpiacristales~https://tienda.mercadona.es/product/43088/toallitas-limpiagafas-bosque-verde-monodosis-perfumadas-caja~43088~2023-03-12 07:12:09.938965
Toallitas limpiadoras de Cristales y Espejos Bosque Verde~Paquete~30 ud.~| 0,042 €/ud~1.25~/ud.~Limpieza y hogar >~Limpiacristales~https://tienda.mercadona.es/product/43223/toallitas-limpiadoras-cristales-espejos-bosque-verde-paquete~43223~2023-03-12 07:12:10.385835
Lavaparabrisas Bosque Verde~Botella~2 L~| 1,275 €/L~2.55~/ud.~Limpieza y hogar >~Limpiacristales~https://tienda.mercadona.es/product/43204/lavaparabrisas-bosque-verde-botella~43204~2023-03-12 07:12:10.812314
Limpiacristales Bosque Verde~Spray~400 ml~| 4,50 €/L~1.8~/ud.~Limpieza y hogar >~Limpiacristales~https://tienda.mercadona.es/product/73207/limpiacristales-bosque-verde-spray~73207~2023-03-12 07:12:11.252769
Limpiador Cristales de Chimenea Bosque Verde con pistola~Botella~750 ml~| 4,734 €/L~3.55~/ud.~Limpieza y hogar >~Limpiacristales~https://tienda.mercadona.es/product/44232/limpiador-cristales-chimenea-bosque-verde-con-pistola-botella~44232~2023-03-12 07:12:11.701613
Limpiagafas Spray con gamuza Bosque Verde~Spray~15 ml~| 2,25 €/ud~2.25~/ud.~Limpieza y hogar >~Limpiacristales~https://tienda.mercadona.es/product/67951/limpiagafas-spray-con-gamuza-bosque-verde-spray~67951~2023-03-12 07:12:12.147445
Friegasuelos Pino Bosque Verde líquido~Botella~1,5 L~| 0,634 €/L~0.95~/ud.~Limpieza y hogar >~Limpiahogar y friegasuelos~https://tienda.mercadona.es/product/43347/friegasuelos-pino-bosque-verde-liquido-botella~43347~2023-03-12 07:13:17.018803
Friegasuelos Spa Bosque Verde líquido~Botella~1,5 L~| 0,634 €/L~0.95~/ud.~Limpieza y hogar >~Limpiahogar y friegasuelos~https://tienda.mercadona.es/product/43320/friegasuelos-spa-bosque-verde-liquido-botella~43320~2023-03-12 07:13:17.560994
Friegasuelos Classic Bosque Verde concentrado perfume intenso y duradero~Botella~1 L~| 1,70 €/L~1.7~/ud.~Limpieza y hogar >~Limpiahogar y friegasuelos~https://tienda.mercadona.es/product/44300/friegasuelos-classic-bosque-verde-concentrado-perfume-intenso-duradero-botella~44300~2023-03-12 07:13:18.045946
Friegasuelos Flor de Cerezo Bosque Verde líquido~Botella~1,5 L~| 0,634 €/L~0.95~/ud.~Limpieza y hogar >~Limpiahogar y friegasuelos~https://tienda.mercadona.es/product/43307/friegasuelos-flor-cerezo-bosque-verde-liquido-botella~43307~2023-03-12 07:13:18.530878
Friegasuelos Pétalos Bosque Verde concentrado perfume intenso y duradero~Botella~1 L~| 1,70 €/L~1.7~/ud.~Limpieza y hogar >~Limpiahogar y friegasuelos~https://tienda.mercadona.es/product/44301/friegasuelos-petalos-bosque-verde-concentrado-perfume-intenso-duradero-botella~44301~2023-03-12 07:13:19.030433
Friegasuelos Lavanda Bosque Verde líquido~Botella~1,5 L~| 0,634 €/L~0.95~/ud.~Limpieza y hogar >~Limpiahogar y friegasuelos~https://tienda.mercadona.es/product/15862/friegasuelos-lavanda-bosque-verde-liquido-botella~15862~2023-03-12 07:13:19.524961
Abrillantador suelos Bosque Verde de terrazo, mármol, gres, parquet y linóleum~Botella~1 L~| 2,10 €/L~2.1~/ud.~Limpieza y hogar >~Limpiahogar y friegasuelos~https://tienda.mercadona.es/product/43375/abrillantador-suelos-bosque-verde-terrazo-marmol-gres-parquet-linoleum-botella~43375~2023-03-12 07:13:20.127450
Friegasuelos Insecticida Krisul líquido~Botella~1 L~| 2,35 €/L~2.35~/ud.~Limpieza y hogar >~Limpiahogar y friegasuelos~https://tienda.mercadona.es/product/43070/friegasuelos-insecticida-krisul-liquido-botella~43070~2023-03-12 07:13:20.614773
Renovador suelos Bosque Verde de terrazo, mármol, gres, parquet y linóleum~Botella~1,5 L~| 1,367 €/L~2.05~/ud.~Limpieza y hogar >~Limpiahogar y friegasuelos~https://tienda.mercadona.es/product/43314/renovador-suelos-bosque-verde-terrazo-marmol-gres-parquet-linoleum-botella~43314~2023-03-12 07:13:21.110317
Toallitas limpiadoras de suelo Bosque Verde~Paquete~20 ud.~| 0,08 €/ud~1.6~/ud.~Limpieza y hogar >~Limpiahogar y friegasuelos~https://tienda.mercadona.es/product/71527/toallitas-limpiadoras-suelo-bosque-verde-paquete~71527~2023-03-12 07:13:21.596402
Cera suelos Bosque Verde~Botella~1 L~| 2,30 €/L~2.3~/ud.~Limpieza y hogar >~Limpiahogar y friegasuelos~https://tienda.mercadona.es/product/43614/cera-suelos-bosque-verde-botella~43614~2023-03-12 07:13:22.115817
Cera suelos Bosque Verde parquet y laminados~Botella~1 L~| 3,60 €/L~3.6~/ud.~Limpieza y hogar >~Limpiahogar y friegasuelos~https://tienda.mercadona.es/product/43621/cera-suelos-bosque-verde-parquet-laminados-botella~43621~2023-03-12 07:13:22.605481
Limpiahogar Aloe Vera Bosque Verde concentrado~Botella~1,5 L~| 1,434 €/L~2.15~/ud.~Limpieza y hogar >~Limpiahogar y friegasuelos~https://tienda.mercadona.es/product/43315/limpiahogar-aloe-vera-bosque-verde-concentrado-botella~43315~2023-03-12 07:13:23.104842
Limpiador Las 3 Brujas concentrado para mármol, granito y cerámica~Botella~1,18 L~| 2,639 €/L~3.1~/ud.~Limpieza y hogar >~Limpiahogar y friegasuelos~https://tienda.mercadona.es/product/43044/limpiador-3-brujas-concentrado-marmol-granito-ceramica-botella~43044~2023-03-12 07:13:23.652174
Limpiahogar PH Neutro Bosque Verde delicado para mármol, parquet y cerámica~Botella~1,5 L~| 1,034 €/L~1.55~/ud.~Limpieza y hogar >~Limpiahogar y friegasuelos~https://tienda.mercadona.es/product/43329/limpiahogar-ph-neutro-bosque-verde-delicado-marmol-parquet-ceramica-botella~43329~2023-03-12 07:13:24.110716
Limpiahogar Multiusos Pino Bosque Verde líquido con alcohol~Botella~1,5 L~| 1,10 €/L~1.65~/ud.~Limpieza y hogar >~Limpiahogar y friegasuelos~https://tienda.mercadona.es/product/42204/limpiahogar-multiusos-pino-bosque-verde-liquido-con-alcohol-botella~42204~2023-03-12 07:13:24.600421
Limpiahogar con lejía Bosque Verde en gel~Botella~1,5 L~| 1,267 €/L~1.9~/ud.~Limpieza y hogar >~Limpiahogar y friegasuelos~https://tienda.mercadona.es/product/43301/limpiahogar-con-lejia-bosque-verde-gel-botella~43301~2023-03-12 07:13:25.091465
Limpiahogar Oxi Active Bosque Verde sin lejía~Botella~1 L~| 1,35 €/L~1.35~/ud.~Limpieza y hogar >~Limpiahogar y friegasuelos~https://tienda.mercadona.es/product/43338/limpiahogar-oxi-active-bosque-verde-sin-lejia-botella~43338~2023-03-12 07:13:25.585134
Limpiahogar Brillo Bosque Verde~Botella~1 L~| 2,35 €/L~2.35~/ud.~Limpieza y hogar >~Limpiahogar y friegasuelos~https://tienda.mercadona.es/product/43341/limpiahogar-brillo-bosque-verde-botella~43341~2023-03-12 07:13:26.076831
Multiusos Desinfectante antibacterias Bosque Verde sin lejía con pistola~Botella~750 ml~| 2,60 €/L~1.95~/ud.~Limpieza y hogar >~Limpiahogar y friegasuelos~https://tienda.mercadona.es/product/44019/multiusos-desinfectante-antibacterias-bosque-verde-sin-lejia-con-pistola-botella~44019~2023-03-12 07:13:26.582973
Limpiahogar desinfectante La Salud sin lejía~Botella~1,5 L~| 1,534 €/L~2.3~/ud.~Limpieza y hogar >~Limpiahogar y friegasuelos~https://tienda.mercadona.es/product/43108/limpiahogar-desinfectante-salud-sin-lejia-botella~43108~2023-03-12 07:13:27.058532
70% Alcohol limpieza hogar Bosque Verde perfumado~Spray~400 ml~| 4,50 €/L~1.8~/ud.~Limpieza y hogar >~Limpiahogar y friegasuelos~https://tienda.mercadona.es/product/77163/70-alcohol-limpieza-hogar-bosque-verde-perfumado-spray~77163~2023-03-12 07:13:27.556740
70% Alcohol limpieza hogar Bosque Verde perfumado con pistola~Botella~750 ml~| 3,467 €/L~2.6~/ud.~Limpieza y hogar >~Limpiahogar y friegasuelos~https://tienda.mercadona.es/product/43112/70-alcohol-limpieza-hogar-bosque-verde-perfumado-con-pistola-botella~43112~2023-03-12 07:13:28.046433
Limpiador WC con lejía Bosque Verde en gel~Botella~1 L~| 1,00 €/L~1.0~/ud.~Limpieza y hogar >~Limpieza baño y WC~https://tienda.mercadona.es/product/43113/limpiador-wc-con-lejia-bosque-verde-gel-botella~43113~2023-03-12 07:19:46.826420
Limpiador Baños Bosque Verde en gel~Botella~1,5 L~| 1,00 €/L~1.5~/ud.~Limpieza y hogar >~Limpieza baño y WC~https://tienda.mercadona.es/product/43496/limpiador-banos-bosque-verde-gel-botella~43496~2023-03-12 07:19:47.325247
Colgador WC Azul perfume marino Bosque Verde triple acción~Paquete~2 ud. (80 g)~| 16,25 €/kg~1.3~/ud.~Limpieza y hogar >~Limpieza baño y WC~https://tienda.mercadona.es/product/43474/colgador-wc-azul-perfume-marino-bosque-verde-triple-accion-paquete~43474~2023-03-12 07:19:47.806713
Limpiador WC Spa Bosque Verde en gel~Botella~1 L~| 1,05 €/L~1.05~/ud.~Limpieza y hogar >~Limpieza baño y WC~https://tienda.mercadona.es/product/43420/limpiador-wc-spa-bosque-verde-gel-botella~43420~2023-03-12 07:19:48.246802
Limpiador Antical Bosque Verde con pistola~Botella~750 ml~| 2,20 €/L~1.65~/ud.~Limpieza y hogar >~Limpieza baño y WC~https://tienda.mercadona.es/product/43025/limpiador-antical-bosque-verde-con-pistola-botella~43025~2023-03-12 07:19:48.729086
Colgador WC Azul efecto lejía Bosque Verde triple acción~Paquete~2 ud. (80 g)~| 17,50 €/kg~1.4~/ud.~Limpieza y hogar >~Limpieza baño y WC~https://tienda.mercadona.es/product/43484/colgador-wc-azul-efecto-lejia-bosque-verde-triple-accion-paquete~43484~2023-03-12 07:19:49.269684
Limpiador WC Flor de Cerezo Bosque Verde en gel~Botella~1 L~| 1,05 €/L~1.05~/ud.~Limpieza y hogar >~Limpieza baño y WC~https://tienda.mercadona.es/product/42203/limpiador-wc-flor-cerezo-bosque-verde-gel-botella~42203~2023-03-12 07:19:49.761446
Limpiador Baños desinfectante Bosque Verde con pistola~Botella~750 ml~| 2,067 €/L~1.55~/ud.~Limpieza y hogar >~Limpieza baño y WC~https://tienda.mercadona.es/product/43089/limpiador-banos-desinfectante-bosque-verde-con-pistola-botella~43089~2023-03-12 07:19:50.244074
Toallitas limpiadoras de baños Bosque Verde~Paquete~50 ud.~| 0,026 €/ud~1.3~/ud.~Limpieza y hogar >~Limpieza baño y WC~https://tienda.mercadona.es/product/43482/toallitas-limpiadoras-banos-bosque-verde-paquete~43482~2023-03-12 07:19:50.721592
Limpiador WC Desincrustante Bosque Verde en gel~Botella~1 L~| 1,65 €/L~1.65~/ud.~Limpieza y hogar >~Limpieza baño y WC~https://tienda.mercadona.es/product/43028/limpiador-wc-desincrustante-bosque-verde-gel-botella~43028~2023-03-12 07:19:51.191927
Colgador WC Maxigotas Limón Bosque Verde~Paquete~2 ud. (80 g)~| 16,25 €/kg~1.3~/ud.~Limpieza y hogar >~Limpieza baño y WC~https://tienda.mercadona.es/product/43056/colgador-wc-maxigotas-limon-bosque-verde-paquete~43056~2023-03-12 07:19:51.693370
Colgador WC Maxigotas Pino Bosque Verde~Paquete~2 ud. (80 ml)~| 16,25 €/kg~1.3~/ud.~Limpieza y hogar >~Limpieza baño y WC~https://tienda.mercadona.es/product/43055/colgador-wc-maxigotas-pino-bosque-verde-paquete~43055~2023-03-12 07:19:52.162636
Colgador WC Power Activ Pino Bref~Paquete~50 g~| 33,00 €/kg~1.65~/ud.~Limpieza y hogar >~Limpieza baño y WC~https://tienda.mercadona.es/product/43045/colgador-wc-power-activ-pino-bref-paquete~43045~2023-03-12 07:19:52.645217
Limpiador Potente Bosque Verde con pistola~Botella~750 ml~| 2,20 €/L~1.65~/ud.~Limpieza y hogar >~Limpieza baño y WC~https://tienda.mercadona.es/product/43820/limpiador-potente-bosque-verde-con-pistola-botella~43820~2023-03-12 07:19:53.135821
Limpiador Ducha Bosque Verde con pistola~Botella~1 L~| 2,20 €/L~2.2~/ud.~Limpieza y hogar >~Limpieza baño y WC~https://tienda.mercadona.es/product/43421/limpiador-ducha-bosque-verde-con-pistola-botella~43421~2023-03-12 07:19:53.663095
Pastillas cisterna Efecto Antical Bosque Verde~Paquete~4 ud. (200 g)~| 6,50 €/kg~1.3~/ud.~Limpieza y hogar >~Limpieza baño y WC~https://tienda.mercadona.es/product/43507/pastillas-cisterna-efecto-antical-bosque-verde-paquete~43507~2023-03-12 07:19:54.156235
Limpiador WC Polvo Activo Bosque Verde~Caja~4 ud. (240 g)~| 7,917 €/kg~1.9~/ud.~Limpieza y hogar >~Limpieza baño y WC~https://tienda.mercadona.es/product/43047/limpiador-wc-polvo-activo-bosque-verde-caja~43047~2023-03-12 07:19:54.640471
Limpiador Cal y Suciedad Cillit Bang con pistola~Botella~1 L~| 3,90 €/L~3.9~/ud.~Limpieza y hogar >~Limpieza baño y WC~https://tienda.mercadona.es/product/23549/limpiador-cal-suciedad-cillit-bang-con-pistola-botella~23549~2023-03-12 07:19:55.120861
Tabletas cisterna Efecto Lejía Bosque Verde~Paquete~4 ud. (200 g)~| 7,00 €/kg~1.4~/ud.~Limpieza y hogar >~Limpieza baño y WC~https://tienda.mercadona.es/product/43508/tabletas-cisterna-efecto-lejia-bosque-verde-paquete~43508~2023-03-12 07:19:55.596965
Colgador WC Power Activ Limón Bref~Paquete~50 g~| 33,00 €/kg~1.65~/ud.~Limpieza y hogar >~Limpieza baño y WC~https://tienda.mercadona.es/product/43504/colgador-wc-power-activ-limon-bref-paquete~43504~2023-03-12 07:19:56.090997
Quitagrasas Bosque Verde perfume Marsella con pistola~Botella~750 ml~| 1,934 €/L~1.45~/ud.~Limpieza y hogar >~Limpieza cocina~https://tienda.mercadona.es/product/43914/quitagrasas-bosque-verde-perfume-marsella-con-pistola-botella~43914~2023-03-12 07:20:50.319495
Quitagrasas sin espuma Bosque Verde perfume limón con pistola~Botella~750 ml~| 2,00 €/L~1.5~/ud.~Limpieza y hogar >~Limpieza cocina~https://tienda.mercadona.es/product/43906/quitagrasas-sin-espuma-bosque-verde-perfume-limon-con-pistola-botella~43906~2023-03-12 07:20:50.843930
Quitagrasas KH-7 con pistola~Botella~780 ml~| 4,744 €/L~3.7~/ud.~Limpieza y hogar >~Limpieza cocina~https://tienda.mercadona.es/product/23801/quitagrasas-kh-7-con-pistola-botella~23801~2023-03-12 07:20:51.262996
Toallitas limpiadoras desengrasantes de Cocina Bosque Verde~Paquete~50 ud.~| 0,026 €/ud~1.3~/ud.~Limpieza y hogar >~Limpieza cocina~https://tienda.mercadona.es/product/43935/toallitas-limpiadoras-desengrasantes-cocina-bosque-verde-paquete~43935~2023-03-12 07:20:51.677820
Limpiador de Hornos Bosque Verde~Spray~300 ml~| 4,334 €/L~1.3~/ud.~Limpieza y hogar >~Limpieza cocina~https://tienda.mercadona.es/product/44210/limpiador-hornos-bosque-verde-spray~44210~2023-03-12 07:20:52.105736
Limpiador Vitrocerámicas Bosque Verde 3 en 1~Botella~500 ml~| 4,00 €/L~2.0~/ud.~Limpieza y hogar >~Limpieza cocina~https://tienda.mercadona.es/product/44000/limpiador-vitroceramicas-bosque-verde-3-1-botella~44000~2023-03-12 07:20:52.616661
Limpiador Placas de Inducción Bosque Verde líquido 3 en 1 con pistola~Botella~500 ml~| 3,60 €/L~1.8~/ud.~Limpieza y hogar >~Limpieza cocina~https://tienda.mercadona.es/product/44215/limpiador-placas-induccion-bosque-verde-liquido-3-1-con-pistola-botella~44215~2023-03-12 07:20:53.082225
Crema limpiadora Vitrocerámicas Vitroclen 5 en 1~Botella~420 ml~| 11,667 €/L~4.9~/ud.~Limpieza y hogar >~Limpieza cocina~https://tienda.mercadona.es/product/13633/crema-limpiadora-vitroceramicas-vitroclen-5-1-botella~13633~2023-03-12 07:20:53.504575
Aceite abrillantador Inox y Aluminio Bosque Verde con pistola~Botella~500 ml~| 7,60 €/L~3.8~/ud.~Limpieza y hogar >~Limpieza cocina~https://tienda.mercadona.es/product/43032/aceite-abrillantador-inox-aluminio-bosque-verde-con-pistola-botella~43032~2023-03-12 07:20:53.924024
Rasqueta Vitrocerámicas Bosque Verde con cierre de seguridad~Paquete~1 ud.~| 3,20 €/ud~3.2~/ud.~Limpieza y hogar >~Limpieza cocina~https://tienda.mercadona.es/product/44264/rasqueta-vitroceramicas-bosque-verde-con-cierre-seguridad-paquete~44264~2023-03-12 07:20:54.340582
Recambio rasqueta Vitrocerámicas Bosque Verde~Paquete~5 ud.~| 0,48 €/ud~2.4~/ud.~Limpieza y hogar >~Limpieza cocina~https://tienda.mercadona.es/product/44265/recambio-rasqueta-vitroceramicas-bosque-verde-paquete~44265~2023-03-12 07:20:54.765738
Limpiador Muebles jabonoso para Madera Bosque Verde~Botella~1 L~| 1,55 €/L~1.55~/ud.~Limpieza y hogar >~Limpieza muebles y multiusos~https://tienda.mercadona.es/product/44110/limpiador-muebles-jabonoso-madera-bosque-verde-botella~44110~2023-03-12 07:21:53.789337
Limpiador de Muebles Bosque Verde~Spray~400 ml~| 3,625 €/L~1.45~/ud.~Limpieza y hogar >~Limpieza muebles y multiusos~https://tienda.mercadona.es/product/44125/limpiador-muebles-bosque-verde-spray~44125~2023-03-12 07:21:54.316162
Toallitas limpiadoras de Muebles Bosque Verde~Paquete~30 ud.~| 0,045 €/ud~1.35~/ud.~Limpieza y hogar >~Limpieza muebles y multiusos~https://tienda.mercadona.es/product/44127/toallitas-limpiadoras-muebles-bosque-verde-paquete~44127~2023-03-12 07:21:54.829066
Limpiador de Muebles Classic Pronto~Spray~250 ml~| 11,60 €/L~2.9~/ud.~Limpieza y hogar >~Limpieza muebles y multiusos~https://tienda.mercadona.es/product/35663/limpiador-muebles-classic-pronto-spray~35663~2023-03-12 07:21:55.295167
Limpiador de Muebles y Parquet Bosque Verde con pistola~Botella~750 ml~| 2,667 €/L~2.0~/ud.~Limpieza y hogar >~Limpieza muebles y multiusos~https://tienda.mercadona.es/product/44116/limpiador-muebles-parquet-bosque-verde-con-pistola-botella~44116~2023-03-12 07:21:55.794353
Limpia Tapicerías y Alfombras con espuma activa Bosque Verde con pistola~Botella~750 ml~| 2,334 €/L~1.75~/ud.~Limpieza y hogar >~Limpieza muebles y multiusos~https://tienda.mercadona.es/product/44303/limpia-tapicerias-alfombras-con-espuma-activa-bosque-verde-con-pistola-botella~44303~2023-03-12 07:21:56.290676
Abrillantador de Muebles con aceites nutrientes Bosque Verde con pistola~Botella~500 ml~| 7,50 €/L~3.75~/ud.~Limpieza y hogar >~Limpieza muebles y multiusos~https://tienda.mercadona.es/product/44108/abrillantador-muebles-con-aceites-nutrientes-bosque-verde-con-pistola-botella~44108~2023-03-12 07:21:56.779407
Vinagre de Limpieza Bosque Verde concentrado~Botella~1 L~| 0,90 €/L~0.9~/ud.~Limpieza y hogar >~Limpieza muebles y multiusos~https://tienda.mercadona.es/product/49402/vinagre-limpieza-bosque-verde-concentrado-botella~49402~2023-03-12 07:21:57.211996
Multiusos Perfumado Bosque Verde con alcohol con pistola~Botella~1 L~| 1,30 €/L~1.3~/ud.~Limpieza y hogar >~Limpieza muebles y multiusos~https://tienda.mercadona.es/product/44138/multiusos-perfumado-bosque-verde-con-alcohol-con-pistola-botella~44138~2023-03-12 07:21:57.681619
70% Alcohol de Limpieza Perfumado Bosque Verde~Botella~1 L~| 2,40 €/L~2.4~/ud.~Limpieza y hogar >~Limpieza muebles y multiusos~https://tienda.mercadona.es/product/43861/70-alcohol-limpieza-perfumado-bosque-verde-botella~43861~2023-03-12 07:21:58.240017
Multiusos Desinfectante antibacterias Bosque Verde sin lejía con pistola~Botella~750 ml~| 2,60 €/L~1.95~/ud.~Limpieza y hogar >~Limpiahogar y friegasuelos~https://tienda.mercadona.es/product/44019/multiusos-desinfectante-antibacterias-bosque-verde-sin-lejia-con-pistola-botella~44019~2023-03-12 07:21:58.742172
Multiusos pH Neutro Las 3 Brujas con pistola~Botella~750 ml~| 3,40 €/L~2.55~/ud.~Limpieza y hogar >~Limpieza muebles y multiusos~https://tienda.mercadona.es/product/44001/multiusos-ph-neutro-3-brujas-con-pistola-botella~44001~2023-03-12 07:21:59.228813
Limpia Mopas Bosque Verde~Spray~750 ml~| 3,734 €/L~2.8~/ud.~Limpieza y hogar >~Limpieza muebles y multiusos~https://tienda.mercadona.es/product/44310/limpia-mopas-bosque-verde-spray~44310~2023-03-12 07:21:59.736734
Blanqueador de Juntas Bosque Verde con aplicador de esponja~Botella~250 ml~| 11,00 €/L~2.75~/ud.~Limpieza y hogar >~Limpieza muebles y multiusos~https://tienda.mercadona.es/product/43923/blanqueador-juntas-bosque-verde-con-aplicador-esponja-botella~43923~2023-03-12 07:22:00.284337
Limpiador de Mopas Bosque Verde con pistola~Botella~750 ml~| 4,934 €/L~3.7~/ud.~Limpieza y hogar >~Limpieza muebles y multiusos~https://tienda.mercadona.es/product/44304/limpiador-mopas-bosque-verde-con-pistola-botella~44304~2023-03-12 07:22:00.785260
Limpia Salpicaderos Bosque Verde~Spray~200 ml~| 7,50 €/L~1.5~/ud.~Limpieza y hogar >~Limpieza muebles y multiusos~https://tienda.mercadona.es/product/90539/limpia-salpicaderos-bosque-verde-spray~90539~2023-03-12 07:22:01.283190
Desincrustante de Cementos y Limpiajuntas Bosque Verde 2 en 1~Botella~750 ml~| 5,067 €/L~3.8~/ud.~Limpieza y hogar >~Limpieza muebles y multiusos~https://tienda.mercadona.es/product/43931/desincrustante-cementos-limpiajuntas-bosque-verde-2-1-botella~43931~2023-03-12 07:22:01.787117
Algodón mágico Aladdin~Bote~75 g~| 50,667 €/kg~3.8~/ud.~Limpieza y hogar >~Limpieza muebles y multiusos~https://tienda.mercadona.es/product/43705/algodon-magico-aladdin-bote~43705~2023-03-12 07:22:02.267178
Renovador de Juntas Bosque Verde~Tubo~200 ml~| 16,50 €/L~3.3~/ud.~Limpieza y hogar >~Limpieza muebles y multiusos~https://tienda.mercadona.es/product/43928/renovador-juntas-bosque-verde-tubo~43928~2023-03-12 07:22:02.766153
Limpiador de Pantallas Bosque Verde~Spray~140 ml~| 24,286 €/L~3.4~/ud.~Limpieza y hogar >~Limpieza muebles y multiusos~https://tienda.mercadona.es/product/44115/limpiador-pantallas-bosque-verde-spray~44115~2023-03-12 07:22:03.309015
Aceite multiusos Bosque Verde~Spray~200 ml~| 9,75 €/L~1.95~/ud.~Limpieza y hogar >~Limpieza muebles y multiusos~https://tienda.mercadona.es/product/90404/aceite-multiusos-bosque-verde-spray~90404~2023-03-12 07:22:03.772405
Toallitas Multiusos desinfectantes Bosque Verde~Paquete~24 ud.~| 0,044 €/ud~1.05~/ud.~Limpieza y hogar >~Limpieza muebles y multiusos~https://tienda.mercadona.es/product/79706/toallitas-multiusos-desinfectantes-bosque-verde-paquete~79706~2023-03-12 07:22:04.259828
70% Alcohol limpieza hogar Bosque Verde perfumado~Spray~400 ml~| 4,50 €/L~1.8~/ud.~Limpieza y hogar >~Limpiahogar y friegasuelos~https://tienda.mercadona.es/product/77163/70-alcohol-limpieza-hogar-bosque-verde-perfumado-spray~77163~2023-03-12 07:22:04.759940
70% Alcohol limpieza hogar Bosque Verde perfumado con pistola~Botella~750 ml~| 3,467 €/L~2.6~/ud.~Limpieza y hogar >~Limpiahogar y friegasuelos~https://tienda.mercadona.es/product/43112/70-alcohol-limpieza-hogar-bosque-verde-perfumado-con-pistola-botella~43112~2023-03-12 07:22:05.259957
Lavavajillas Ultra concentrado Bosque Verde lavado a mano~Botella~1,3 L~| 1,50 €/L~1.95~/ud.~Limpieza y hogar >~Limpieza vajilla~https://tienda.mercadona.es/product/35998/lavavajillas-ultra-concentrado-bosque-verde-lavado-mano-botella~35998~2023-03-12 07:23:04.455364
Lavavajillas Ultra concentrado Bosque Verde lavado a mano~Botella~600 ml~| 1,834 €/L~1.1~/ud.~Limpieza y hogar >~Limpieza vajilla~https://tienda.mercadona.es/product/35997/lavavajillas-ultra-concentrado-bosque-verde-lavado-mano-botella~35997~2023-03-12 07:23:04.958514
Lavavajillas a mano Bosque Verde~Botella~1,3 L~| 0,924 €/L~1.2~/ud.~Limpieza y hogar >~Limpieza vajilla~https://tienda.mercadona.es/product/42441/lavavajillas-mano-bosque-verde-botella~42441~2023-03-12 07:23:05.467597
Lavavajillas Aloe Bosque Verde concentrado lavado a mano~Botella~1 L~| 1,90 €/L~1.9~/ud.~Limpieza y hogar >~Limpieza vajilla~https://tienda.mercadona.es/product/13644/lavavajillas-aloe-bosque-verde-concentrado-lavado-mano-botella~13644~2023-03-12 07:23:05.929069
Lavavajillas Aloe Vera y Pepino Fairy líquido lavado a mano~Botella~520 ml~| 4,712 €/L~2.45~/ud.~Limpieza y hogar >~Limpieza vajilla~https://tienda.mercadona.es/product/42130/lavavajillas-aloe-vera-pepino-fairy-liquido-lavado-mano-botella~42130~2023-03-12 07:23:06.414908
Lavavajillas Ultra Original Fairy líquido lavado a mano~Botella~870 ml~| 4,368 €/L~3.8~/ud.~Limpieza y hogar >~Limpieza vajilla~https://tienda.mercadona.es/product/16805/lavavajillas-ultra-original-fairy-liquido-lavado-mano-botella~16805~2023-03-12 07:23:06.845441
Lavavajillas Todo en 1 Bosque Verde en pastillas lavado a máquina~Paquete~30 lavados (510 g)~| 6,079 €/kg~3.1~/ud.~Limpieza y hogar >~Limpieza vajilla~https://tienda.mercadona.es/product/42384/lavavajillas-1-bosque-verde-pastillas-lavado-maquina-paquete~42384~2023-03-12 07:23:07.261556
Sal lavavajillas Bosque Verde en grano~Paquete~3 kg~| 0,334 €/kg~1.0~/ud.~Limpieza y hogar >~Limpieza vajilla~https://tienda.mercadona.es/product/42512/sal-lavavajillas-bosque-verde-grano-paquete~42512~2023-03-12 07:23:07.739722
Abrillantador lavavajillas líquido Bosque Verde~Botella~750 ml~| 1,60 €/L~1.2~/ud.~Limpieza y hogar >~Limpieza vajilla~https://tienda.mercadona.es/product/42314/abrillantador-lavavajillas-liquido-bosque-verde-botella~42314~2023-03-12 07:23:08.222126
Lavavajillas Todo en 1 Fairy en pastillas lavado a máquina~Paquete~25 lavados (338 g)~| 13,61 €/kg~4.6~/ud.~Limpieza y hogar >~Limpieza vajilla~https://tienda.mercadona.es/product/42186/lavavajillas-1-fairy-pastillas-lavado-maquina-paquete~42186~2023-03-12 07:23:08.664112
Lavavajillas todo en 1 Bosque Verde en gel lavado a máquina~Botella~26 lavados (650 ml)~| 4,539 €/L~2.95~/ud.~Limpieza y hogar >~Limpieza vajilla~https://tienda.mercadona.es/product/42302/lavavajillas-1-bosque-verde-gel-lavado-maquina-botella~42302~2023-03-12 07:23:09.178257
Sal lavavajillas Bosque Verde en pastillas~Paquete~2 kg~| 0,775 €/kg~1.55~/ud.~Limpieza y hogar >~Limpieza vajilla~https://tienda.mercadona.es/product/41463/sal-lavavajillas-bosque-verde-pastillas-paquete~41463~2023-03-12 07:23:09.659790
Lavavajillas Classic Bosque Verde en pastillas lavado a máquina~Paquete~30 lavados (390 g)~| 6,026 €/kg~2.35~/ud.~Limpieza y hogar >~Limpieza vajilla~https://tienda.mercadona.es/product/42385/lavavajillas-classic-bosque-verde-pastillas-lavado-maquina-paquete~42385~2023-03-12 07:23:10.146237
Limpiamáquinas lavavajillas líquido Bosque Verde~Botella~250 ml~| 6,80 €/L~1.7~/ud.~Limpieza y hogar >~Limpieza vajilla~https://tienda.mercadona.es/product/42318/limpiamaquinas-lavavajillas-liquido-bosque-verde-botella~42318~2023-03-12 07:23:10.806977
Ambientador lavavajillas Limón Bosque Verde~Paquete~2 recambios~| 12,50 €/100 ml~1.5~/ud.~Limpieza y hogar >~Limpieza vajilla~https://tienda.mercadona.es/product/43058/ambientador-lavavajillas-limon-bosque-verde-paquete~43058~2023-03-12 07:23:11.303803
Limpiamáquinas lavavajillas Finish líquido~Botella~250 ml~| 15,00 €/L~3.75~/ud.~Limpieza y hogar >~Limpieza vajilla~https://tienda.mercadona.es/product/42371/limpiamaquinas-lavavajillas-finish-liquido-botella~42371~2023-03-12 07:23:11.793640
Abrillantador lavavajillas líquido Finish~Botella~400 ml~| 9,875 €/L~3.95~/ud.~Limpieza y hogar >~Limpieza vajilla~https://tienda.mercadona.es/product/86652/abrillantador-lavavajillas-liquido-finish-botella~86652~2023-03-12 07:23:12.277200
Lavavajillas frescor anti-olor Somat en gel duo lavado a máquina~Botella~38 lavados (684 ml)~| 9,138 €/L~6.25~/ud.~Limpieza y hogar >~Limpieza vajilla~https://tienda.mercadona.es/product/22928/lavavajillas-frescor-anti-olor-somat-gel-duo-lavado-maquina-botella~22928~2023-03-12 07:23:12.814649
Lavavajillas Quantum Max Finish en pastillas lavado a máquina~Paquete~25 lavados (260 g)~| 23,077 €/kg~6.0~/ud.~Limpieza y hogar >~Limpieza vajilla~https://tienda.mercadona.es/product/41312/lavavajillas-quantum-max-finish-pastillas-lavado-maquina-paquete~41312~2023-03-12 07:23:13.303057
Lavavajillas Power Essential Finish en pastillas lavado a máquina~Caja~26 lavados (416 g)~| 9,015 €/kg~3.75~/ud.~Limpieza y hogar >~Limpieza vajilla~https://tienda.mercadona.es/product/86653/lavavajillas-power-essential-finish-pastillas-lavado-maquina-caja~86653~2023-03-12 07:23:13.793206
Lavavajillas Power Essential Finish en gel lavado a máquina~Botella~28 lavados (560 ml)~| 7,59 €/L~4.25~/ud.~Limpieza y hogar >~Limpieza vajilla~https://tienda.mercadona.es/product/86886/lavavajillas-power-essential-finish-gel-lavado-maquina-botella~86886~2023-03-12 07:23:14.269401
Molde de Aluminio Cuadrado 2,7L Alibérico~Paquete~2 ud.~| 1,15 €/ud~2.3~/ud.~Limpieza y hogar >~Menaje y conservación de alimentos~https://tienda.mercadona.es/product/49867/molde-aluminio-cuadrado-27l-aliberico-paquete~49867~2023-03-12 07:35:01.958119
Recipiente de Plástico Rectangular 1,3L Bosque Verde~Paquete~4 ud.~| 0,60 €/ud~2.4~/ud.~Limpieza y hogar >~Menaje y conservación de alimentos~https://tienda.mercadona.es/product/48361/recipiente-plastico-rectangular-13l-bosque-verde-paquete~48361~2023-03-12 07:35:02.527904
Recipiente de Plástico Redondo 0,5L Bosque Verde con rosca~Paquete~3 ud.~| 0,717 €/ud~2.15~/ud.~Limpieza y hogar >~Menaje y conservación de alimentos~https://tienda.mercadona.es/product/48001/recipiente-plastico-redondo-05l-bosque-verde-con-rosca-paquete~48001~2023-03-12 07:35:03.028474
Recipiente de Plástico Cuadrado bajo 0,8L Bosque Verde~Paquete~5 ud.~| 0,45 €/ud~2.25~/ud.~Limpieza y hogar >~Menaje y conservación de alimentos~https://tienda.mercadona.es/product/48360/recipiente-plastico-cuadrado-bajo-08l-bosque-verde-paquete~48360~2023-03-12 07:35:03.522343
Recipiente de Plástico Redondo 1L Bosque Verde con rosca~Paquete~2 ud.~| 1,075 €/ud~2.15~/ud.~Limpieza y hogar >~Menaje y conservación de alimentos~https://tienda.mercadona.es/product/48009/recipiente-plastico-redondo-1l-bosque-verde-con-rosca-paquete~48009~2023-03-12 07:35:04.028990
Recipiente de Plástico Redondo 240 ml Bosque Verde con rosca~Paquete~3 ud.~| 0,70 €/ud~2.1~/ud.~Limpieza y hogar >~Menaje y conservación de alimentos~https://tienda.mercadona.es/product/48005/recipiente-plastico-redondo-240-ml-bosque-verde-con-rosca-paquete~48005~2023-03-12 07:35:04.567038
Molde de Aluminio Rectangular 0,5L Alibérico con tapa~Paquete~5 ud.~| 0,35 €/ud~1.75~/ud.~Limpieza y hogar >~Menaje y conservación de alimentos~https://tienda.mercadona.es/product/49837/molde-aluminio-rectangular-05l-aliberico-con-tapa-paquete~49837~2023-03-12 07:35:05.142254
Molde de Aluminio Redondo 1L Alibérico~Paquete~3 ud.~| 0,667 €/ud~2.0~/ud.~Limpieza y hogar >~Menaje y conservación de alimentos~https://tienda.mercadona.es/product/49869/molde-aluminio-redondo-1l-aliberico-paquete~49869~2023-03-12 07:35:05.691762
Recipiente de Plástico Redondo 3L Bosque Verde~Paquete~2 ud.~| 1,75 €/ud~3.5~/ud.~Limpieza y hogar >~Menaje y conservación de alimentos~https://tienda.mercadona.es/product/48304/recipiente-plastico-redondo-3l-bosque-verde-paquete~48304~2023-03-12 07:35:06.275890
Molde de Aluminio Rectangular 1,5L Alibérico con tapa~Paquete~3 ud.~| 1,067 €/ud~3.2~/ud.~Limpieza y hogar >~Menaje y conservación de alimentos~https://tienda.mercadona.es/product/49863/molde-aluminio-rectangular-15l-aliberico-con-tapa-paquete~49863~2023-03-12 07:35:06.868289
Molde de Aluminio Alibérico~Paquete~12 ud.~| 0,15 €/ud~1.8~/ud.~Limpieza y hogar >~Menaje y conservación de alimentos~https://tienda.mercadona.es/product/49823/molde-aluminio-aliberico-paquete~49823~2023-03-12 07:35:07.429118
Papel de Aluminio Bosque Verde~Caja~30 m~| 0,077 €/m~2.3~/ud.~Limpieza y hogar >~Menaje y conservación de alimentos~https://tienda.mercadona.es/product/49000/papel-aluminio-bosque-verde-caja~49000~2023-03-12 07:35:07.936105
Film Transparente Bosque Verde~Caja~80 m~| 0,02 €/m~1.6~/ud.~Limpieza y hogar >~Menaje y conservación de alimentos~https://tienda.mercadona.es/product/49072/film-transparente-bosque-verde-caja~49072~2023-03-12 07:35:08.493214
Film Resistente Bosque Verde~Caja~30 m~| 0,04 €/m~1.2~/ud.~Limpieza y hogar >~Menaje y conservación de alimentos~https://tienda.mercadona.es/product/49068/film-resistente-bosque-verde-caja~49068~2023-03-12 07:35:09.032740
Papel vegetal Bosque Verde 38 x 42 cm~Caja~30 hojas~| 0,057 €/ud~1.7~/ud.~Limpieza y hogar >~Menaje y conservación de alimentos~https://tienda.mercadona.es/product/23608/papel-vegetal-bosque-verde-38-x-42-cm-caja~23608~2023-03-12 07:35:09.628874
Bolsas Congelación medianas Bosque Verde 22 x 35 cm~Caja~40 bolsas~| 0,02 €/ud~0.8~/ud.~Limpieza y hogar >~Menaje y conservación de alimentos~https://tienda.mercadona.es/product/49224/bolsas-congelacion-medianas-bosque-verde-22-x-35-cm-caja~49224~2023-03-12 07:35:10.160051
Bolsas Zip Congelación medianas Bosque Verde 18 x 18,5 cm~Caja~20 bolsas~| 0,06 €/ud~1.2~/ud.~Limpieza y hogar >~Menaje y conservación de alimentos~https://tienda.mercadona.es/product/49073/bolsas-zip-congelacion-medianas-bosque-verde-18-x-185-cm-caja~49073~2023-03-12 07:35:10.665989
Bolsas Congelación grandes Bosque Verde 30 x 45 cm~Caja~30 bolsas~| 0,034 €/ud~1.0~/ud.~Limpieza y hogar >~Menaje y conservación de alimentos~https://tienda.mercadona.es/product/49154/bolsas-congelacion-grandes-bosque-verde-30-x-45-cm-caja~49154~2023-03-12 07:35:11.218851
Bolsas zip congelación grandes Bosque Verde 27 x 30,8 cm~Caja~15 bolsas~| 0,09 €/ud~1.35~/ud.~Limpieza y hogar >~Menaje y conservación de alimentos~https://tienda.mercadona.es/product/49074/bolsas-zip-congelacion-grandes-bosque-verde-27-x-308-cm-caja~49074~2023-03-12 07:35:11.777661
Bolsa isotérmica~1 ud.~| 1,80 €/ud~Not available~1.8~/ud.~Limpieza y hogar >~Menaje y conservación de alimentos~https://tienda.mercadona.es/product/15636/bolsa-isotermica~15636~2023-03-12 07:35:12.376497
Bolsa de rafia~1 ud.~| 0,65 €/ud~Not available~0.65~/ud.~Limpieza y hogar >~Menaje y conservación de alimentos~https://tienda.mercadona.es/product/2439/bolsa-rafia~2439~2023-03-12 07:35:12.864437
Bolsas reutilizables Bosque Verde~Paquete~4 ud.~| 0,30 €/ud~1.2~/ud.~Limpieza y hogar >~Menaje y conservación de alimentos~https://tienda.mercadona.es/product/15777/bolsas-reutilizables-bosque-verde-paquete~15777~2023-03-12 07:35:13.423303
Vasos grandes de plástico Bosque Verde reutilizables y multiusos 550 ml~Paquete~10 ud.~| 0,16 €/ud~1.6~/ud.~Limpieza y hogar >~Menaje y conservación de alimentos~https://tienda.mercadona.es/product/15968/vasos-grandes-plastico-bosque-verde-reutilizables-multiusos-550-ml-paquete~15968~2023-03-12 07:35:14.009527
Vaso mediano Bosque Verde apto para bebida caliente desechable 200 ml~Paquete~10 ud.~| 0,245 €/ud~2.45~/ud.~Limpieza y hogar >~Menaje y conservación de alimentos~https://tienda.mercadona.es/product/49326/vaso-mediano-bosque-verde-apto-bebida-caliente-desechable-200-ml-paquete~49326~2023-03-12 07:35:14.585880
Vaso pequeño Bosque Verde apto para bebida caliente desechable 100 ml~Paquete~20 ud.~| 0,068 €/ud~1.35~/ud.~Limpieza y hogar >~Menaje y conservación de alimentos~https://tienda.mercadona.es/product/67981/vaso-pequeno-bosque-verde-apto-bebida-caliente-desechable-100-ml-paquete~67981~2023-03-12 07:35:15.099676
Plato llano biodegradable Bosque Verde 22 cm~Paquete~15 ud.~| 0,107 €/ud~1.6~/ud.~Limpieza y hogar >~Menaje y conservación de alimentos~https://tienda.mercadona.es/product/23187/plato-llano-biodegradable-bosque-verde-22-cm-paquete~23187~2023-03-12 07:35:15.646756
Plato postre biodegradable Bosque Verde 17,5 cm~Paquete~15 ud.~| 0,097 €/ud~1.45~/ud.~Limpieza y hogar >~Menaje y conservación de alimentos~https://tienda.mercadona.es/product/23188/plato-postre-biodegradable-bosque-verde-175-cm-paquete~23188~2023-03-12 07:35:16.169113
Bol biodegradable Bosque Verde 400 ml~Paquete~15 ud.~| 0,14 €/ud~2.1~/ud.~Limpieza y hogar >~Menaje y conservación de alimentos~https://tienda.mercadona.es/product/23189/bol-biodegradable-bosque-verde-400-ml-paquete~23189~2023-03-12 07:35:16.694836
Cucharas de plástico Bosque Verde reutilizables~Paquete~15 ud.~| 0,104 €/ud~1.55~/ud.~Limpieza y hogar >~Menaje y conservación de alimentos~https://tienda.mercadona.es/product/13717/cucharas-plastico-bosque-verde-reutilizables-paquete~13717~2023-03-12 07:35:17.210346
Cucharas postre de plástico Bosque Verde reutilizables~Paquete~15 ud.~| 0,097 €/ud~1.45~/ud.~Limpieza y hogar >~Menaje y conservación de alimentos~https://tienda.mercadona.es/product/13719/cucharas-postre-plastico-bosque-verde-reutilizables-paquete~13719~2023-03-12 07:35:17.815593
Tenedores de plástico Bosque Verde reutilizables~Paquete~15 ud.~| 0,104 €/ud~1.55~/ud.~Limpieza y hogar >~Menaje y conservación de alimentos~https://tienda.mercadona.es/product/13716/tenedores-plastico-bosque-verde-reutilizables-paquete~13716~2023-03-12 07:35:18.534702
Cuchillos de plástico Bosque Verde reutilizables~Paquete~15 ud.~| 0,104 €/ud~1.55~/ud.~Limpieza y hogar >~Menaje y conservación de alimentos~https://tienda.mercadona.es/product/13718/cuchillos-plastico-bosque-verde-reutilizables-paquete~13718~2023-03-12 07:35:19.099548
Pajitas rectas reutilizables~Paquete~30 ud.~| 0,039 €/ud~1.15~/ud.~Limpieza y hogar >~Menaje y conservación de alimentos~https://tienda.mercadona.es/product/23516/pajitas-rectas-reutilizables-paquete~23516~2023-03-12 07:35:19.661592
Palillos redondos Bosque Verde~Bote~500 ud.~| 0,003 €/ud~1.25~/ud.~Limpieza y hogar >~Menaje y conservación de alimentos~https://tienda.mercadona.es/product/49319/palillos-redondos-bosque-verde-bote~49319~2023-03-12 07:35:20.238957
Mantel de papel color aleatorio Bosque Verde 7 x 1,2 m~1 ud.~| 2,90 €/ud~Not available~2.9~/ud.~Limpieza y hogar >~Menaje y conservación de alimentos~https://tienda.mercadona.es/product/49011/mantel-papel-color-aleatorio-bosque-verde-7-x-12-m~49011~2023-03-12 07:35:20.825890
Mantel de papel blanco Bosque Verde 7 x 1,2 m~1 ud.~| 2,20 €/ud~Not available~2.2~/ud.~Limpieza y hogar >~Menaje y conservación de alimentos~https://tienda.mercadona.es/product/49087/mantel-papel-blanco-bosque-verde-7-x-12-m~49087~2023-03-12 07:35:21.394606
Vasos medianos de plástico Bosque Verde reutilizables y multiusos 400 ml~Paquete~10 ud.~| 0,15 €/ud~1.5~/ud.~Limpieza y hogar >~Menaje y conservación de alimentos~https://tienda.mercadona.es/product/60967/vasos-medianos-plastico-bosque-verde-reutilizables-multiusos-400-ml-paquete~60967~2023-03-12 07:35:21.995056
Velote rojo Roura~1 ud.~| 1,20 €/ud~Not available~1.2~/ud.~Limpieza y hogar >~Menaje y conservación de alimentos~https://tienda.mercadona.es/product/49302/velote-rojo-roura~49302~2023-03-12 07:35:22.640733
Velote Bosque Verde~Paquete~3 ud.~| 0,384 €/ud~1.15~/ud.~Limpieza y hogar >~Menaje y conservación de alimentos~https://tienda.mercadona.es/product/23283/velote-bosque-verde-paquete~23283~2023-03-12 07:35:23.224112
Pastillas enciende fuegos Bosque Verde~Caja~32 ud.~| 0,022 €/ud~0.7~/ud.~Limpieza y hogar >~Menaje y conservación de alimentos~https://tienda.mercadona.es/product/92116/pastillas-enciende-fuegos-bosque-verde-caja~92116~2023-03-12 07:35:23.855904
Velote blanco Roura~1 ud.~| 1,20 €/ud~Not available~1.2~/ud.~Limpieza y hogar >~Menaje y conservación de alimentos~https://tienda.mercadona.es/product/49049/velote-blanco-roura~49049~2023-03-12 07:35:24.430527
Carbón vegetal Bosque Verde~Paquete~3 kg~| 1,30 €/kg~3.9~/ud.~Limpieza y hogar >~Menaje y conservación de alimentos~https://tienda.mercadona.es/product/23296/carbon-vegetal-bosque-verde-paquete~23296~2023-03-12 07:35:25.029315
Fósforos de madera largos Tres Estrellas~Paquete~3 cajas~| 0,30 €/ud~0.9~/ud.~Limpieza y hogar >~Menaje y conservación de alimentos~https://tienda.mercadona.es/product/49116/fosforos-madera-largos-tres-estrellas-paquete~49116~2023-03-12 07:35:25.624544
Mini mechero Clipper~Paquete~3 ud.~| 0,834 €/ud~2.5~/ud.~Limpieza y hogar >~Menaje y conservación de alimentos~https://tienda.mercadona.es/product/49330/mini-mechero-clipper-paquete~49330~2023-03-12 07:35:26.222488
Encendedor cocina largo Clipper~Paquete~1 ud.~| 2,57 €/ud~2.57~/ud.~Limpieza y hogar >~Menaje y conservación de alimentos~https://tienda.mercadona.es/product/49080/encendedor-cocina-largo-clipper-paquete~49080~2023-03-12 07:35:26.838575
Bebida zumo de frutas con gas Magic sin alcohol~Botella~750 ml~| 2,934 €/L~2.2~/ud.~Bodega >~Sidra y cava~https://tienda.mercadona.es/product/39702/bebida-zumo-frutas-con-gas-magic-sin-alcohol-botella~39702~2023-03-12 07:35:27.428180
Servilleta papel color Bosque Verde 2 capas 33 x 33 cm~Paquete~50 ud.~| 0,032 €/ud~1.6~/ud.~Limpieza y hogar >~Menaje y conservación de alimentos~https://tienda.mercadona.es/product/47058/servilleta-papel-color-bosque-verde-2-capas-33-x-33-cm-paquete~47058~2023-03-12 07:35:28.021305
Servilleta papel Bosque Verde 1 capa 30 x 30 cm~Paquete~200 ud.~| 0,007 €/ud~1.4~/ud.~Limpieza y hogar >~Papel higiénico y celulosa~https://tienda.mercadona.es/product/49544/servilleta-papel-bosque-verde-1-capa-30-x-30-cm-paquete~49544~2023-03-12 07:36:07.542387
Servilleta papel decorada Resistente Bosque Verde 2 capas 33 x 32 cm~Paquete~100 ud.~| 0,023 €/ud~2.25~/ud.~Limpieza y hogar >~Papel higiénico y celulosa~https://tienda.mercadona.es/product/49710/servilleta-papel-decorada-resistente-bosque-verde-2-capas-33-x-32-cm-paquete~49710~2023-03-12 07:36:08.057472
Servilleta papel Cocktail Bosque Verde 2 capas 22 x 22 cm~Paquete~200 ud.~| 0,011 €/ud~2.2~/ud.~Limpieza y hogar >~Papel higiénico y celulosa~https://tienda.mercadona.es/product/49701/servilleta-papel-cocktail-bosque-verde-2-capas-22-x-22-cm-paquete~49701~2023-03-12 07:36:08.507827
Servilleta papel decorada Textura Tela Bosque Verde~Paquete~30 ud.~| 0,147 €/ud~4.4~/ud.~Limpieza y hogar >~Papel higiénico y celulosa~https://tienda.mercadona.es/product/49506/servilleta-papel-decorada-textura-tela-bosque-verde-paquete~49506~2023-03-12 07:36:08.958249
Servilleta papel color Bosque Verde 2 capas 33 x 33 cm~Paquete~50 ud.~| 0,032 €/ud~1.6~/ud.~Limpieza y hogar >~Menaje y conservación de alimentos~https://tienda.mercadona.es/product/47058/servilleta-papel-color-bosque-verde-2-capas-33-x-33-cm-paquete~47058~2023-03-12 07:36:09.470765
Servilleta papel suave Bosque Verde 2 capas 33 x 32 cm~Paquete~100 ud.~| 0,015 €/ud~1.5~/ud.~Limpieza y hogar >~Papel higiénico y celulosa~https://tienda.mercadona.es/product/49589/servilleta-papel-suave-bosque-verde-2-capas-33-x-32-cm-paquete~49589~2023-03-12 07:36:09.927170
Papel hogar Compacto Absorbente Bosque Verde~Paquete~300 servicios (3 ud.)~| 0,817 €/ud~2.45~/ud.~Limpieza y hogar >~Papel higiénico y celulosa~https://tienda.mercadona.es/product/49619/papel-hogar-compacto-absorbente-bosque-verde-paquete~49619~2023-03-12 07:36:10.361797
Papel Multiusos Resistente Bosque Verde~Paquete~600 servicios~| 3,60 €/ud~3.6~/ud.~Limpieza y hogar >~Papel higiénico y celulosa~https://tienda.mercadona.es/product/49173/papel-multiusos-resistente-bosque-verde-paquete~49173~2023-03-12 07:36:10.796185
Papel cocina Gigante Absorbente Bosque Verde~Paquete~375 servicios~| 3,10 €/ud~3.1~/ud.~Limpieza y hogar >~Papel higiénico y celulosa~https://tienda.mercadona.es/product/49176/papel-cocina-gigante-absorbente-bosque-verde-paquete~49176~2023-03-12 07:36:11.242277
Papel hogar Super Absorbente Bosque Verde~Paquete~200 servicios (2 ud.)~| 1,50 €/ud~3.0~/ud.~Limpieza y hogar >~Papel higiénico y celulosa~https://tienda.mercadona.es/product/49504/papel-hogar-super-absorbente-bosque-verde-paquete~49504~2023-03-12 07:36:11.726568
Papel higiénico Doble Rollo Bosque Verde~Paquete~12 rollos~| 0,417 €/ud~5.0~/ud.~Limpieza y hogar >~Papel higiénico y celulosa~https://tienda.mercadona.es/product/47818/papel-higienico-doble-rollo-bosque-verde-paquete~47818~2023-03-12 07:36:12.206747
Papel higiénico Doble Rollo Bosque Verde~Paquete~6 rollos~| 0,425 €/ud~2.55~/ud.~Limpieza y hogar >~Papel higiénico y celulosa~https://tienda.mercadona.es/product/47819/papel-higienico-doble-rollo-bosque-verde-paquete~47819~2023-03-12 07:36:12.645824
Papel higiénico doble hoja Bosque Verde~Paquete~12 rollos~| 0,213 €/ud~2.55~/ud.~Limpieza y hogar >~Papel higiénico y celulosa~https://tienda.mercadona.es/product/47834/papel-higienico-doble-hoja-bosque-verde-paquete~47834~2023-03-12 07:36:13.080832
Papel higiénico húmedo WC Bosque Verde con aloe vera y camomila~Paquete~15 ud.~| 0,054 €/ud~0.8~/ud.~Cuidado facial y corporal >~Cuidado corporal~https://tienda.mercadona.es/product/47293/papel-higienico-humedo-wc-bosque-verde-con-aloe-vera-camomila-paquete~47293~2023-03-12 07:36:13.563894
Papel higiénico húmedo WC Bosque Verde con aloe vera y camomila~Paquete~100 ud.~| 0,016 €/ud~1.55~/ud.~Cuidado facial y corporal >~Cuidado corporal~https://tienda.mercadona.es/product/47291/papel-higienico-humedo-wc-bosque-verde-con-aloe-vera-camomila-paquete~47291~2023-03-12 07:36:14.012391
Papel higiénico Suave Bosque Verde~Paquete~8 rollos~| 0,438 €/ud~3.5~/ud.~Limpieza y hogar >~Papel higiénico y celulosa~https://tienda.mercadona.es/product/47824/papel-higienico-suave-bosque-verde-paquete~47824~2023-03-12 07:36:14.606065
Papel higiénico Acolchado Bosque Verde 2 capas~Paquete~6 rollos~| 0,642 €/ud~3.85~/ud.~Limpieza y hogar >~Papel higiénico y celulosa~https://tienda.mercadona.es/product/47540/papel-higienico-acolchado-bosque-verde-2-capas-paquete~47540~2023-03-12 07:36:15.083503
Pañuelos de papel Extra Suaves Bosque Verde 2 capas~Caja~200 ud.~| 0,007 €/ud~1.4~/ud.~Limpieza y hogar >~Papel higiénico y celulosa~https://tienda.mercadona.es/product/47609/panuelos-papel-extra-suaves-bosque-verde-2-capas-caja~47609~2023-03-12 07:36:15.527752
Pañuelos de papel Aloe Vera Bosque Verde 4 capas~Paquete~10 ud.~| 0,015 €/ud~1.45~/ud.~Limpieza y hogar >~Papel higiénico y celulosa~https://tienda.mercadona.es/product/46703/panuelos-papel-aloe-vera-bosque-verde-4-capas-paquete~46703~2023-03-12 07:36:16.025265
Pañuelos de papel Extra Suaves Bosque Verde 4 capas~Paquete~10 ud.~| 0,012 €/ud~1.15~/ud.~Limpieza y hogar >~Papel higiénico y celulosa~https://tienda.mercadona.es/product/47620/panuelos-papel-extra-suaves-bosque-verde-4-capas-paquete~47620~2023-03-12 07:36:16.470423
Pañuelos de papel Mentol Bosque Verde 4 capas~Paquete~10 ud.~| 0,018 €/ud~1.75~/ud.~Limpieza y hogar >~Papel higiénico y celulosa~https://tienda.mercadona.es/product/47618/panuelos-papel-mentol-bosque-verde-4-capas-paquete~47618~2023-03-12 07:36:16.960837
Pañuelos de papel con loción suavizante Bosque Verde 2 capas~Caja~100 ud.~| 0,013 €/ud~1.3~/ud.~Limpieza y hogar >~Papel higiénico y celulosa~https://tienda.mercadona.es/product/47612/panuelos-papel-con-locion-suavizante-bosque-verde-2-capas-caja~47612~2023-03-12 07:36:17.474011
Toallitas Refrescantes Deliplus~Paquete~25 ud.~| 0,038 €/ud~0.95~/ud.~Cuidado facial y corporal >~Cuidado corporal~https://tienda.mercadona.es/product/76457/toallitas-refrescantes-deliplus-paquete~76457~2023-03-12 07:36:18.007805
Toallitas Refrescantes Deliplus~Paquete~20 ud.~| 0,028 €/ud~0.55~/ud.~Cuidado facial y corporal >~Cuidado corporal~https://tienda.mercadona.es/product/76470/toallitas-refrescantes-deliplus-paquete~76470~2023-03-12 07:36:18.519953
Toallitas Dermo Higiene Corporal Deliplus tamaño gigantes~Paquete~60 ud.~| 0,066 €/ud~3.95~/ud.~Cuidado facial y corporal >~Cuidado corporal~https://tienda.mercadona.es/product/47828/toallitas-dermo-higiene-corporal-deliplus-tamano-gigantes-paquete~47828~2023-03-12 07:36:19.017485
Toallitas Refrescantes Deliplus monodosis~Caja~20 sobres~| 0,068 €/ud~1.35~/ud.~Cuidado facial y corporal >~Cuidado corporal~https://tienda.mercadona.es/product/76472/toallitas-refrescantes-deliplus-monodosis-caja~76472~2023-03-12 07:36:19.519958
Toallitas Multiusos desinfectantes Bosque Verde~Paquete~24 ud.~| 0,044 €/ud~1.05~/ud.~Limpieza y hogar >~Limpieza muebles y multiusos~https://tienda.mercadona.es/product/79706/toallitas-multiusos-desinfectantes-bosque-verde-paquete~79706~2023-03-12 07:36:20.030396
Pila alcalina AA-LR6 Bosque Verde~Paquete~8 ud.~| 0,207 €/ud~1.65~/ud.~Limpieza y hogar >~Pilas y bolsas de basura~https://tienda.mercadona.es/product/22302/pila-alcalina-aa-lr6-bosque-verde-paquete~22302~2023-03-12 07:37:20.538806
Pila alcalina AAA LR03 Bosque Verde~Paquete~8 ud.~| 0,207 €/ud~1.65~/ud.~Limpieza y hogar >~Pilas y bolsas de basura~https://tienda.mercadona.es/product/22301/pila-alcalina-aaa-lr03-bosque-verde-paquete~22301~2023-03-12 07:37:21.100647
Kit cargador pilas AA y AAA Bosque Verde incluye 4 pilas AA~Paquete~1 ud.~| 16,45 €/ud~16.45~/ud.~Limpieza y hogar >~Pilas y bolsas de basura~https://tienda.mercadona.es/product/1927/kit-cargador-pilas-aa-aaa-bosque-verde-incluye-4-pilas-aa-paquete~1927~2023-03-12 07:37:21.508698
Pila recargable AA Bosque Verde~Paquete~4 ud.~| 1,975 €/ud~7.9~/ud.~Limpieza y hogar >~Pilas y bolsas de basura~https://tienda.mercadona.es/product/1914/pila-recargable-aa-bosque-verde-paquete~1914~2023-03-12 07:37:21.959844
Pila recargable AAA Bosque Verde~Paquete~4 ud.~| 1,975 €/ud~7.9~/ud.~Limpieza y hogar >~Pilas y bolsas de basura~https://tienda.mercadona.es/product/1926/pila-recargable-aaa-bosque-verde-paquete~1926~2023-03-12 07:37:22.442522
Bolsa de basura Bosque Verde 30L cubo mediano~Paquete~40 bolsas~| 0,044 €/ud~1.75~/ud.~Limpieza y hogar >~Pilas y bolsas de basura~https://tienda.mercadona.es/product/49750/bolsa-basura-bosque-verde-30l-cubo-mediano-paquete~49750~2023-03-12 07:37:22.858800
Bolsa de basura extra Bosque Verde 30L cubo mediano absorbe olores perfume lavanda~Paquete~20 bolsas~| 0,085 €/ud~1.7~/ud.~Limpieza y hogar >~Pilas y bolsas de basura~https://tienda.mercadona.es/product/49752/bolsa-basura-extra-bosque-verde-30l-cubo-mediano-absorbe-olores-perfume-lavanda-paquete~49752~2023-03-12 07:37:23.260945
Bolsa de basura saco Bosque Verde 120L cubo industrial~Paquete~10 bolsas~| 0,125 €/ud~1.25~/ud.~Limpieza y hogar >~Pilas y bolsas de basura~https://tienda.mercadona.es/product/49755/bolsa-basura-saco-bosque-verde-120l-cubo-industrial-paquete~49755~2023-03-12 07:37:23.756260
Bolsa de basura grande Bosque Verde 50L cubo grande~Paquete~15 bolsas~| 0,107 €/ud~1.6~/ud.~Limpieza y hogar >~Pilas y bolsas de basura~https://tienda.mercadona.es/product/49048/bolsa-basura-grande-bosque-verde-50l-cubo-grande-paquete~49048~2023-03-12 07:37:24.158189
Bolsa de basura mini Bosque Verde 10L cubo pequeño~Paquete~40 bolsas~| 0,034 €/ud~1.35~/ud.~Limpieza y hogar >~Pilas y bolsas de basura~https://tienda.mercadona.es/product/49704/bolsa-basura-mini-bosque-verde-10l-cubo-pequeno-paquete~49704~2023-03-12 07:37:24.558946
Bolsa de basura jardín Bosque Verde 100L cubo industrial~Paquete~10 bolsas~| 0,27 €/ud~2.7~/ud.~Limpieza y hogar >~Pilas y bolsas de basura~https://tienda.mercadona.es/product/49703/bolsa-basura-jardin-bosque-verde-100l-cubo-industrial-paquete~49703~2023-03-12 07:37:25.009602
Bolsa de basura cubo alto Bosque Verde 30L cubo mediano~Paquete~20 bolsas~| 0,095 €/ud~1.9~/ud.~Limpieza y hogar >~Pilas y bolsas de basura~https://tienda.mercadona.es/product/49711/bolsa-basura-cubo-alto-bosque-verde-30l-cubo-mediano-paquete~49711~2023-03-12 07:37:25.461952
Bolsa de basura envases Bosque Verde 30L cubo mediano~Paquete~30 bolsas~| 0,055 €/ud~1.65~/ud.~Limpieza y hogar >~Pilas y bolsas de basura~https://tienda.mercadona.es/product/49705/bolsa-basura-envases-bosque-verde-30l-cubo-mediano-paquete~49705~2023-03-12 07:37:25.859706
Bolsa de basura compostables Bosque Verde 10L cubo pequeño para restos orgánicos~Paquete~15 bolsas~| 0,12 €/ud~1.8~/ud.~Limpieza y hogar >~Pilas y bolsas de basura~https://tienda.mercadona.es/product/49333/bolsa-basura-compostables-bosque-verde-10l-cubo-pequeno-restos-organicos-paquete~49333~2023-03-12 07:37:26.314905
Bolsa de basura mini Bosque Verde 5L cubo pequeño~Paquete~40 bolsas~| 0,033 €/ud~1.3~/ud.~Limpieza y hogar >~Pilas y bolsas de basura~https://tienda.mercadona.es/product/22985/bolsa-basura-mini-bosque-verde-5l-cubo-pequeno-paquete~22985~2023-03-12 07:37:26.832406
Fregona Microfibra Absorbente Bosque Verde suelos de interior~Paquete~2 ud.~| 1,475 €/ud~2.95~/ud.~Limpieza y hogar >~Utensilios de limpieza y calzado~https://tienda.mercadona.es/product/71403/fregona-microfibra-absorbente-bosque-verde-suelos-interior-paquete~71403~2023-03-12 07:38:19.660134
Fregona Microfibra Absorbente Bosque Verde suelos de interior~Paquete~1 ud.~| 1,50 €/ud~1.5~/ud.~Limpieza y hogar >~Utensilios de limpieza y calzado~https://tienda.mercadona.es/product/71452/fregona-microfibra-absorbente-bosque-verde-suelos-interior-paquete~71452~2023-03-12 07:38:20.250597
Fregona Algodón Bosque Verde suelos de exterior~Paquete~1 ud.~| 1,10 €/ud~1.1~/ud.~Limpieza y hogar >~Utensilios de limpieza y calzado~https://tienda.mercadona.es/product/71450/fregona-algodon-bosque-verde-suelos-exterior-paquete~71450~2023-03-12 07:38:20.782541
Fregona Resistente y Absorbente Bosque Verde suelos de interior y exterior~Paquete~2 ud.~| 0,925 €/ud~1.85~/ud.~Limpieza y hogar >~Utensilios de limpieza y calzado~https://tienda.mercadona.es/product/71071/fregona-resistente-absorbente-bosque-verde-suelos-interior-exterior-paquete~71071~2023-03-12 07:38:21.315741
Fregona Suave Bosque Verde suelos de interior~Paquete~1 ud.~| 0,80 €/ud~0.8~/ud.~Limpieza y hogar >~Utensilios de limpieza y calzado~https://tienda.mercadona.es/product/71404/fregona-suave-bosque-verde-suelos-interior-paquete~71404~2023-03-12 07:38:21.857573
Fregona Microfibra Resistente Bosque Verde suelos interior y exterior~Paquete~1 ud.~| 3,80 €/ud~3.8~/ud.~Limpieza y hogar >~Utensilios de limpieza y calzado~https://tienda.mercadona.es/product/71407/fregona-microfibra-resistente-bosque-verde-suelos-interior-exterior-paquete~71407~2023-03-12 07:38:22.392638
Escoba Bosque Verde~1 ud.~| 1,15 €/ud~Not available~1.15~/ud.~Limpieza y hogar >~Utensilios de limpieza y calzado~https://tienda.mercadona.es/product/71156/escoba-bosque-verde~71156~2023-03-12 07:38:23.026557
Escoba Fibras Cruzadas Bosque Verde~1 ud.~| 2,15 €/ud~Not available~2.15~/ud.~Limpieza y hogar >~Utensilios de limpieza y calzado~https://tienda.mercadona.es/product/71162/escoba-fibras-cruzadas-bosque-verde~71162~2023-03-12 07:38:23.577643
Escoba Pequeña Bosque Verde~1 ud.~| 1,70 €/ud~Not available~1.7~/ud.~Limpieza y hogar >~Utensilios de limpieza y calzado~https://tienda.mercadona.es/product/71155/escoba-pequena-bosque-verde~71155~2023-03-12 07:38:24.120471
Escoba para Exteriores Bosque Verde~1 ud.~| 2,70 €/ud~Not available~2.7~/ud.~Limpieza y hogar >~Utensilios de limpieza y calzado~https://tienda.mercadona.es/product/71154/escoba-exteriores-bosque-verde~71154~2023-03-12 07:38:24.657162
Gamuzas atrapa polvo Bosque Verde~Paquete~30 ud.~| 0,065 €/ud~1.95~/ud.~Limpieza y hogar >~Utensilios de limpieza y calzado~https://tienda.mercadona.es/product/71533/gamuzas-atrapa-polvo-bosque-verde-paquete~71533~2023-03-12 07:38:25.199180
Recambio mopa microfibra pequeño Bosque Verde~Paquete~1 ud.~| 3,50 €/ud~3.5~/ud.~Limpieza y hogar >~Utensilios de limpieza y calzado~https://tienda.mercadona.es/product/71054/recambio-mopa-microfibra-pequeno-bosque-verde-paquete~71054~2023-03-12 07:38:25.756105
Plataforma mopa grande abrillantadora Bosque Verde~Paquete~1 ud.~| 2,70 €/ud~2.7~/ud.~Limpieza y hogar >~Utensilios de limpieza y calzado~https://tienda.mercadona.es/product/71502/plataforma-mopa-grande-abrillantadora-bosque-verde-paquete~71502~2023-03-12 07:38:26.300916
Recambio mopa microfibra grande Bosque Verde~Paquete~1 ud.~| 4,60 €/ud~4.6~/ud.~Limpieza y hogar >~Utensilios de limpieza y calzado~https://tienda.mercadona.es/product/71570/recambio-mopa-microfibra-grande-bosque-verde-paquete~71570~2023-03-12 07:38:26.907199
Toallitas limpiadoras de suelo Bosque Verde~Paquete~20 ud.~| 0,08 €/ud~1.6~/ud.~Limpieza y hogar >~Limpiahogar y friegasuelos~https://tienda.mercadona.es/product/71527/toallitas-limpiadoras-suelo-bosque-verde-paquete~71527~2023-03-12 07:38:27.465074
Recogedor antivuelco con palo Bosque Verde~1 ud.~| 1,60 €/ud~Not available~1.6~/ud.~Limpieza y hogar >~Utensilios de limpieza y calzado~https://tienda.mercadona.es/product/48652/recogedor-antivuelco-con-palo-bosque-verde~48652~2023-03-12 07:38:27.989270
Palo extensible Bosque Verde 88 - 150 cm escoba/fregona~1 ud.~| 2,00 €/ud~Not available~2.0~/ud.~Limpieza y hogar >~Utensilios de limpieza y calzado~https://tienda.mercadona.es/product/71160/palo-extensible-bosque-verde-88-150-cm-escobafregona~71160~2023-03-12 07:38:28.530509
Cubo redondo 12L Bosque Verde~1 ud.~| 2,55 €/ud~Not available~2.55~/ud.~Limpieza y hogar >~Utensilios de limpieza y calzado~https://tienda.mercadona.es/product/48646/cubo-redondo-12l-bosque-verde~48646~2023-03-12 07:38:29.094484
Escurridor para cubo redondo Bosque Verde~1 ud.~| 1,00 €/ud~Not available~1.0~/ud.~Limpieza y hogar >~Utensilios de limpieza y calzado~https://tienda.mercadona.es/product/48000/escurridor-cubo-redondo-bosque-verde~48000~2023-03-12 07:38:29.624544
Escurridor para cubo ovalado Bosque Verde~1 ud.~| 2,25 €/ud~Not available~2.25~/ud.~Limpieza y hogar >~Utensilios de limpieza y calzado~https://tienda.mercadona.es/product/48647/escurridor-cubo-ovalado-bosque-verde~48647~2023-03-12 07:38:30.164658
Cubo ovalado con ruedas 15L Bosque Verde~1 ud.~| 3,25 €/ud~Not available~3.25~/ud.~Limpieza y hogar >~Utensilios de limpieza y calzado~https://tienda.mercadona.es/product/48640/cubo-ovalado-con-ruedas-15l-bosque-verde~48640~2023-03-12 07:38:30.692185
Cubo de basura reciclaje 50L (30L + 10L) Bosque Verde 35,5 x 41,5 x 45 cm varios compartimentos~Cubo~1 ud.~| 15,50 €/ud~15.5~/ud.~Limpieza y hogar >~Utensilios de limpieza y calzado~https://tienda.mercadona.es/product/48636/cubo-basura-reciclaje-50l-30l-10l-bosque-verde-355-x-415-x-45-cm-varios-compartimentos-cubo~48636~2023-03-12 07:38:31.248209
Cubo de basura mediano 30L Bosque Verde 30,2 x 30,5 x 41,9 cm~Cubo~1 ud.~| 8,40 €/ud~8.4~/ud.~Limpieza y hogar >~Utensilios de limpieza y calzado~https://tienda.mercadona.es/product/48649/cubo-basura-mediano-30l-bosque-verde-302-x-305-x-419-cm-cubo~48649~2023-03-12 07:38:31.784220
Cubo de basura pequeño 10L Bosque Verde 24,1 x 25 x 24,7 cm~1 ud.~| 7,30 €/ud~Not available~7.3~/ud.~Limpieza y hogar >~Utensilios de limpieza y calzado~https://tienda.mercadona.es/product/48651/cubo-basura-pequeno-10l-bosque-verde-241-x-25-x-247-cm~48651~2023-03-12 07:38:32.331539
Barreño ovalado 9,8L Bosque Verde~1 ud.~| 2,20 €/ud~Not available~2.2~/ud.~Limpieza y hogar >~Utensilios de limpieza y calzado~https://tienda.mercadona.es/product/86464/barreno-ovalado-98l-bosque-verde~86464~2023-03-12 07:38:32.863835
Pinzas de plástico Bosque Verde gigantes~Paquete~12 ud.~| 0,105 €/ud~1.25~/ud.~Limpieza y hogar >~Utensilios de limpieza y calzado~https://tienda.mercadona.es/product/86641/pinzas-plastico-bosque-verde-gigantes-paquete~86641~2023-03-12 07:38:33.519685
Funda para lavadora 70 x 50 cm~Paquete~1 ud.~| 2,75 €/ud~2.75~/ud.~Limpieza y hogar >~Utensilios de limpieza y calzado~https://tienda.mercadona.es/product/16874/funda-lavadora-70-x-50-cm-paquete~16874~2023-03-12 07:38:34.086659
Rodillo quitapelusas Bosque Verde~1 ud.~| 1,75 €/ud~Not available~1.75~/ud.~Limpieza y hogar >~Utensilios de limpieza y calzado~https://tienda.mercadona.es/product/71702/rodillo-quitapelusas-bosque-verde~71702~2023-03-12 07:38:34.689606
Cepillo para lavar con asa Bosque Verde~1 ud.~| 1,20 €/ud~Not available~1.2~/ud.~Limpieza y hogar >~Utensilios de limpieza y calzado~https://tienda.mercadona.es/product/86643/cepillo-lavar-con-asa-bosque-verde~86643~2023-03-12 07:38:35.249456
Escobilla para WC Bosque Verde~1 ud.~| 3,00 €/ud~Not available~3.0~/ud.~Limpieza y hogar >~Utensilios de limpieza y calzado~https://tienda.mercadona.es/product/89804/escobilla-wc-bosque-verde~89804~2023-03-12 07:38:35.795700
Recambios plumero Bosque Verde desechables~Caja~5 ud.~| 0,37 €/ud~1.85~/ud.~Limpieza y hogar >~Utensilios de limpieza y calzado~https://tienda.mercadona.es/product/23356/recambios-plumero-bosque-verde-desechables-caja~23356~2023-03-12 07:38:36.364387
Plumero atrapa polvo Bosque Verde electroestático~Paquete~1 ud.~| 2,60 €/ud~2.6~/ud.~Limpieza y hogar >~Utensilios de limpieza y calzado~https://tienda.mercadona.es/product/23495/plumero-atrapa-polvo-bosque-verde-electroestatico-paquete~23495~2023-03-12 07:38:36.931515
Plumero de avestruz extensible Bosque Verde~1 ud.~| 4,50 €/ud~Not available~4.5~/ud.~Limpieza y hogar >~Utensilios de limpieza y calzado~https://tienda.mercadona.es/product/71586/plumero-avestruz-extensible-bosque-verde~71586~2023-03-12 07:38:37.478303
Limpiacristales con mango Bosque Verde~1 ud.~| 2,60 €/ud~Not available~2.6~/ud.~Limpieza y hogar >~Utensilios de limpieza y calzado~https://tienda.mercadona.es/product/13648/limpiacristales-con-mango-bosque-verde~13648~2023-03-12 07:38:38.037020
Pinzas de plástico Bosque Verde~Paquete~24 ud.~| 0,029 €/ud~0.69~/ud.~Limpieza y hogar >~Utensilios de limpieza y calzado~https://tienda.mercadona.es/product/86642/pinzas-plastico-bosque-verde-paquete~86642~2023-03-12 07:38:38.607491
Crema de calzado blanco autobrillante Bosque Verde con aplicador~Bote~50 ml~| 19,00 €/L~0.95~/ud.~Limpieza y hogar >~Utensilios de limpieza y calzado~https://tienda.mercadona.es/product/70030/crema-calzado-blanco-autobrillante-bosque-verde-con-aplicador-bote~70030~2023-03-12 07:38:39.180881
Crema de calzado marrón autobrillante Bosque Verde con aplicador~Bote~50 ml~| 19,00 €/L~0.95~/ud.~Limpieza y hogar >~Utensilios de limpieza y calzado~https://tienda.mercadona.es/product/70028/crema-calzado-marron-autobrillante-bosque-verde-con-aplicador-bote~70028~2023-03-12 07:38:39.750184
Crema de calzado negro autobrillante Bosque Verde con aplicador~Bote~50 ml~| 19,00 €/L~0.95~/ud.~Limpieza y hogar >~Utensilios de limpieza y calzado~https://tienda.mercadona.es/product/70024/crema-calzado-negro-autobrillante-bosque-verde-con-aplicador-bote~70024~2023-03-12 07:38:40.346699
Esponja de calzado incoloro brillo y protección Yak~1 ud.~| 1,50 €/ud~Not available~1.5~/ud.~Limpieza y hogar >~Utensilios de limpieza y calzado~https://tienda.mercadona.es/product/70008/esponja-calzado-incoloro-brillo-proteccion-yak~70008~2023-03-12 07:38:40.906350
Desodorante de calzado Bosque Verde~Spray~250 ml~| 11,80 €/L~2.95~/ud.~Limpieza y hogar >~Utensilios de limpieza y calzado~https://tienda.mercadona.es/product/23183/desodorante-calzado-bosque-verde-spray~23183~2023-03-12 07:38:41.469068
Cepillo calzado Bosque Verde~1 ud.~| 2,00 €/ud~Not available~2.0~/ud.~Limpieza y hogar >~Utensilios de limpieza y calzado~https://tienda.mercadona.es/product/86645/cepillo-calzado-bosque-verde~86645~2023-03-12 07:38:42.028571
Maquillaje fluido Cover & Fix Deliplus 01 beige claro FPS 25~30 ml~| 5,50 €/ud~Not available~5.5~/ud.~Maquillaje >~Bases de maquillaje y corrector~https://tienda.mercadona.es/product/40229/maquillaje-fluido-cover-fix-deliplus-01-beige-claro-fps-25~40229~2023-03-12 07:44:58.888904
Maquillaje fluido Cover & Fix Deliplus 02 beige rosado FPS 25~30 ml~| 5,50 €/ud~Not available~5.5~/ud.~Maquillaje >~Bases de maquillaje y corrector~https://tienda.mercadona.es/product/40231/maquillaje-fluido-cover-fix-deliplus-02-beige-rosado-fps-25~40231~2023-03-12 07:44:59.483387
Maquillaje fluido Cover & Fix Deliplus 03 beige medio FPS 25~30 ml~| 5,50 €/ud~Not available~5.5~/ud.~Maquillaje >~Bases de maquillaje y corrector~https://tienda.mercadona.es/product/40234/maquillaje-fluido-cover-fix-deliplus-03-beige-medio-fps-25~40234~2023-03-12 07:44:59.991028
Maquillaje fluido Cover & Fix Deliplus 04 dorado FPS 25~30 ml~| 5,50 €/ud~Not available~5.5~/ud.~Maquillaje >~Bases de maquillaje y corrector~https://tienda.mercadona.es/product/40235/maquillaje-fluido-cover-fix-deliplus-04-dorado-fps-25~40235~2023-03-12 07:45:00.467303
Maquillaje fluido Cover & Fix Deliplus 05 moka FPS 25~30 ml~| 5,50 €/ud~Not available~5.5~/ud.~Maquillaje >~Bases de maquillaje y corrector~https://tienda.mercadona.es/product/40241/maquillaje-fluido-cover-fix-deliplus-05-moka-fps-25~40241~2023-03-12 07:45:00.925450
Maquillaje fluido Long Lasting Deliplus 01 beige claro~30 ml~| 5,50 €/ud~Not available~5.5~/ud.~Maquillaje >~Bases de maquillaje y corrector~https://tienda.mercadona.es/product/40253/maquillaje-fluido-long-lasting-deliplus-01-beige-claro~40253~2023-03-12 07:45:01.422539
Maquillaje fluido Long Lasting Deliplus 02 beige claro medio~30 ml~| 5,50 €/ud~Not available~5.5~/ud.~Maquillaje >~Bases de maquillaje y corrector~https://tienda.mercadona.es/product/40254/maquillaje-fluido-long-lasting-deliplus-02-beige-claro-medio~40254~2023-03-12 07:45:01.929010
Maquillaje fluido Long Lasting Deliplus 03 beige medio~30 ml~| 5,50 €/ud~Not available~5.5~/ud.~Maquillaje >~Bases de maquillaje y corrector~https://tienda.mercadona.es/product/40255/maquillaje-fluido-long-lasting-deliplus-03-beige-medio~40255~2023-03-12 07:45:02.462009
Maquillaje fluido Long Lasting Deliplus 04 beige dorado~30 ml~| 5,50 €/ud~Not available~5.5~/ud.~Maquillaje >~Bases de maquillaje y corrector~https://tienda.mercadona.es/product/40256/maquillaje-fluido-long-lasting-deliplus-04-beige-dorado~40256~2023-03-12 07:45:02.957653
Maquillaje fluido Luminoso Deliplus 01 beige claro~25 ml~| 5,50 €/ud~Not available~5.5~/ud.~Maquillaje >~Bases de maquillaje y corrector~https://tienda.mercadona.es/product/80445/maquillaje-fluido-luminoso-deliplus-01-beige-claro~80445~2023-03-12 07:45:03.437680
Maquillaje fluido Luminoso Deliplus 02 beige medio~25 ml~| 5,50 €/ud~Not available~5.5~/ud.~Maquillaje >~Bases de maquillaje y corrector~https://tienda.mercadona.es/product/80447/maquillaje-fluido-luminoso-deliplus-02-beige-medio~80447~2023-03-12 07:45:03.918131
Maquillaje fluido Luminoso Deliplus 03 beige dorado~25 ml~| 5,50 €/ud~Not available~5.5~/ud.~Maquillaje >~Bases de maquillaje y corrector~https://tienda.mercadona.es/product/80448/maquillaje-fluido-luminoso-deliplus-03-beige-dorado~80448~2023-03-12 07:45:04.397609
Maquillaje fluido Luminoso Deliplus 04 beige oscuro~25 ml~| 5,50 €/ud~Not available~5.5~/ud.~Maquillaje >~Bases de maquillaje y corrector~https://tienda.mercadona.es/product/80449/maquillaje-fluido-luminoso-deliplus-04-beige-oscuro~80449~2023-03-12 07:45:04.903055
Maquillaje fluido Mate Deliplus 01 beige claro~25 ml~| 5,50 €/ud~Not available~5.5~/ud.~Maquillaje >~Bases de maquillaje y corrector~https://tienda.mercadona.es/product/80440/maquillaje-fluido-mate-deliplus-01-beige-claro~80440~2023-03-12 07:45:05.502622
Maquillaje fluido Mate Deliplus 02 beige~25 ml~| 5,50 €/ud~Not available~5.5~/ud.~Maquillaje >~Bases de maquillaje y corrector~https://tienda.mercadona.es/product/80441/maquillaje-fluido-mate-deliplus-02-beige~80441~2023-03-12 07:45:06.038078
Maquillaje fluido Mate Deliplus 03 beige medio rosado~25 ml~| 5,50 €/ud~Not available~5.5~/ud.~Maquillaje >~Bases de maquillaje y corrector~https://tienda.mercadona.es/product/80443/maquillaje-fluido-mate-deliplus-03-beige-medio-rosado~80443~2023-03-12 07:45:06.578181
Maquillaje fluido Mate Deliplus 04 beige medio dorado~25 ml~| 5,50 €/ud~Not available~5.5~/ud.~Maquillaje >~Bases de maquillaje y corrector~https://tienda.mercadona.es/product/80444/maquillaje-fluido-mate-deliplus-04-beige-medio-dorado~80444~2023-03-12 07:45:07.082917
Maquillaje fluido Mate Deliplus 05 moka~25 ml~| 5,50 €/ud~Not available~5.5~/ud.~Maquillaje >~Bases de maquillaje y corrector~https://tienda.mercadona.es/product/40374/maquillaje-fluido-mate-deliplus-05-moka~40374~2023-03-12 07:45:07.587483
Maquillaje fluido Hydra-Vital Deliplus 01 beige claro FPS 25~30 ml~| 5,50 €/ud~Not available~5.5~/ud.~Maquillaje >~Bases de maquillaje y corrector~https://tienda.mercadona.es/product/40242/maquillaje-fluido-hydra-vital-deliplus-01-beige-claro-fps-25~40242~2023-03-12 07:45:08.131844
Maquillaje fluido Hydra-Vital Deliplus 02 beige rosado FPS 25~30 ml~| 5,50 €/ud~Not available~5.5~/ud.~Maquillaje >~Bases de maquillaje y corrector~https://tienda.mercadona.es/product/40244/maquillaje-fluido-hydra-vital-deliplus-02-beige-rosado-fps-25~40244~2023-03-12 07:45:08.691940
Maquillaje fluido Hydra-Vital Deliplus 03 beige medio FPS 25~30 ml~| 5,50 €/ud~Not available~5.5~/ud.~Maquillaje >~Bases de maquillaje y corrector~https://tienda.mercadona.es/product/40245/maquillaje-fluido-hydra-vital-deliplus-03-beige-medio-fps-25~40245~2023-03-12 07:45:09.262821
Maquillaje fluido Hydra-Vital Deliplus 04 beige medio dorado FPS 25~30 ml~| 5,50 €/ud~Not available~5.5~/ud.~Maquillaje >~Bases de maquillaje y corrector~https://tienda.mercadona.es/product/40246/maquillaje-fluido-hydra-vital-deliplus-04-beige-medio-dorado-fps-25~40246~2023-03-12 07:45:09.772088
Maquillaje fluido Hydra-Vital Deliplus 05 beige dorado FPS 25~30 ml~| 5,50 €/ud~Not available~5.5~/ud.~Maquillaje >~Bases de maquillaje y corrector~https://tienda.mercadona.es/product/40247/maquillaje-fluido-hydra-vital-deliplus-05-beige-dorado-fps-25~40247~2023-03-12 07:45:10.255301
Maquillaje fluido Hydra-Vital Deliplus 06 moka FPS 25~30 ml~| 5,50 €/ud~Not available~5.5~/ud.~Maquillaje >~Bases de maquillaje y corrector~https://tienda.mercadona.es/product/40248/maquillaje-fluido-hydra-vital-deliplus-06-moka-fps-25~40248~2023-03-12 07:45:10.746622
Maquillaje fluido y ligero Color Adapt Deliplus 01 beige~25 ml~| 5,50 €/ud~Not available~5.5~/ud.~Maquillaje >~Bases de maquillaje y corrector~https://tienda.mercadona.es/product/80435/maquillaje-fluido-ligero-color-adapt-deliplus-01-beige~80435~2023-03-12 07:45:11.266743
Maquillaje fluido y ligero Color Adapt Deliplus 02 beige rosado~25 ml~| 5,50 €/ud~Not available~5.5~/ud.~Maquillaje >~Bases de maquillaje y corrector~https://tienda.mercadona.es/product/80436/maquillaje-fluido-ligero-color-adapt-deliplus-02-beige-rosado~80436~2023-03-12 07:45:11.783493
Maquillaje fluido y ligero Color Adapt Deliplus 03 beige dorado~25 ml~| 5,50 €/ud~Not available~5.5~/ud.~Maquillaje >~Bases de maquillaje y corrector~https://tienda.mercadona.es/product/80437/maquillaje-fluido-ligero-color-adapt-deliplus-03-beige-dorado~80437~2023-03-12 07:45:12.300152
Maquillaje fluido y ligero Color Adapt Deliplus 04 beige oscuro~25 ml~| 5,50 €/ud~Not available~5.5~/ud.~Maquillaje >~Bases de maquillaje y corrector~https://tienda.mercadona.es/product/80439/maquillaje-fluido-ligero-color-adapt-deliplus-04-beige-oscuro~80439~2023-03-12 07:45:12.803442
Maquillaje mousse mate Deliplus 01 rosado~25 ml~| 6,00 €/ud~Not available~6.0~/ud.~Maquillaje >~Bases de maquillaje y corrector~https://tienda.mercadona.es/product/67574/maquillaje-mousse-mate-deliplus-01-rosado~67574~2023-03-12 07:45:13.297969
Maquillaje mousse mate Deliplus 02 beige claro~25 ml~| 6,00 €/ud~Not available~6.0~/ud.~Maquillaje >~Bases de maquillaje y corrector~https://tienda.mercadona.es/product/67575/maquillaje-mousse-mate-deliplus-02-beige-claro~67575~2023-03-12 07:45:13.797156
Maquillaje mousse mate Deliplus 03 beige medio~25 ml~| 6,00 €/ud~Not available~6.0~/ud.~Maquillaje >~Bases de maquillaje y corrector~https://tienda.mercadona.es/product/67576/maquillaje-mousse-mate-deliplus-03-beige-medio~67576~2023-03-12 07:45:14.272700
Maquillaje fluido No transfer Deliplus 01 rosado~25 ml~| 6,50 €/ud~Not available~6.5~/ud.~Maquillaje >~Bases de maquillaje y corrector~https://tienda.mercadona.es/product/60936/maquillaje-fluido-transfer-deliplus-01-rosado~60936~2023-03-12 07:45:14.739487
Maquillaje fluido No transfer Deliplus 03 beige claro~25 ml~| 6,50 €/ud~Not available~6.5~/ud.~Maquillaje >~Bases de maquillaje y corrector~https://tienda.mercadona.es/product/60937/maquillaje-fluido-transfer-deliplus-03-beige-claro~60937~2023-03-12 07:45:15.304777
Maquillaje fluido No transfer Deliplus 05 beige medio~25 ml~| 6,50 €/ud~Not available~6.5~/ud.~Maquillaje >~Bases de maquillaje y corrector~https://tienda.mercadona.es/product/67573/maquillaje-fluido-transfer-deliplus-05-beige-medio~67573~2023-03-12 07:45:15.781847
Maquillaje base Compacta Deliplus 01 beige FPS 25~1 ud.~| 5,50 €/ud~Not available~5.5~/ud.~Maquillaje >~Bases de maquillaje y corrector~https://tienda.mercadona.es/product/40249/maquillaje-base-compacta-deliplus-01-beige-fps-25~40249~2023-03-12 07:45:16.353042
Maquillaje base Compacta Deliplus 02 beige rosado FPS 25~1 ud.~| 5,50 €/ud~Not available~5.5~/ud.~Maquillaje >~Bases de maquillaje y corrector~https://tienda.mercadona.es/product/40250/maquillaje-base-compacta-deliplus-02-beige-rosado-fps-25~40250~2023-03-12 07:45:16.914681
Maquillaje base Compacta Deliplus 03 beige dorado FPS 25~1 ud.~| 5,50 €/ud~Not available~5.5~/ud.~Maquillaje >~Bases de maquillaje y corrector~https://tienda.mercadona.es/product/40251/maquillaje-base-compacta-deliplus-03-beige-dorado-fps-25~40251~2023-03-12 07:45:17.461356
Maquillaje base Compacta Deliplus 04 beige oscuro FPS 25~1 ud.~| 5,50 €/ud~Not available~5.5~/ud.~Maquillaje >~Bases de maquillaje y corrector~https://tienda.mercadona.es/product/40252/maquillaje-base-compacta-deliplus-04-beige-oscuro-fps-25~40252~2023-03-12 07:45:17.997449
Pincel iluminador Deliplus 01~1 ud.~| 5,00 €/ud~Not available~5.0~/ud.~Maquillaje >~Bases de maquillaje y corrector~https://tienda.mercadona.es/product/40261/pincel-iluminador-deliplus-01~40261~2023-03-12 07:45:18.549959
Pincel iluminador Deliplus 02~Not available~| 5,00 €/ud~Not available~5.0~/ud.~Maquillaje >~Bases de maquillaje y corrector~https://tienda.mercadona.es/product/40262/pincel-iluminador-deliplus-02~40262~2023-03-12 07:45:19.111289
Corrector Stick Deliplus 01~1 ud.~| 4,00 €/ud~Not available~4.0~/ud.~Maquillaje >~Bases de maquillaje y corrector~https://tienda.mercadona.es/product/40263/corrector-stick-deliplus-01~40263~2023-03-12 07:45:19.693228
Corrector Stick Deliplus 02~1 ud.~| 4,00 €/ud~Not available~4.0~/ud.~Maquillaje >~Bases de maquillaje y corrector~https://tienda.mercadona.es/product/40264/corrector-stick-deliplus-02~40264~2023-03-12 07:45:20.251234
Corrector stick Deliplus 03~1 ud.~| 80,00 €/100 g~Not available~4.0~/ud.~Maquillaje >~Bases de maquillaje y corrector~https://tienda.mercadona.es/product/41163/corrector-stick-deliplus-03~41163~2023-03-12 07:45:20.908729
Corrector Cover & Fix Deliplus 01~1 ud.~| 4,50 €/ud~Not available~4.5~/ud.~Maquillaje >~Bases de maquillaje y corrector~https://tienda.mercadona.es/product/40267/corrector-cover-fix-deliplus-01~40267~2023-03-12 07:45:21.500749
Corrector Cover & Fix Deliplus 02~1 ud.~| 4,50 €/ud~Not available~4.5~/ud.~Maquillaje >~Bases de maquillaje y corrector~https://tienda.mercadona.es/product/40268/corrector-cover-fix-deliplus-02~40268~2023-03-12 07:45:22.113667
Corrector Cover & Fix Deliplus 03~1 ud.~| 4,50 €/ud~Not available~4.5~/ud.~Maquillaje >~Bases de maquillaje y corrector~https://tienda.mercadona.es/product/40269/corrector-cover-fix-deliplus-03~40269~2023-03-12 07:45:22.701128
Corrector Camouflage Deliplus 01 beige~1 ud.~| 4,50 €/ud~Not available~4.5~/ud.~Maquillaje >~Bases de maquillaje y corrector~https://tienda.mercadona.es/product/60938/corrector-camouflage-deliplus-01-beige~60938~2023-03-12 07:45:23.279477
Corrector Camouflage Deliplus 02 rosado~1 ud.~| 4,50 €/ud~Not available~4.5~/ud.~Maquillaje >~Bases de maquillaje y corrector~https://tienda.mercadona.es/product/60939/corrector-camouflage-deliplus-02-rosado~60939~2023-03-12 07:45:23.881614
Prebase de maquillaje matificante Primer~1 ud.~| 6,00 €/ud~Not available~6.0~/ud.~Maquillaje >~Bases de maquillaje y corrector~https://tienda.mercadona.es/product/15747/prebase-maquillaje-matificante-primer~15747~2023-03-12 07:45:24.487950
Corrector Hydra-Vital Deliplus 01~1 ud.~| 5,00 €/ud~Not available~5.0~/ud.~Maquillaje >~Bases de maquillaje y corrector~https://tienda.mercadona.es/product/40265/corrector-hydra-vital-deliplus-01~40265~2023-03-12 07:45:25.055264
Corrector Hydra-Vital Deliplus 02~1 ud.~| 5,00 €/ud~Not available~5.0~/ud.~Maquillaje >~Bases de maquillaje y corrector~https://tienda.mercadona.es/product/40266/corrector-hydra-vital-deliplus-02~40266~2023-03-12 07:45:25.628719
Colorete compacto Blush Mate Deliplus 01 rosa~1 ud.~| 5,00 €/ud~Not available~5.0~/ud.~Maquillaje >~Colorete y polvos~https://tienda.mercadona.es/product/80353/colorete-compacto-blush-mate-deliplus-01-rosa~80353~2023-03-12 07:46:22.210967
Colorete compacto Blush Mate Deliplus 02 coral~1 ud.~| 5,00 €/ud~Not available~5.0~/ud.~Maquillaje >~Colorete y polvos~https://tienda.mercadona.es/product/80395/colorete-compacto-blush-mate-deliplus-02-coral~80395~2023-03-12 07:46:22.773652
Colorete compacto Blush Mate Deliplus 03 rojo~1 ud.~| 5,00 €/ud~Not available~5.0~/ud.~Maquillaje >~Colorete y polvos~https://tienda.mercadona.es/product/80396/colorete-compacto-blush-mate-deliplus-03-rojo~80396~2023-03-12 07:46:23.276562
Colorete compacto Blush Luminoso Deliplus 01 rosa~1 ud.~| 5,00 €/ud~Not available~5.0~/ud.~Maquillaje >~Colorete y polvos~https://tienda.mercadona.es/product/80399/colorete-compacto-blush-luminoso-deliplus-01-rosa~80399~2023-03-12 07:46:23.761077
Colorete compacto Blush Luminoso Deliplus 02 coral~1 ud.~| 5,00 €/ud~Not available~5.0~/ud.~Maquillaje >~Colorete y polvos~https://tienda.mercadona.es/product/80421/colorete-compacto-blush-luminoso-deliplus-02-coral~80421~2023-03-12 07:46:24.215033
Colorete compacto Blush Luminoso Deliplus 03 dorado~1 ud.~| 5,00 €/ud~Not available~5.0~/ud.~Maquillaje >~Colorete y polvos~https://tienda.mercadona.es/product/80422/colorete-compacto-blush-luminoso-deliplus-03-dorado~80422~2023-03-12 07:46:24.674495
Colorete compacto Blush Satin Deliplus 01 rosa~1 ud.~| 5,00 €/ud~Not available~5.0~/ud.~Maquillaje >~Colorete y polvos~https://tienda.mercadona.es/product/80397/colorete-compacto-blush-satin-deliplus-01-rosa~80397~2023-03-12 07:46:25.085715
Colorete compacto Blush Satin Deliplus 02 natural~1 ud.~| 5,00 €/ud~Not available~5.0~/ud.~Maquillaje >~Colorete y polvos~https://tienda.mercadona.es/product/80398/colorete-compacto-blush-satin-deliplus-02-natural~80398~2023-03-12 07:46:25.537791
Paleta de coloretes faciales Mystic Deliplus contiene 5 tonos de textura polvo-suave~1 ud.~| 8,50 €/ud~Not available~8.5~/ud.~Maquillaje >~Colorete y polvos~https://tienda.mercadona.es/product/35367/paleta-coloretes-faciales-mystic-deliplus-contiene-5-tonos-textura-polvo-suave~35367~2023-03-12 07:46:25.997757
Polvo compacto Sol Deliplus claro FPS 15~1 ud.~| 7,50 €/ud~Not available~7.5~/ud.~Maquillaje >~Colorete y polvos~https://tienda.mercadona.es/product/80433/polvo-compacto-sol-deliplus-claro-fps-15~80433~2023-03-12 07:46:26.468144
Polvo compacto Sol Deliplus oscuro FPS 15~1 ud.~| 7,50 €/ud~Not available~7.5~/ud.~Maquillaje >~Colorete y polvos~https://tienda.mercadona.es/product/80434/polvo-compacto-sol-deliplus-oscuro-fps-15~80434~2023-03-12 07:46:26.943968
Polvo Compacto Deliplus 01 beige claro~1 ud.~| 5,50 €/ud~Not available~5.5~/ud.~Maquillaje >~Colorete y polvos~https://tienda.mercadona.es/product/80423/polvo-compacto-deliplus-01-beige-claro~80423~2023-03-12 07:46:27.465175
Polvo Compacto Deliplus 02 beige medio~1 ud.~| 5,50 €/ud~Not available~5.5~/ud.~Maquillaje >~Colorete y polvos~https://tienda.mercadona.es/product/80424/polvo-compacto-deliplus-02-beige-medio~80424~2023-03-12 07:46:27.958977
Polvo Compacto Deliplus 03 dorado~1 ud.~| 5,50 €/ud~Not available~5.5~/ud.~Maquillaje >~Colorete y polvos~https://tienda.mercadona.es/product/80425/polvo-compacto-deliplus-03-dorado~80425~2023-03-12 07:46:28.464187
Polvo Compacto Deliplus 04 moka~1 ud.~| 5,50 €/ud~Not available~5.5~/ud.~Maquillaje >~Colorete y polvos~https://tienda.mercadona.es/product/80426/polvo-compacto-deliplus-04-moka~80426~2023-03-12 07:46:29.006796
Polvo compacto Matificante Deliplus~1 ud.~| 5,50 €/ud~Not available~5.5~/ud.~Maquillaje >~Colorete y polvos~https://tienda.mercadona.es/product/80427/polvo-compacto-matificante-deliplus~80427~2023-03-12 07:46:29.495969
Polvo suelto Translúcido Deliplus 01~1 ud.~| 5,50 €/ud~Not available~5.5~/ud.~Maquillaje >~Colorete y polvos~https://tienda.mercadona.es/product/80428/polvo-suelto-translucido-deliplus-01~80428~2023-03-12 07:46:30.059507
Polvo compacto Balm Me Deliplus 01 crema~1 ud.~| 5,50 €/ud~Not available~5.5~/ud.~Maquillaje >~Colorete y polvos~https://tienda.mercadona.es/product/80429/polvo-compacto-balm-deliplus-01-crema~80429~2023-03-12 07:46:30.501071
Polvo compacto Balm Me Deliplus 02 arena~1 ud.~| 5,50 €/ud~Not available~5.5~/ud.~Maquillaje >~Colorete y polvos~https://tienda.mercadona.es/product/80430/polvo-compacto-balm-deliplus-02-arena~80430~2023-03-12 07:46:30.990793
Polvo compacto Balm Me Deliplus 03 siena~1 ud.~| 5,50 €/ud~Not available~5.5~/ud.~Maquillaje >~Colorete y polvos~https://tienda.mercadona.es/product/80431/polvo-compacto-balm-deliplus-03-siena~80431~2023-03-12 07:46:31.425575
Vaselina hidratante Deliplus~Tarro~100 g~| 2,00 €/100 g~2.0~/ud.~Fitoterapia y parafarmacia >~Parafarmacia~https://tienda.mercadona.es/product/77749/vaselina-hidratante-deliplus-tarro~77749~2023-03-12 08:04:13.471524
Vaselina perfumada para labios Deliplus frambuesa~Tarro~15 g~| 10,667 €/100 g~1.6~/ud.~Maquillaje >~Labios~https://tienda.mercadona.es/product/95730/vaselina-perfumada-labios-deliplus-frambuesa-tarro~95730~2023-03-12 08:04:14.157496
Bálsamo reparador labios Deliplus con aloe vera y vitamina E~15 ml~| 17,334 €/100 ml~Not available~2.6~/ud.~Maquillaje >~Labios~https://tienda.mercadona.es/product/22804/balsamo-reparador-labios-deliplus-con-aloe-vera-vitamina~22804~2023-03-12 08:04:14.804491
Contorno de labios Regen Skin Deliplus piel normal, seca y muy seca~Tarro~15 ml~| 30,00 €/100 ml~4.5~/ud.~Maquillaje >~Labios~https://tienda.mercadona.es/product/50245/contorno-labios-regen-skin-deliplus-piel-normal-seca-muy-seca-tarro~50245~2023-03-12 08:04:15.461434
Perfilador de labios Deliplus 06 Canela~1 ud.~| 2,50 €/ud~Not available~2.5~/ud.~Maquillaje >~Labios~https://tienda.mercadona.es/product/22350/perfilador-labios-deliplus-06-canela~22350~2023-03-12 08:04:16.082013
Perfilador de labios Long Lasting Deliplus 01 rosa nude~1 ud.~| 2,50 €/ud~Not available~2.5~/ud.~Maquillaje >~Labios~https://tienda.mercadona.es/product/80327/perfilador-labios-long-lasting-deliplus-01-rosa-nude~80327~2023-03-12 08:04:16.739407
Perfilador de labios Long Lasting Deliplus 06 fucsia~1 ud.~| 2,50 €/ud~Not available~2.5~/ud.~Maquillaje >~Labios~https://tienda.mercadona.es/product/80339/perfilador-labios-long-lasting-deliplus-06-fucsia~80339~2023-03-12 08:04:17.506303
Perfilador de labios Long Lasting Deliplus 07 rojo~1 ud.~| 2,50 €/ud~Not available~2.5~/ud.~Maquillaje >~Labios~https://tienda.mercadona.es/product/80341/perfilador-labios-long-lasting-deliplus-07-rojo~80341~2023-03-12 08:04:18.254402
Perfilador de labios Long Lasting Deliplus 08 granate~1 ud.~| 2,50 €/ud~Not available~2.5~/ud.~Maquillaje >~Labios~https://tienda.mercadona.es/product/80346/perfilador-labios-long-lasting-deliplus-08-granate~80346~2023-03-12 08:04:19.146696
Perfilador de labios Long Lasting Deliplus 09 transparente~1 ud.~| 2,50 €/ud~Not available~2.5~/ud.~Maquillaje >~Labios~https://tienda.mercadona.es/product/80347/perfilador-labios-long-lasting-deliplus-09-transparente~80347~2023-03-12 08:04:19.827667
Perfilador de labios Deliplus 02 marsala~1 ud.~| 2,50 €/ud~Not available~2.5~/ud.~Maquillaje >~Labios~https://tienda.mercadona.es/product/80295/perfilador-labios-deliplus-02-marsala~80295~2023-03-12 08:04:20.505768
Perfilador de labios Deliplus 03 caldera~1 ud.~| 2,50 €/ud~Not available~2.5~/ud.~Maquillaje >~Labios~https://tienda.mercadona.es/product/80296/perfilador-labios-deliplus-03-caldera~80296~2023-03-12 08:04:21.088136
Perfilador de labios Deliplus 05 fresa~1 ud.~| 2,50 €/ud~Not available~2.5~/ud.~Maquillaje >~Labios~https://tienda.mercadona.es/product/80322/perfilador-labios-deliplus-05-fresa~80322~2023-03-12 08:04:21.658036
Perfilador de labios Deliplus 07 cereza~1 ud.~| 2,50 €/ud~Not available~2.5~/ud.~Maquillaje >~Labios~https://tienda.mercadona.es/product/67888/perfilador-labios-deliplus-07-cereza~67888~2023-03-12 08:04:22.345528
Perfilador de labios Long Lasting Deliplus 10 canela~1 ud.~| 2,50 €/ud~Not available~2.5~/ud.~Maquillaje >~Labios~https://tienda.mercadona.es/product/67713/perfilador-labios-long-lasting-deliplus-10-canela~67713~2023-03-12 08:04:23.022546
Pintalabios Color Fix Deliplus 01 larga duración~1 ud.~| 4,50 €/ud~Not available~4.5~/ud.~Maquillaje >~Labios~https://tienda.mercadona.es/product/44983/pintalabios-color-fix-deliplus-01-larga-duracion~44983~2023-03-12 08:04:23.737411
Pintalabios Color Fix Deliplus 02 larga duración~1 ud.~| 4,50 €/ud~Not available~4.5~/ud.~Maquillaje >~Labios~https://tienda.mercadona.es/product/44981/pintalabios-color-fix-deliplus-02-larga-duracion~44981~2023-03-12 08:04:24.482287
Pintalabios Color Fix Deliplus 03 larga duración~1 ud.~| 4,50 €/ud~Not available~4.5~/ud.~Maquillaje >~Labios~https://tienda.mercadona.es/product/44984/pintalabios-color-fix-deliplus-03-larga-duracion~44984~2023-03-12 08:04:25.094008
Pintalabios Color Fix Deliplus 04 larga duración~1 ud.~| 4,50 €/ud~Not available~4.5~/ud.~Maquillaje >~Labios~https://tienda.mercadona.es/product/44982/pintalabios-color-fix-deliplus-04-larga-duracion~44982~2023-03-12 08:04:25.795753
Pintalabios Color Fix Deliplus 05 larga duración~1 ud.~| 4,50 €/ud~Not available~4.5~/ud.~Maquillaje >~Labios~https://tienda.mercadona.es/product/46387/pintalabios-color-fix-deliplus-05-larga-duracion~46387~2023-03-12 08:04:26.420945
Pintalabios Color Fix Deliplus 06 larga duración~1 ud.~| 4,50 €/ud~Not available~4.5~/ud.~Maquillaje >~Labios~https://tienda.mercadona.es/product/46533/pintalabios-color-fix-deliplus-06-larga-duracion~46533~2023-03-12 08:04:27.002485
Pintalabios Color Fix Deliplus 07 frambuesa larga duración~1 ud.~| 4,50 €/ud~Not available~4.5~/ud.~Maquillaje >~Labios~https://tienda.mercadona.es/product/80287/pintalabios-color-fix-deliplus-07-frambuesa-larga-duracion~80287~2023-03-12 08:04:27.626617
Pintalabios Color Fix Deliplus 10 nude larga duración~1 ud.~| 4,50 €/ud~Not available~4.5~/ud.~Maquillaje >~Labios~https://tienda.mercadona.es/product/80285/pintalabios-color-fix-deliplus-10-nude-larga-duracion~80285~2023-03-12 08:04:28.262075
Pintalabios Color Fix Deliplus 11 marrón larga duración~1 ud.~| 4,50 €/ud~Not available~4.5~/ud.~Maquillaje >~Labios~https://tienda.mercadona.es/product/80286/pintalabios-color-fix-deliplus-11-marron-larga-duracion~80286~2023-03-12 08:04:28.838343
Pintalabios fijo Superstay Vinyl Ink Maybelline 15 peachy~1 ud.~| 11,95 €/ud~Not available~11.95~/ud.~Maquillaje >~Labios~https://tienda.mercadona.es/product/35432/pintalabios-fijo-superstay-vinyl-ink-maybelline-15-peachy~35432~2023-03-12 08:04:29.475157
Pintalabios fijo Superstay Vinyl Ink Maybelline 20 coy~1 ud.~| 11,95 €/ud~Not available~11.95~/ud.~Maquillaje >~Labios~https://tienda.mercadona.es/product/35433/pintalabios-fijo-superstay-vinyl-ink-maybelline-20-coy~35433~2023-03-12 08:04:30.206418
Pintalabios fijo Superstay Vinyl Ink Maybelline 30 unrivaled~1 ud.~| 11,95 €/ud~Not available~11.95~/ud.~Maquillaje >~Labios~https://tienda.mercadona.es/product/35434/pintalabios-fijo-superstay-vinyl-ink-maybelline-30-unrivaled~35434~2023-03-12 08:04:30.888123
Pintalabios fijo Superstay Vinyl Ink Maybelline 35 cheeky~1 ud.~| 11,95 €/ud~Not available~11.95~/ud.~Maquillaje >~Labios~https://tienda.mercadona.es/product/35435/pintalabios-fijo-superstay-vinyl-ink-maybelline-35-cheeky~35435~2023-03-12 08:04:31.549389
Pintalabios fijo Superstay Vinyl Ink Maybelline 50 wicked~1 ud.~| 11,95 €/ud~Not available~11.95~/ud.~Maquillaje >~Labios~https://tienda.mercadona.es/product/35436/pintalabios-fijo-superstay-vinyl-ink-maybelline-50-wicked~35436~2023-03-12 08:04:32.286906
Pintalabios Creamy Deliplus 201 nude~1 ud.~| 4,65 €/ud~Not available~4.65~/ud.~Maquillaje >~Labios~https://tienda.mercadona.es/product/22529/pintalabios-creamy-deliplus-201-nude~22529~2023-03-12 08:04:33.025839
Pintalabios Creamy Deliplus 202 rosa cálido~1 ud.~| 4,65 €/ud~Not available~4.65~/ud.~Maquillaje >~Labios~https://tienda.mercadona.es/product/22530/pintalabios-creamy-deliplus-202-rosa-calido~22530~2023-03-12 08:04:33.751977
Pintalabios Creamy Deliplus 203 malva~1 ud.~| 4,65 €/ud~Not available~4.65~/ud.~Maquillaje >~Labios~https://tienda.mercadona.es/product/22531/pintalabios-creamy-deliplus-203-malva~22531~2023-03-12 08:04:34.425752
Pintalabios Creamy Deliplus 204 rosa pétalo~1 ud.~| 4,65 €/ud~Not available~4.65~/ud.~Maquillaje >~Labios~https://tienda.mercadona.es/product/41152/pintalabios-creamy-deliplus-204-rosa-petalo~41152~2023-03-12 08:04:35.076936
Pintalabios Creamy Deliplus 205 rosa fucsia~1 ud.~| 4,65 €/ud~Not available~4.65~/ud.~Maquillaje >~Labios~https://tienda.mercadona.es/product/22532/pintalabios-creamy-deliplus-205-rosa-fucsia~22532~2023-03-12 08:04:35.743422
Pintalabios Creamy Deliplus 206 frambuesa~1 ud.~| 4,65 €/ud~Not available~4.65~/ud.~Maquillaje >~Labios~https://tienda.mercadona.es/product/22533/pintalabios-creamy-deliplus-206-frambuesa~22533~2023-03-12 08:04:36.413313
Pintalabios Creamy Deliplus 11 ciruela~1 ud.~| 4,65 €/ud~Not available~4.65~/ud.~Maquillaje >~Labios~https://tienda.mercadona.es/product/41258/pintalabios-creamy-deliplus-11-ciruela~41258~2023-03-12 08:04:37.095504
Pintalabios Creamy Deliplus 208 violeta~1 ud.~| 4,65 €/ud~Not available~4.65~/ud.~Maquillaje >~Labios~https://tienda.mercadona.es/product/22534/pintalabios-creamy-deliplus-208-violeta~22534~2023-03-12 08:04:37.700359
Pintalabios Creamy Deliplus 209 caldera~1 ud.~| 4,65 €/ud~Not available~4.65~/ud.~Maquillaje >~Labios~https://tienda.mercadona.es/product/22535/pintalabios-creamy-deliplus-209-caldera~22535~2023-03-12 08:04:38.317483
Pintalabios Creamy Deliplus 210 rojo~1 ud.~| 4,65 €/ud~Not available~4.65~/ud.~Maquillaje >~Labios~https://tienda.mercadona.es/product/22536/pintalabios-creamy-deliplus-210-rojo~22536~2023-03-12 08:04:38.950701
Pintalabios Creamy Deliplus 211 granate~1 ud.~| 4,65 €/ud~Not available~4.65~/ud.~Maquillaje >~Labios~https://tienda.mercadona.es/product/35140/pintalabios-creamy-deliplus-211-granate~35140~2023-03-12 08:04:39.607288
Pintalabios Creamy Deliplus 212 marrón crema~1 ud.~| 4,65 €/ud~Not available~4.65~/ud.~Maquillaje >~Labios~https://tienda.mercadona.es/product/41151/pintalabios-creamy-deliplus-212-marron-crema~41151~2023-03-12 08:04:40.255610
Pintalabios Creamy Deliplus 213 marsala~1 ud.~| 4,65 €/ud~Not available~4.65~/ud.~Maquillaje >~Labios~https://tienda.mercadona.es/product/40055/pintalabios-creamy-deliplus-213-marsala~40055~2023-03-12 08:04:40.939877
Bálsamo labial Color Balm Deliplus 05 rojo~1 ud.~| 4,50 €/ud~Not available~4.5~/ud.~Maquillaje >~Labios~https://tienda.mercadona.es/product/40327/balsamo-labial-color-balm-deliplus-05-rojo~40327~2023-03-12 08:04:41.619739
Bálsamo labial Color Balm Deliplus 06 morado~1 ud.~| 4,50 €/ud~Not available~4.5~/ud.~Maquillaje >~Labios~https://tienda.mercadona.es/product/40328/balsamo-labial-color-balm-deliplus-06-morado~40328~2023-03-12 08:04:42.279829
Bálsamo labial Color Balm Deliplus 07 nude pink~1 ud.~| 4,50 €/ud~Not available~4.5~/ud.~Maquillaje >~Labios~https://tienda.mercadona.es/product/35336/balsamo-labial-color-balm-deliplus-07-nude-pink~35336~2023-03-12 08:04:43.101786
Bálsamo labial Color Balm Deliplus 08 nude beige~1 ud.~| 4,50 €/ud~Not available~4.5~/ud.~Maquillaje >~Labios~https://tienda.mercadona.es/product/35337/balsamo-labial-color-balm-deliplus-08-nude-beige~35337~2023-03-12 08:04:43.857561
Bálsamo labial Color Balm Deliplus 09 rosa medio perlado~1 ud.~| 4,50 €/ud~Not available~4.5~/ud.~Maquillaje >~Labios~https://tienda.mercadona.es/product/35338/balsamo-labial-color-balm-deliplus-09-rosa-medio-perlado~35338~2023-03-12 08:04:44.625197
Brillo de labios Volumizer gloss Deliplus 01 transparente~1 ud.~| 5,00 €/ud~Not available~5.0~/ud.~Maquillaje >~Labios~https://tienda.mercadona.es/product/35377/brillo-labios-volumizer-gloss-deliplus-01-transparente~35377~2023-03-12 08:04:45.308480
Brillo de labios Volumizer gloss Deliplus 02 nude~1 ud.~| 5,00 €/ud~Not available~5.0~/ud.~Maquillaje >~Labios~https://tienda.mercadona.es/product/35378/brillo-labios-volumizer-gloss-deliplus-02-nude~35378~2023-03-12 08:04:46.010598
Brillo de labios Volumizer gloss Deliplus 03 pink nude~1 ud.~| 5,00 €/ud~Not available~5.0~/ud.~Maquillaje >~Labios~https://tienda.mercadona.es/product/35379/brillo-labios-volumizer-gloss-deliplus-03-pink-nude~35379~2023-03-12 08:04:46.671280
Brillo de labios Volumizer gloss Deliplus 04 coral~1 ud.~| 5,00 €/ud~Not available~5.0~/ud.~Maquillaje >~Labios~https://tienda.mercadona.es/product/35380/brillo-labios-volumizer-gloss-deliplus-04-coral~35380~2023-03-12 08:04:47.365776
Brillo de labios Volumizer gloss Deliplus 05 rosa~1 ud.~| 5,00 €/ud~Not available~5.0~/ud.~Maquillaje >~Labios~https://tienda.mercadona.es/product/35381/brillo-labios-volumizer-gloss-deliplus-05-rosa~35381~2023-03-12 08:04:48.032733
Brillo de labios Volumizer gloss Deliplus 06 morado~1 ud.~| 5,00 €/ud~Not available~5.0~/ud.~Maquillaje >~Labios~https://tienda.mercadona.es/product/35382/brillo-labios-volumizer-gloss-deliplus-06-morado~35382~2023-03-12 08:04:48.651500
Pintalabios Mystic Shine Deliplus 02 rosa~1 ud.~| 5,00 €/ud~Not available~5.0~/ud.~Maquillaje >~Labios~https://tienda.mercadona.es/product/35369/pintalabios-mystic-shine-deliplus-02-rosa~35369~2023-03-12 08:04:49.270053
Pintalabios Mystic Shine Deliplus 03 frambuesa~1 ud.~| 5,00 €/ud~Not available~5.0~/ud.~Maquillaje >~Labios~https://tienda.mercadona.es/product/35370/pintalabios-mystic-shine-deliplus-03-frambuesa~35370~2023-03-12 08:04:49.913333
Brillo de labios Magnolia 01 Daisy~1 ud.~| 5,00 €/ud~Not available~5.0~/ud.~Maquillaje >~Labios~https://tienda.mercadona.es/product/35508/brillo-labios-magnolia-01-daisy~35508~2023-03-12 08:04:50.612958
Pintalabios mate Deliplus 101 nude~1 ud.~| 4,65 €/ud~Not available~4.65~/ud.~Maquillaje >~Labios~https://tienda.mercadona.es/product/23540/pintalabios-mate-deliplus-101-nude~23540~2023-03-12 08:04:51.303088
Pintalabios mate Deliplus 102 caramelo~1 ud.~| 4,65 €/ud~Not available~4.65~/ud.~Maquillaje >~Labios~https://tienda.mercadona.es/product/23541/pintalabios-mate-deliplus-102-caramelo~23541~2023-03-12 08:04:51.945517
Pintalabios Mate Deliplus 103 rosa medio~1 ud.~| 4,65 €/ud~Not available~4.65~/ud.~Maquillaje >~Labios~https://tienda.mercadona.es/product/23542/pintalabios-mate-deliplus-103-rosa-medio~23542~2023-03-12 08:04:52.536630
Pintalabios Mate Deliplus 104 violeta~1 ud.~| 4,65 €/ud~Not available~4.65~/ud.~Maquillaje >~Labios~https://tienda.mercadona.es/product/23543/pintalabios-mate-deliplus-104-violeta~23543~2023-03-12 08:04:53.118842
Pintalabios Mate Deliplus 105 fucsia Intenso~1 ud.~| 4,65 €/ud~Not available~4.65~/ud.~Maquillaje >~Labios~https://tienda.mercadona.es/product/23544/pintalabios-mate-deliplus-105-fucsia-intenso~23544~2023-03-12 08:04:53.778303
Pintalabios Mate Deliplus 106 morado~1 ud.~| 4,65 €/ud~Not available~4.65~/ud.~Maquillaje >~Labios~https://tienda.mercadona.es/product/60928/pintalabios-mate-deliplus-106-morado~60928~2023-03-12 08:04:54.373494
Pintalabios Mate Deliplus 107 caldera~1 ud.~| 4,65 €/ud~Not available~4.65~/ud.~Maquillaje >~Labios~https://tienda.mercadona.es/product/60929/pintalabios-mate-deliplus-107-caldera~60929~2023-03-12 08:04:54.958813
Pintalabios Mate Deliplus 108 rojo~1 ud.~| 4,65 €/ud~Not available~4.65~/ud.~Maquillaje >~Labios~https://tienda.mercadona.es/product/60930/pintalabios-mate-deliplus-108-rojo~60930~2023-03-12 08:04:55.549385
Pintalabios Mate Deliplus 109 frambuesa~1 ud.~| 4,65 €/ud~Not available~4.65~/ud.~Maquillaje >~Labios~https://tienda.mercadona.es/product/60931/pintalabios-mate-deliplus-109-frambuesa~60931~2023-03-12 08:04:56.151851
Pintalabios Mate Deliplus 110 vino~1 ud.~| 4,65 €/ud~Not available~4.65~/ud.~Maquillaje >~Labios~https://tienda.mercadona.es/product/60932/pintalabios-mate-deliplus-110-vino~60932~2023-03-12 08:04:56.738927
Pintalabios Mate Deliplus 111 marrón~1 ud.~| 4,65 €/ud~Not available~4.65~/ud.~Maquillaje >~Labios~https://tienda.mercadona.es/product/60933/pintalabios-mate-deliplus-111-marron~60933~2023-03-12 08:04:57.484578
Pintalabios Mate Deliplus 112 chocolate~1 ud.~| 4,65 €/ud~Not available~4.65~/ud.~Maquillaje >~Labios~https://tienda.mercadona.es/product/60934/pintalabios-mate-deliplus-112-chocolate~60934~2023-03-12 08:04:58.102979
Pintalabios mate Superstay Matte Ink Maybelline 15 Lover larga duración~1 ud.~| 8,50 €/ud~Not available~8.5~/ud.~Maquillaje >~Labios~https://tienda.mercadona.es/product/16829/pintalabios-mate-superstay-matte-ink-maybelline-15-lover-larga-duracion~16829~2023-03-12 08:04:58.812945
Pintalabios mate Superstay Matte Ink Maybelline 20 Pioneer larga duración~1 ud.~| 8,50 €/ud~Not available~8.5~/ud.~Maquillaje >~Labios~https://tienda.mercadona.es/product/70066/pintalabios-mate-superstay-matte-ink-maybelline-20-pioneer-larga-duracion~70066~2023-03-12 08:04:59.453461
Pintalabios mate Superstay Matte Ink Maybelline 50 Voyager larga duración~1 ud.~| 8,50 €/ud~Not available~8.5~/ud.~Maquillaje >~Labios~https://tienda.mercadona.es/product/70067/pintalabios-mate-superstay-matte-ink-maybelline-50-voyager-larga-duracion~70067~2023-03-12 08:05:00.104140
Pintalabios mate Superstay Matte Ink Maybelline 65 Seductress larga duración~1 ud.~| 8,50 €/ud~Not available~8.5~/ud.~Maquillaje >~Labios~https://tienda.mercadona.es/product/16834/pintalabios-mate-superstay-matte-ink-maybelline-65-seductress-larga-duracion~16834~2023-03-12 08:05:00.808636
Pintalabios mate Superstay Matte Ink Maybelline 70 Amazonian larga duración~1 ud.~| 8,50 €/ud~Not available~8.5~/ud.~Maquillaje >~Labios~https://tienda.mercadona.es/product/70073/pintalabios-mate-superstay-matte-ink-maybelline-70-amazonian-larga-duracion~70073~2023-03-12 08:05:01.530968
Pintalabios mate Superstay Matte Ink Maybelline 80 Ruler larga duración~1 ud.~| 8,50 €/ud~Not available~8.5~/ud.~Maquillaje >~Labios~https://tienda.mercadona.es/product/70074/pintalabios-mate-superstay-matte-ink-maybelline-80-ruler-larga-duracion~70074~2023-03-12 08:05:02.181235
Pintalabios mate Superstay Matte Ink Maybelline 120 Artist larga duración~1 ud.~| 8,50 €/ud~Not available~8.5~/ud.~Maquillaje >~Labios~https://tienda.mercadona.es/product/16835/pintalabios-mate-superstay-matte-ink-maybelline-120-artist-larga-duracion~16835~2023-03-12 08:05:02.851398
Pintalabios Fluido Mate Deliplus 01 nude beige larga duración~1 ud.~| 5,00 €/ud~Not available~5.0~/ud.~Maquillaje >~Labios~https://tienda.mercadona.es/product/22621/pintalabios-fluido-mate-deliplus-01-nude-beige-larga-duracion~22621~2023-03-12 08:05:03.504815
Pintalabios Fluido Mate Deliplus 02 nude rosado larga duración~1 ud.~| 5,00 €/ud~Not available~5.0~/ud.~Maquillaje >~Labios~https://tienda.mercadona.es/product/22622/pintalabios-fluido-mate-deliplus-02-nude-rosado-larga-duracion~22622~2023-03-12 08:05:04.150420
Pintalabios Fluido Mate Deliplus 03 terracota larga duración~1 ud.~| 5,00 €/ud~Not available~5.0~/ud.~Maquillaje >~Labios~https://tienda.mercadona.es/product/22623/pintalabios-fluido-mate-deliplus-03-terracota-larga-duracion~22623~2023-03-12 08:05:04.967188
Pintalabios Fluido Mate Deliplus 04 granate larga duración~1 ud.~| 5,00 €/ud~Not available~5.0~/ud.~Maquillaje >~Labios~https://tienda.mercadona.es/product/22624/pintalabios-fluido-mate-deliplus-04-granate-larga-duracion~22624~2023-03-12 08:05:05.638016
Pintalabios Fluido Mate Deliplus 05 rojo larga duración~1 ud.~| 5,00 €/ud~Not available~5.0~/ud.~Maquillaje >~Labios~https://tienda.mercadona.es/product/22625/pintalabios-fluido-mate-deliplus-05-rojo-larga-duracion~22625~2023-03-12 08:05:06.293255
Pintalabios Fluido Mate Deliplus 06 caldera larga duración~1 ud.~| 5,00 €/ud~Not available~5.0~/ud.~Maquillaje >~Labios~https://tienda.mercadona.es/product/23082/pintalabios-fluido-mate-deliplus-06-caldera-larga-duracion~23082~2023-03-12 08:05:06.951390
Pintalabios Fluido Mate Deliplus 07 rosa violeta larga duración~1 ud.~| 5,00 €/ud~Not available~5.0~/ud.~Maquillaje >~Labios~https://tienda.mercadona.es/product/23083/pintalabios-fluido-mate-deliplus-07-rosa-violeta-larga-duracion~23083~2023-03-12 08:05:07.619029
Pintalabios Fluido Mate Deliplus 08 rosa palo larga duración~1 ud.~| 5,00 €/ud~Not available~5.0~/ud.~Maquillaje >~Labios~https://tienda.mercadona.es/product/23084/pintalabios-fluido-mate-deliplus-08-rosa-palo-larga-duracion~23084~2023-03-12 08:05:08.262628
Pintalabios semi mate Magnolia 01 Lily~1 ud.~| 5,00 €/ud~Not available~5.0~/ud.~Maquillaje >~Labios~https://tienda.mercadona.es/product/35509/pintalabios-semi-mate-magnolia-01-lily~35509~2023-03-12 08:05:08.971765
Pintalabios semi mate Magnolia 03 Peony~1 ud.~| 5,00 €/ud~Not available~5.0~/ud.~Maquillaje >~Labios~https://tienda.mercadona.es/product/35511/pintalabios-semi-mate-magnolia-03-peony~35511~2023-03-12 08:05:09.682776
Pintalabios semi mate Magnolia 04 Poppy~1 ud.~| 5,00 €/ud~Not available~5.0~/ud.~Maquillaje >~Labios~https://tienda.mercadona.es/product/35512/pintalabios-semi-mate-magnolia-04-poppy~35512~2023-03-12 08:05:10.389942
Perfilador de ojos Waterproof Deliplus 01 negro con esponja~1 ud.~| 2,50 €/ud~Not available~2.5~/ud.~Maquillaje >~Ojos~https://tienda.mercadona.es/product/23199/perfilador-ojos-waterproof-deliplus-01-negro-con-esponja~23199~2023-03-12 08:11:19.454042
Perfilador de ojos Waterproof Deliplus 06 marrón con esponja~1 ud.~| 2,50 €/ud~Not available~2.5~/ud.~Maquillaje >~Ojos~https://tienda.mercadona.es/product/80276/perfilador-ojos-waterproof-deliplus-06-marron-con-esponja~80276~2023-03-12 08:11:20.060275
Perfilador de ojos Waterproof Deliplus 07 verde turquesa con esponja~1 ud.~| 2,50 €/ud~Not available~2.5~/ud.~Maquillaje >~Ojos~https://tienda.mercadona.es/product/80277/perfilador-ojos-waterproof-deliplus-07-verde-turquesa-con-esponja~80277~2023-03-12 08:11:20.591455
Perfilador de ojos Deliplus 01 negro con esponja~1 ud.~| 2,50 €/ud~Not available~2.5~/ud.~Maquillaje >~Ojos~https://tienda.mercadona.es/product/80265/perfilador-ojos-deliplus-01-negro-con-esponja~80265~2023-03-12 08:11:21.118238
Perfilador de ojos Deliplus 02 marrón con esponja~1 ud.~| 2,50 €/ud~Not available~2.5~/ud.~Maquillaje >~Ojos~https://tienda.mercadona.es/product/80266/perfilador-ojos-deliplus-02-marron-con-esponja~80266~2023-03-12 08:11:21.651760
Perfilador de ojos Deliplus 03 verde con esponja~1 ud.~| 2,50 €/ud~Not available~2.5~/ud.~Maquillaje >~Ojos~https://tienda.mercadona.es/product/80267/perfilador-ojos-deliplus-03-verde-con-esponja~80267~2023-03-12 08:11:22.180743
Perfilador de ojos Deliplus 04 azul oscuro con esponja~1 ud.~| 2,50 €/ud~Not available~2.5~/ud.~Maquillaje >~Ojos~https://tienda.mercadona.es/product/67712/perfilador-ojos-deliplus-04-azul-oscuro-con-esponja~67712~2023-03-12 08:11:22.662715
Perfilador de ojos Deliplus 06 Beige con esponja~1 ud.~| 2,50 €/ud~Not available~2.5~/ud.~Maquillaje >~Ojos~https://tienda.mercadona.es/product/23595/perfilador-ojos-deliplus-06-beige-con-esponja~23595~2023-03-12 08:11:23.174776
Perfilador de ojos Waterproof Deliplus 09 azul turquesa metalizado con esponja~1 ud.~| 2,50 €/ud~Not available~2.5~/ud.~Maquillaje >~Ojos~https://tienda.mercadona.es/product/80279/perfilador-ojos-waterproof-deliplus-09-azul-turquesa-metalizado-con-esponja~80279~2023-03-12 08:11:23.701129
Perfilador de ojos Eyeliner waterproof Deliplus negro~1 ud.~| 3,50 €/ud~Not available~3.5~/ud.~Maquillaje >~Ojos~https://tienda.mercadona.es/product/67584/perfilador-ojos-eyeliner-waterproof-deliplus-negro~67584~2023-03-12 08:11:24.232134
Perfilador de ojos Eyeliner Deliplus 02 negro~1 ud.~| 3,50 €/ud~Not available~3.5~/ud.~Maquillaje >~Ojos~https://tienda.mercadona.es/product/73358/perfilador-ojos-eyeliner-deliplus-02-negro~73358~2023-03-12 08:11:24.854731
Delineador de ojos Deliplus negro~1 ud.~| 3,75 €/ud~Not available~3.75~/ud.~Maquillaje >~Ojos~https://tienda.mercadona.es/product/80264/delineador-ojos-deliplus-negro~80264~2023-03-12 08:11:25.409324
Máscara de cejas Deliplus marrón~1 ud.~| 4,00 €/ud~Not available~4.0~/ud.~Maquillaje >~Ojos~https://tienda.mercadona.es/product/41744/mascara-cejas-deliplus-marron~41744~2023-03-12 08:11:26.004031
Máscara de pestañas y cejas Transparente Deliplus~1 ud.~| 3,00 €/ud~Not available~3.0~/ud.~Maquillaje >~Ojos~https://tienda.mercadona.es/product/73349/mascara-pestanas-cejas-transparente-deliplus~73349~2023-03-12 08:11:26.534939
Perfilador de cejas Long Lasting Deliplus 01 claro con cepillo~1 ud.~| 2,75 €/ud~Not available~2.75~/ud.~Maquillaje >~Ojos~https://tienda.mercadona.es/product/23523/perfilador-cejas-long-lasting-deliplus-01-claro-con-cepillo~23523~2023-03-12 08:11:27.020418
Perfilador de cejas Deliplus 02 medio con cepillo~1 ud.~| 2,75 €/ud~Not available~2.75~/ud.~Maquillaje >~Ojos~https://tienda.mercadona.es/product/23524/perfilador-cejas-deliplus-02-medio-con-cepillo~23524~2023-03-12 08:11:27.536742
Perfilador de cejas Long Lasting Deliplus 03 oscuro con cepillo~1 ud.~| 2,75 €/ud~Not available~2.75~/ud.~Maquillaje >~Ojos~https://tienda.mercadona.es/product/23525/perfilador-cejas-long-lasting-deliplus-03-oscuro-con-cepillo~23525~2023-03-12 08:11:28.067175
Perfilador de cejas micro Deliplus 02 oscuro con cepillo~1 ud.~| 3,50 €/ud~Not available~3.5~/ud.~Maquillaje >~Ojos~https://tienda.mercadona.es/product/67722/perfilador-cejas-micro-deliplus-02-oscuro-con-cepillo~67722~2023-03-12 08:11:28.601925
Perfilador de cejas micro Deliplus 01 claro con cepillo~1 ud.~| 3,50 €/ud~Not available~3.5~/ud.~Maquillaje >~Ojos~https://tienda.mercadona.es/product/67721/perfilador-cejas-micro-deliplus-01-claro-con-cepillo~67721~2023-03-12 08:11:29.128996
Máscara de pestañas Water Resistant Deliplus negro~1 ud.~| 4,00 €/ud~Not available~4.0~/ud.~Maquillaje >~Ojos~https://tienda.mercadona.es/product/67577/mascara-pestanas-water-resistant-deliplus-negro~67577~2023-03-12 08:11:29.658565
Rizador de pestañas Deliplus~Caja~1 ud.~| 4,50 €/ud~4.5~/ud.~Maquillaje >~Ojos~https://tienda.mercadona.es/product/13556/rizador-pestanas-deliplus-caja~13556~2023-03-12 08:11:30.205027
Máscara de pestañas Maxi Color Deliplus 02 marrón~1 ud.~| 3,65 €/ud~Not available~3.65~/ud.~Maquillaje >~Ojos~https://tienda.mercadona.es/product/73356/mascara-pestanas-maxi-color-deliplus-02-marron~73356~2023-03-12 08:11:30.767043
Máscara de pestañas y cejas Transparente Deliplus~1 ud.~| 3,00 €/ud~Not available~3.0~/ud.~Maquillaje >~Ojos~https://tienda.mercadona.es/product/73349/mascara-pestanas-cejas-transparente-deliplus~73349~2023-03-12 08:11:31.291019
Máscara de pestañas Volume & Curve XL Deliplus negro~1 ud.~| 3,65 €/ud~Not available~3.65~/ud.~Maquillaje >~Ojos~https://tienda.mercadona.es/product/73350/mascara-pestanas-volume-curve-xl-deliplus-negro~73350~2023-03-12 08:11:31.818099
Máscara de pestañas Maxi Volume Deliplus negro~1 ud.~| 3,65 €/ud~Not available~3.65~/ud.~Maquillaje >~Ojos~https://tienda.mercadona.es/product/73352/mascara-pestanas-maxi-volume-deliplus-negro~73352~2023-03-12 08:11:32.348645
Máscara de pestañas 4D Volume Deliplus negro~1 ud.~| 3,65 €/ud~Not available~3.65~/ud.~Maquillaje >~Ojos~https://tienda.mercadona.es/product/73351/mascara-pestanas-4d-volume-deliplus-negro~73351~2023-03-12 08:11:32.887440
Máscara de pestañas Long Xtrem Deliplus negro~1 ud.~| 3,65 €/ud~Not available~3.65~/ud.~Maquillaje >~Ojos~https://tienda.mercadona.es/product/73348/mascara-pestanas-long-xtrem-deliplus-negro~73348~2023-03-12 08:11:33.430467
Sombra de ojos Mate Deliplus 01~1 ud.~| 3,50 €/ud~Not available~3.5~/ud.~Maquillaje >~Ojos~https://tienda.mercadona.es/product/73365/sombra-ojos-mate-deliplus-01~73365~2023-03-12 08:11:33.968882
Sombra de ojos Mate Deliplus 06~1 ud.~| 3,50 €/ud~Not available~3.5~/ud.~Maquillaje >~Ojos~https://tienda.mercadona.es/product/73360/sombra-ojos-mate-deliplus-06~73360~2023-03-12 08:11:34.617479
Sombra de ojos Satin Deliplus 07~1 ud.~| 3,50 €/ud~Not available~3.5~/ud.~Maquillaje >~Ojos~https://tienda.mercadona.es/product/73371/sombra-ojos-satin-deliplus-07~73371~2023-03-12 08:11:35.102101
Sombra de ojos Satin Deliplus 08~1 ud.~| 3,50 €/ud~Not available~3.5~/ud.~Maquillaje >~Ojos~https://tienda.mercadona.es/product/73369/sombra-ojos-satin-deliplus-08~73369~2023-03-12 08:11:35.580636
Sombra de ojos Satin Deliplus 09~1 ud.~| 3,50 €/ud~Not available~3.5~/ud.~Maquillaje >~Ojos~https://tienda.mercadona.es/product/73374/sombra-ojos-satin-deliplus-09~73374~2023-03-12 08:11:36.086833
Sombra de ojos Metal Deliplus 19~1 ud.~| 3,50 €/ud~Not available~3.5~/ud.~Maquillaje >~Ojos~https://tienda.mercadona.es/product/70793/sombra-ojos-metal-deliplus-19~70793~2023-03-12 08:11:36.557509
Sombra de ojos Long Lasting Deliplus 02~1 ud.~| 4,25 €/ud~Not available~4.25~/ud.~Maquillaje >~Ojos~https://tienda.mercadona.es/product/40275/sombra-ojos-long-lasting-deliplus-02~40275~2023-03-12 08:11:37.025389
Sombra de ojos Long Lasting Deliplus 04~1 ud.~| 4,25 €/ud~Not available~4.25~/ud.~Maquillaje >~Ojos~https://tienda.mercadona.es/product/40277/sombra-ojos-long-lasting-deliplus-04~40277~2023-03-12 08:11:37.509800
Sombra de ojos Long Lasting Deliplus 05~1 ud.~| 4,25 €/ud~Not available~4.25~/ud.~Maquillaje >~Ojos~https://tienda.mercadona.es/product/40279/sombra-ojos-long-lasting-deliplus-05~40279~2023-03-12 08:11:38.035308
Sombra de ojos Long Lasting Deliplus 08~1 ud.~| 4,25 €/ud~Not available~4.25~/ud.~Maquillaje >~Ojos~https://tienda.mercadona.es/product/35153/sombra-ojos-long-lasting-deliplus-08~35153~2023-03-12 08:11:38.593310
Sombra de ojos Long Lasting Deliplus 12~1 ud.~| 3,00 €/ud~Not available~3.0~/ud.~Maquillaje >~Ojos~https://tienda.mercadona.es/product/40369/sombra-ojos-long-lasting-deliplus-12~40369~2023-03-12 08:11:39.076559
Paleta sombras de ojos Magnolia acabado mate y satinado~1 ud.~| 8,50 €/ud~Not available~8.5~/ud.~Maquillaje >~Ojos~https://tienda.mercadona.es/product/35506/paleta-sombras-ojos-magnolia-acabado-mate-satinado~35506~2023-03-12 08:11:39.610606
Esponja maquillaje triángulos Deliplus~4 ud.~| 0,563 €/ud~Not available~2.25~/ud.~Maquillaje >~Pinceles y brochas~https://tienda.mercadona.es/product/46368/esponja-maquillaje-triangulos-deliplus~46368~2023-03-12 08:12:19.361526
Sacapuntas doble Deliplus lápiz fino y grueso~1 ud.~| 2,50 €/ud~Not available~2.5~/ud.~Maquillaje >~Pinceles y brochas~https://tienda.mercadona.es/product/77467/sacapuntas-doble-deliplus-lapiz-fino-grueso~77467~2023-03-12 08:12:19.891565
Pincel corrector Deliplus~1 ud.~| 5,00 €/ud~Not available~5.0~/ud.~Maquillaje >~Pinceles y brochas~https://tienda.mercadona.es/product/15785/pincel-corrector-deliplus~15785~2023-03-12 08:12:20.346264
Pincel sombra Deliplus~1 ud.~| 5,00 €/ud~Not available~5.0~/ud.~Maquillaje >~Pinceles y brochas~https://tienda.mercadona.es/product/15784/pincel-sombra-deliplus~15784~2023-03-12 08:12:20.800798
Pincel difuminador Deliplus~1 ud.~| 5,00 €/ud~Not available~5.0~/ud.~Maquillaje >~Pinceles y brochas~https://tienda.mercadona.es/product/15783/pincel-difuminador-deliplus~15783~2023-03-12 08:12:21.255798
Pincel delineador Deliplus~1 ud.~| 5,00 €/ud~Not available~5.0~/ud.~Maquillaje >~Pinceles y brochas~https://tienda.mercadona.es/product/15786/pincel-delineador-deliplus~15786~2023-03-12 08:12:21.719548
Pincel cejas Deliplus~1 ud.~| 5,00 €/ud~Not available~5.0~/ud.~Maquillaje >~Pinceles y brochas~https://tienda.mercadona.es/product/15788/pincel-cejas-deliplus~15788~2023-03-12 08:12:22.277980
Pincel iluminador Deliplus~1 ud.~| 6,00 €/ud~Not available~6.0~/ud.~Maquillaje >~Pinceles y brochas~https://tienda.mercadona.es/product/15782/pincel-iluminador-deliplus~15782~2023-03-12 08:12:22.729721
Pincel colorete Deliplus~1 ud.~| 6,00 €/ud~Not available~6.0~/ud.~Maquillaje >~Pinceles y brochas~https://tienda.mercadona.es/product/15779/pincel-colorete-deliplus~15779~2023-03-12 08:12:23.187258
Pincel polvos Deliplus~1 ud.~| 6,00 €/ud~Not available~6.0~/ud.~Maquillaje >~Pinceles y brochas~https://tienda.mercadona.es/product/15755/pincel-polvos-deliplus~15755~2023-03-12 08:12:23.645156
Brocha polvos Deliplus~1 ud.~| 6,00 €/ud~Not available~6.0~/ud.~Maquillaje >~Pinceles y brochas~https://tienda.mercadona.es/product/15789/brocha-polvos-deliplus~15789~2023-03-12 08:12:24.124900
Pincel contorno Deliplus~1 ud.~| 6,00 €/ud~Not available~6.0~/ud.~Maquillaje >~Pinceles y brochas~https://tienda.mercadona.es/product/15781/pincel-contorno-deliplus~15781~2023-03-12 08:12:24.582425
Pincel maquillaje Deliplus~1 ud.~| 6,00 €/ud~Not available~6.0~/ud.~Maquillaje >~Pinceles y brochas~https://tienda.mercadona.es/product/15780/pincel-maquillaje-deliplus~15780~2023-03-12 08:12:25.039508
Brocha maquillaje Deliplus~1 ud.~| 5,25 €/ud~Not available~5.25~/ud.~Maquillaje >~Pinceles y brochas~https://tienda.mercadona.es/product/15790/brocha-maquillaje-deliplus~15790~2023-03-12 08:12:25.493008
Preparado de paella y sopa Hacendado ultracongelado~Paquete~685 g escurrido~| 6,365 €/kg~4.36~/ud.~Congelados >~Marisco~https://tienda.mercadona.es/product/62007/preparado-paella-sopa-hacendado-ultracongelado-paquete~62007~2023-03-12 08:24:56.186047
Arreglo para paella de marisco~Bandeja~800 g aprox.~| 11,95 €/kg~9.56~/ud.~Marisco y pescado >~Marisco~https://tienda.mercadona.es/product/81003/arreglo-paella-marisco-bandeja~81003~2023-03-12 08:24:56.847709
Gambón congelado~Granel~150 g aprox.~| 10,95 €/kg~1.64~/150 g~Congelados >~Marisco~https://tienda.mercadona.es/product/24147/gambon-congelado-granel~24147~2023-03-12 08:24:57.411829
Gambón grande congelado~Caja~2 kg~| 9,95 €/kg~19.9~/ud.~Congelados >~Marisco~https://tienda.mercadona.es/product/24260/gambon-grande-congelado-caja~24260~2023-03-12 08:24:57.989040
Alistado mediano congelado~Granel~150 g aprox.~| 29,95 €/kg~4.49~/150 g~Congelados >~Marisco~https://tienda.mercadona.es/product/24706/alistado-mediano-congelado-granel~24706~2023-03-12 08:24:58.550392
Alistado mediano Hacendado congelado~Caja~1 kg aprox.~| 28,95 €/kg~28.95~/ud.~Congelados >~Marisco~https://tienda.mercadona.es/product/24704/alistado-mediano-hacendado-congelado-caja~24704~2023-03-12 08:24:59.154676
Alistado grande congelado~Granel~150 g aprox.~| 49,95 €/kg~7.49~/150 g~Congelados >~Marisco~https://tienda.mercadona.es/product/24703/alistado-grande-congelado-granel~24703~2023-03-12 08:24:59.649866
Langostino cocido~Granel~150 g aprox.~| 10,95 €/kg~1.64~/150 g~Marisco y pescado >~Marisco~https://tienda.mercadona.es/product/83490/langostino-cocido-granel~83490~2023-03-12 08:25:00.203129
Langostino crudo ultracongelado~Granel~150 g aprox.~| 10,50 €/kg~1.58~/150 g~Congelados >~Marisco~https://tienda.mercadona.es/product/24135/langostino-crudo-ultracongelado-granel~24135~2023-03-12 08:25:00.752828
Langostino crudo Pescanova ultracongelado~Caja~1 kg~| 10,25 €/kg~10.25~/ud.~Congelados >~Marisco~https://tienda.mercadona.es/product/24145/langostino-crudo-pescanova-ultracongelado-caja~24145~2023-03-12 08:25:01.315198
Langostino cocido Hacendado~Bandeja~600 g~| 11,00 €/kg~6.6~/ud.~Marisco y pescado >~Marisco~https://tienda.mercadona.es/product/87271/langostino-cocido-hacendado-bandeja~87271~2023-03-12 08:25:01.866754
Gamba arrocera Hacendado congelada~Granel~150 g aprox.~| 12,95 €/kg~1.94~/150 g~Congelados >~Marisco~https://tienda.mercadona.es/product/24701/gamba-arrocera-hacendado-congelada-granel~24701~2023-03-12 08:25:02.463186
Gamba blanca pequeña Hacendado congelada~Caja~1 kg aprox.~| 11,95 €/kg~11.95~/ud.~Congelados >~Marisco~https://tienda.mercadona.es/product/24700/gamba-blanca-pequena-hacendado-congelada-caja~24700~2023-03-12 08:25:03.006944
Gamba blanca cocida Hacendado ultracongelada~Bandeja~350 g~| 15,143 €/kg~5.3~/ud.~Congelados >~Marisco~https://tienda.mercadona.es/product/24278/gamba-blanca-cocida-hacendado-ultracongelada-bandeja~24278~2023-03-12 08:25:03.559015
Gamba pelada cruda tamaño mediano Hacendado ultracongelada~Paquete~360 g escurrido~| 14,167 €/kg~5.1~/ud.~Congelados >~Marisco~https://tienda.mercadona.es/product/24181/gamba-pelada-cruda-tamano-mediano-hacendado-ultracongelada-paquete~24181~2023-03-12 08:25:04.084077
Gamba pelada cruda tamaño grande Hacendado ultracongelada~Paquete~360 g escurrido~| 16,528 €/kg~5.95~/ud.~Congelados >~Marisco~https://tienda.mercadona.es/product/24230/gamba-pelada-cruda-tamano-grande-hacendado-ultracongelada-paquete~24230~2023-03-12 08:25:04.680441
Camarón boreal cocido y pelado Royal Greenland ultracongelado~Paquete~200 g~| 21,25 €/kg~4.25~/ud.~Congelados >~Marisco~https://tienda.mercadona.es/product/24267/camaron-boreal-cocido-pelado-royal-greenland-ultracongelado-paquete~24267~2023-03-12 08:25:05.309030
Langostino cocido y pelado Hacendado ultracongelado~Bandeja~220 g escurrido~| 21,591 €/kg~4.75~/ud.~Congelados >~Marisco~https://tienda.mercadona.es/product/24477/langostino-cocido-pelado-hacendado-ultracongelado-bandeja~24477~2023-03-12 08:25:05.893090
Langostino crudo y pelado Hacendado ultracongelado~Bandeja~220 g escurrido~| 17,955 €/kg~3.95~/ud.~Congelados >~Marisco~https://tienda.mercadona.es/product/24486/langostino-crudo-pelado-hacendado-ultracongelado-bandeja~24486~2023-03-12 08:25:06.444520
Cigala mediana Hacendado ultracongelada~Bandeja~500 g~| 21,30 €/kg~10.65~/ud.~Congelados >~Marisco~https://tienda.mercadona.es/product/24032/cigala-mediana-hacendado-ultracongelada-bandeja~24032~2023-03-12 08:25:07.009172
Cigala grande Hacendado ultracongelada~Bandeja~500 g~| 26,60 €/kg~13.3~/ud.~Congelados >~Marisco~https://tienda.mercadona.es/product/24033/cigala-grande-hacendado-ultracongelada-bandeja~24033~2023-03-12 08:25:07.523046
Bogavante americano grande crudo Hacendado congelado~Pieza~550 g escurrido~| 33,00 €/kg~18.15~/ud.~Congelados >~Marisco~https://tienda.mercadona.es/product/62385/bogavante-americano-grande-crudo-hacendado-congelado-pieza~62385~2023-03-12 08:25:08.026905
Buey de mar cocido Hacendado congelado~Pieza~600 g~| 15,334 €/kg~9.2~/ud.~Congelados >~Marisco~https://tienda.mercadona.es/product/24034/buey-mar-cocido-hacendado-congelado-pieza~24034~2023-03-12 08:25:08.475732
Bocas de cangrejo pequeñas congeladas~Granel~150 g aprox.~| 19,80 €/kg~2.97~/150 g~Congelados >~Marisco~https://tienda.mercadona.es/product/24487/bocas-cangrejo-pequenas-congeladas-granel~24487~2023-03-12 08:25:08.989956
Bocas de cangrejo pequeñas Hacendado congeladas~Caja~500 g~| 17,90 €/kg~8.95~/ud.~Congelados >~Marisco~https://tienda.mercadona.es/product/24387/bocas-cangrejo-pequenas-hacendado-congeladas-caja~24387~2023-03-12 08:25:09.453218
Nécora cocida Hacendado congelada~Caja~500 g escurrido~| 12,30 €/kg~6.15~/ud.~Congelados >~Marisco~https://tienda.mercadona.es/product/24120/necora-cocida-hacendado-congelada-caja~24120~2023-03-12 08:25:09.936473
Colas de gambón crudo Hacendado congelado~Bandeja~250 g~| 26,20 €/kg~6.55~/ud.~Congelados >~Marisco~https://tienda.mercadona.es/product/24102/colas-gambon-crudo-hacendado-congelado-bandeja~24102~2023-03-12 08:25:10.440617
Alistado pequeño Hacendado congelado~Caja~1 kg aprox.~| 15,50 €/kg~15.5~/ud.~Congelados >~Marisco~https://tienda.mercadona.es/product/24707/alistado-pequeno-hacendado-congelado-caja~24707~2023-03-12 08:25:10.969644
Alistado pequeño congelado~Granel~150 g aprox.~| 16,50 €/kg~2.48~/150 g~Congelados >~Marisco~https://tienda.mercadona.es/product/24708/alistado-pequeno-congelado-granel~24708~2023-03-12 08:25:11.489306
Mejillón~Malla~1 kg~| 3,20 €/kg~3.2~/ud.~Marisco y pescado >~Marisco~https://tienda.mercadona.es/product/81467/mejillon-malla~81467~2023-03-12 08:25:12.134819
Carne de mejillón de Chile cocido Hacendado ultracongelado~Paquete~275 g escurrido~| 8,91 €/kg~2.45~/ud.~Congelados >~Marisco~https://tienda.mercadona.es/product/62396/carne-mejillon-chile-cocido-hacendado-ultracongelado-paquete~62396~2023-03-12 08:25:12.674001
Mejillón de Chile entero cocido Hacendado ultracongelado~Caja~450 g~| 7,223 €/kg~3.25~/ud.~Congelados >~Marisco~https://tienda.mercadona.es/product/62401/mejillon-chile-entero-cocido-hacendado-ultracongelado-caja~62401~2023-03-12 08:25:13.216603
Mejillón vivo y limpio~Bandeja~750 g~| 3,934 €/kg~2.95~/ud.~Marisco y pescado >~Marisco~https://tienda.mercadona.es/product/85001/mejillon-vivo-limpio-bandeja~85001~2023-03-12 08:25:13.734941
Almeja japonesa~Malla~500 g~| 15,60 €/kg~7.8~/ud.~Marisco y pescado >~Marisco~https://tienda.mercadona.es/product/81418/almeja-japonesa-malla~81418~2023-03-12 08:25:14.268804
Almeja del pacífico Hacendado congelada~Paquete~450 g~| 4,00 €/kg~1.8~/ud.~Congelados >~Marisco~https://tienda.mercadona.es/product/62398/almeja-pacifico-hacendado-congelada-paquete~62398~2023-03-12 08:25:14.788555
Berberechos~Malla~500 g~| 11,90 €/kg~5.95~/ud.~Marisco y pescado >~Marisco~https://tienda.mercadona.es/product/81416/berberechos-malla~81416~2023-03-12 08:25:15.340636
Navajas~Malla~500 g~| 7,90 €/kg~3.95~/ud.~Marisco y pescado >~Marisco~https://tienda.mercadona.es/product/81422/navajas-malla~81422~2023-03-12 08:25:15.880410
Cañaílla~Malla~500 g~| 5,80 €/kg~2.9~/ud.~Marisco y pescado >~Marisco~https://tienda.mercadona.es/product/81504/canailla-malla~81504~2023-03-12 08:25:16.486237
Carne de almeja Hacendado ultracongelada~Paquete~200 g escurrido~| 13,50 €/kg~2.7~/ud.~Congelados >~Marisco~https://tienda.mercadona.es/product/62497/carne-almeja-hacendado-ultracongelada-paquete~62497~2023-03-12 08:25:17.069926
Mejillón grande~Malla~1 kg~| 3,95 €/kg~3.95~/ud.~Marisco y pescado >~Marisco~https://tienda.mercadona.es/product/82662/mejillon-grande-malla~82662~2023-03-12 08:25:17.662897
Chirla~Malla~500 g~| 8,70 €/kg~4.35~/ud.~Marisco y pescado >~Marisco~https://tienda.mercadona.es/product/81443/chirla-malla~81443~2023-03-12 08:25:18.258829
Carne de Vieira Hacendado ultracongelada~Paquete~213 g escurrido~| 46,479 €/kg~9.9~/ud.~Congelados >~Marisco~https://tienda.mercadona.es/product/62432/carne-vieira-hacendado-ultracongelada-paquete~62432~2023-03-12 08:25:18.846314
Palitos de surimi Pescanova~Paquete~24 ud. (460 g)~| 4,566 €/kg~2.1~/ud.~Marisco y pescado >~Marisco~https://tienda.mercadona.es/product/62488/palitos-surimi-pescanova-paquete~62488~2023-03-12 08:25:19.445320
Palitos de surimi Pescanova~Paquete~48 ud. (920 g)~| 4,511 €/kg~4.15~/ud.~Marisco y pescado >~Marisco~https://tienda.mercadona.es/product/62489/palitos-surimi-pescanova-paquete~62489~2023-03-12 08:25:20.084251
Tronquitos de surimi Pescanova ultracongelados~Paquete~32 ud. (600 g)~| 3,917 €/kg~2.35~/ud.~Congelados >~Marisco~https://tienda.mercadona.es/product/62403/tronquitos-surimi-pescanova-ultracongelados-paquete~62403~2023-03-12 08:25:20.776871
Muslitos de surimi Pescanova ultracongelados~Paquete~450 g~| 5,778 €/kg~2.6~/ud.~Congelados >~Rebozados~https://tienda.mercadona.es/product/62501/muslitos-surimi-pescanova-ultracongelados-paquete~62501~2023-03-12 08:25:21.374509
Caracoles precocidos Hacendado ultracongelados~Paquete~350 g~| 5,972 €/kg~2.09~/ud.~Congelados >~Marisco~https://tienda.mercadona.es/product/62303/caracoles-precocidos-hacendado-ultracongelados-paquete~62303~2023-03-12 08:25:21.941757
Filetes de merluza sin piel Hacendado ultracongelados~Paquete~970 g escurrido~| 6,547 €/kg~6.35~/ud.~Congelados >~Pescado~https://tienda.mercadona.es/product/61162/filetes-merluza-sin-piel-hacendado-ultracongelados-paquete~61162~2023-03-12 08:26:16.460159
Filetes de panga ultracongelados~Paquete~900 g escurrido~| 5,723 €/kg~5.15~/ud.~Congelados >~Pescado~https://tienda.mercadona.es/product/62191/filetes-panga-ultracongelados-paquete~62191~2023-03-12 08:26:17.074321
Filetes de merluza sin piel Hacendado ultracongelados~Paquete~580 g escurrido~| 7,242 €/kg~4.2~/ud.~Congelados >~Pescado~https://tienda.mercadona.es/product/62128/filetes-merluza-sin-piel-hacendado-ultracongelados-paquete~62128~2023-03-12 08:26:17.588248
Rodaja de emperador Hacendado ultracongelado~Pieza~200 g aprox. escurrido~| 17,667 €/kg~3.18~/ud.~Congelados >~Pescado~https://tienda.mercadona.es/product/24345/rodaja-emperador-hacendado-ultracongelado-pieza~24345~2023-03-12 08:26:18.176211
Filetes de bacalao sin espinas Hacendado congelado en su punto de sal~Paquete~375 g escurrido~| 14,00 €/kg~5.25~/ud.~Congelados >~Pescado~https://tienda.mercadona.es/product/24016/filetes-bacalao-sin-espinas-hacendado-congelado-punto-sal-paquete~24016~2023-03-12 08:26:18.704569
Medallones de merluza Hacendado ultracongelados~Paquete~485 g escurrido~| 7,217 €/kg~3.5~/ud.~Congelados >~Pescado~https://tienda.mercadona.es/product/62131/medallones-merluza-hacendado-ultracongelados-paquete~62131~2023-03-12 08:26:19.208539
Filete de salmón rosado salvaje con piel Hacendado ultracongelado~Pieza~300 g aprox. escurrido~| 14,685 €/kg~4.18~/ud.~Congelados >~Pescado~https://tienda.mercadona.es/product/24350/filete-salmon-rosado-salvaje-con-piel-hacendado-ultracongelado-pieza~24350~2023-03-12 08:26:19.755902
Rodajas de merluza Hacendado ultracongeladas~Paquete~580 g escurrido~| 7,242 €/kg~4.2~/ud.~Congelados >~Pescado~https://tienda.mercadona.es/product/62121/rodajas-merluza-hacendado-ultracongeladas-paquete~62121~2023-03-12 08:26:20.308415
Anguriñas de surimi Pescanova ultracongeladas~Bandeja~260 g~| 8,847 €/kg~2.3~/ud.~Congelados >~Pescado~https://tienda.mercadona.es/product/62499/angurinas-surimi-pescanova-ultracongeladas-bandeja~62499~2023-03-12 08:26:20.879157
Porciones de bacalao sin espinas y sin piel Hacendado congelado en su punto de sal~Paquete~600 g escurrido~| 12,334 €/kg~7.4~/ud.~Congelados >~Pescado~https://tienda.mercadona.es/product/24025/porciones-bacalao-sin-espinas-sin-piel-hacendado-congelado-punto-sal-paquete~24025~2023-03-12 08:26:21.456532
Rodaja de tintorera sin piel Hacendado ultracongelada~Pieza~450 g aprox. escurrido~| 5,95 €/kg~2.68~/ud.~Congelados >~Pescado~https://tienda.mercadona.es/product/24383/rodaja-tintorera-sin-piel-hacendado-ultracongelada-pieza~24383~2023-03-12 08:26:22.027336
Porciones de merluza Hacendado ultracongeladas~Paquete~500 g~| 8,20 €/kg~4.1~/ud.~Congelados >~Pescado~https://tienda.mercadona.es/product/62103/porciones-merluza-hacendado-ultracongeladas-paquete~62103~2023-03-12 08:26:22.589638
Pescadilla de merluza sin cabeza Mascato ultracongelada~Paquete~1 kg escurrido~| 5,00 €/kg~5.0~/ud.~Congelados >~Pescado~https://tienda.mercadona.es/product/62176/pescadilla-merluza-sin-cabeza-mascato-ultracongelada-paquete~62176~2023-03-12 08:26:23.211875
Cola de rape Hacendado ultracongelada~Pieza~500 g aprox. escurrido~| 15,95 €/kg~7.98~/ud.~Congelados >~Pescado~https://tienda.mercadona.es/product/24340/cola-rape-hacendado-ultracongelada-pieza~24340~2023-03-12 08:26:23.943003
Lomo de bacalao sin espinas Hacendado congelado en su punto de sal~Paquete~390 g escurrido~| 16,283 €/kg~6.35~/ud.~Congelados >~Pescado~https://tienda.mercadona.es/product/24020/lomo-bacalao-sin-espinas-hacendado-congelado-punto-sal-paquete~24020~2023-03-12 08:26:24.506582
Filetes de abadejo sin piel Hacendado ultracongelados~Paquete~850 g escurrido~| 10,53 €/kg~8.95~/ud.~Congelados >~Pescado~https://tienda.mercadona.es/product/62180/filetes-abadejo-sin-piel-hacendado-ultracongelados-paquete~62180~2023-03-12 08:26:25.067387
Filetes de merluza grandes sin piel Hacendado ultracongelados~Paquete~970 g escurrido~| 9,227 €/kg~8.95~/ud.~Congelados >~Pescado~https://tienda.mercadona.es/product/62179/filetes-merluza-grandes-sin-piel-hacendado-ultracongelados-paquete~62179~2023-03-12 08:26:25.644367
Filete de fletán negro Hacendado congelado~Pieza~200 g aprox. escurrido~| 15,50 €/kg~3.1~/ud.~Congelados >~Pescado~https://tienda.mercadona.es/product/24344/filete-fletan-negro-hacendado-congelado-pieza~24344~2023-03-12 08:26:26.202737
Merluza sin cabeza Hacendado ultracongelada~Pieza~700 g aprox. escurrido~| 6,20 €/kg~4.34~/ud.~Congelados >~Pescado~https://tienda.mercadona.es/product/24324/merluza-sin-cabeza-hacendado-ultracongelada-pieza~24324~2023-03-12 08:26:26.758232
Lomos de salmón sin piel y sin espinas Hacendado congelado~Paquete~2 ud. (250 g)~| 25,40 €/kg~6.35~/ud.~Congelados >~Pescado~https://tienda.mercadona.es/product/24511/lomos-salmon-sin-piel-sin-espinas-hacendado-congelado-paquete~24511~2023-03-12 08:26:27.277165
Migas de bacalao sin espinas y sin piel Hacendado congeladas en su punto de sal~Paquete~300 g escurrido~| 12,834 €/kg~3.85~/ud.~Congelados >~Pescado~https://tienda.mercadona.es/product/24023/migas-bacalao-sin-espinas-sin-piel-hacendado-congeladas-punto-sal-paquete~24023~2023-03-12 08:26:27.844513
Gallos sin cabeza Hacendado ultracongelado~Paquete~600 g escurrido~| 10,417 €/kg~6.25~/ud.~Congelados >~Pescado~https://tienda.mercadona.es/product/62000/gallos-sin-cabeza-hacendado-ultracongelado-paquete~62000~2023-03-12 08:26:28.453334
Rodajas de atún Hacendado congelado de aleta amarilla~Bandeja~250 g aprox.~| 16,95 €/kg~4.24~/ud.~Congelados >~Pescado~https://tienda.mercadona.es/product/24357/rodajas-atun-hacendado-congelado-aleta-amarilla-bandeja~24357~2023-03-12 08:26:28.985820
Colas de rape Hacendado ultracongeladas~Paquete~800 g escurrido~| 11,188 €/kg~8.95~/ud.~Congelados >~Pescado~https://tienda.mercadona.es/product/24386/colas-rape-hacendado-ultracongeladas-paquete~24386~2023-03-12 08:26:29.559662
Albóndigas de bacalao Camós congeladas~Paquete~400 g~| 4,00 €/kg~1.6~/ud.~Congelados >~Rebozados~https://tienda.mercadona.es/product/63435/albondigas-bacalao-camos-congeladas-paquete~63435~2023-03-12 08:26:30.145136
Aritos de surimi a la romana Pescanova ultracongelados~Paquete~625 g~| 3,92 €/kg~2.45~/ud.~Congelados >~Rebozados~https://tienda.mercadona.es/product/63238/aritos-surimi-romana-pescanova-ultracongelados-paquete~63238~2023-03-12 08:26:30.723564
Merluza empanada pan fino Hacendado ultracongelada~Paquete~510 g~| 8,236 €/kg~4.2~/ud.~Congelados >~Rebozados~https://tienda.mercadona.es/product/63140/merluza-empanada-pan-fino-hacendado-ultracongelada-paquete~63140~2023-03-12 08:26:31.295826
Filetes de merluza al huevo Hacendado ultracongelados~Paquete~600 g~| 7,417 €/kg~4.45~/ud.~Congelados >~Rebozados~https://tienda.mercadona.es/product/63101/filetes-merluza-huevo-hacendado-ultracongelados-paquete~63101~2023-03-12 08:26:31.917777
Varitas de merluza empanadas Hacendado ultracongeladas~Paquete~500 g~| 7,00 €/kg~3.5~/ud.~Congelados >~Rebozados~https://tienda.mercadona.es/product/63150/varitas-merluza-empanadas-hacendado-ultracongeladas-paquete~63150~2023-03-12 08:26:32.513812
Empanadillas de atún Hacendado ultracongeladas~Caja~500 g~| 3,60 €/kg~1.8~/ud.~Congelados >~Rebozados~https://tienda.mercadona.es/product/63407/empanadillas-atun-hacendado-ultracongeladas-caja~63407~2023-03-12 08:26:33.067722
Palitos de merluza a la romana Hacendado ultracongelados~Paquete~500 g~| 5,50 €/kg~2.75~/ud.~Congelados >~Rebozados~https://tienda.mercadona.es/product/63151/palitos-merluza-romana-hacendado-ultracongelados-paquete~63151~2023-03-12 08:26:33.684372
Figuritas de merluza empanadas Hacendado ultracongeladas~Paquete~500 g~| 7,20 €/kg~3.6~/ud.~Congelados >~Rebozados~https://tienda.mercadona.es/product/63159/figuritas-merluza-empanadas-hacendado-ultracongeladas-paquete~63159~2023-03-12 08:26:34.274567
Langostino caballitos rebozados Hacendado ultracongelados~Paquete~300 g~| 11,167 €/kg~3.35~/ud.~Congelados >~Rebozados~https://tienda.mercadona.es/product/63144/langostino-caballitos-rebozados-hacendado-ultracongelados-paquete~63144~2023-03-12 08:26:34.859377
Filetes de boquerón en tempura Hacendado ultracongelado~Paquete~400 g~| 8,75 €/kg~3.5~/ud.~Congelados >~Rebozados~https://tienda.mercadona.es/product/63114/filetes-boqueron-tempura-hacendado-ultracongelado-paquete~63114~2023-03-12 08:26:35.473772
Rabas empanadas Hacendado ultracongeladas~Paquete~500 g~| 7,50 €/kg~3.75~/ud.~Congelados >~Rebozados~https://tienda.mercadona.es/product/63161/rabas-empanadas-hacendado-ultracongeladas-paquete~63161~2023-03-12 08:26:35.978945
Anillas de pota a la romana Hacendado ultracongeladas~Paquete~500 g~| 8,60 €/kg~4.3~/ud.~Congelados >~Rebozados~https://tienda.mercadona.es/product/63163/anillas-pota-romana-hacendado-ultracongeladas-paquete~63163~2023-03-12 08:26:36.522703
Caprichos de merluza Hacendado ultracongelados~Paquete~350 g~| 7,715 €/kg~2.7~/ud.~Congelados >~Pescado~https://tienda.mercadona.es/product/60954/caprichos-merluza-hacendado-ultracongelados-paquete~60954~2023-03-12 08:26:37.065922
Tubo de pota congelado~Pieza~100 g aprox. escurrido~| 12,10 €/kg~1.21~/ud.~Congelados >~Pescado~https://tienda.mercadona.es/product/24203/tubo-pota-congelado-pieza~24203~2023-03-12 08:26:37.703616
Sepia limpia congelada~Pieza~400 g aprox. escurrido~| 14,95 €/kg~5.98~/ud.~Congelados >~Pescado~https://tienda.mercadona.es/product/24200/sepia-limpia-congelada-pieza~24200~2023-03-12 08:26:38.245528
Sepia limpia troceada Hacendado congelada~Paquete~360 g escurrido~| 11,25 €/kg~4.05~/ud.~Congelados >~Pescado~https://tienda.mercadona.es/product/24274/sepia-limpia-troceada-hacendado-congelada-paquete~24274~2023-03-12 08:26:38.783184
Calamar limpio troceado Hacendado congelado~Paquete~475 g escurrido~| 10,737 €/kg~5.1~/ud.~Congelados >~Pescado~https://tienda.mercadona.es/product/24242/calamar-limpio-troceado-hacendado-congelado-paquete~24242~2023-03-12 08:26:39.319611
Rodaja de potón cocido Hacendado congelado~Paquete~475 g escurrido~| 11,895 €/kg~5.65~/ud.~Congelados >~Pescado~https://tienda.mercadona.es/product/24234/rodaja-poton-cocido-hacendado-congelado-paquete~24234~2023-03-12 08:26:39.870187
Sepia limpia pequeña Hacendado congelada~Paquete~360 g escurrido~| 11,112 €/kg~4.0~/ud.~Congelados >~Pescado~https://tienda.mercadona.es/product/24206/sepia-limpia-pequena-hacendado-congelada-paquete~24206~2023-03-12 08:26:40.398574
Tiras de potón Hacendado congeladas~Paquete~400 g escurrido~| 10,875 €/kg~4.35~/ud.~Congelados >~Pescado~https://tienda.mercadona.es/product/24341/tiras-poton-hacendado-congeladas-paquete~24341~2023-03-12 08:26:40.927421
Tinta de sepia Nortindal congelada~Paquete~8 ud. (32 g)~| 6,407 €/100 g~2.05~/ud.~Congelados >~Pescado~https://tienda.mercadona.es/product/24256/tinta-sepia-nortindal-congelada-paquete~24256~2023-03-12 08:26:41.540848
Anillas de pota Hacendado congeladas~Not available~Not available~Not available~4.95~/ud.~Not Available~Compartir~https://tienda.mercadona.es/product/24249/anillas-pota-hacendado-congeladas-paquete~24249~2023-03-12 08:26:41.941590
Pulpo crudo Hacendado congelado~Not available~Not available~Not available~17.95~/ud.~Not Available~Compartir~https://tienda.mercadona.es/product/24208/pulpo-crudo-hacendado-congelado-paquete~24208~2023-03-12 08:26:42.353695
Chipirón puntilla Hacendado congelado~Not available~Not available~Not available~4.5~/ud.~Not Available~Compartir~https://tienda.mercadona.es/product/24291/chipiron-puntilla-hacendado-congelado-paquete~24291~2023-03-12 08:26:42.760359
Calamar patagónico pequeño Hacendado ultracongelado~Not available~Not available~Not available~9.7~/ud.~Not Available~Compartir~https://tienda.mercadona.es/product/24447/calamar-patagonico-pequeno-hacendado-ultracongelado-paquete~24447~2023-03-12 08:26:43.197448
Calamar grande Hacendado congelado~Not available~Not available~Not available~3.19~/ud.~Not Available~Compartir~https://tienda.mercadona.es/product/24417/calamar-grande-hacendado-congelado-pieza~24417~2023-03-12 08:26:43.602744
Rodaja de emperador~Bandeja~400 g aprox.~| 20,45 €/kg~8.18~/ud.~Marisco y pescado >~Pescado en bandeja~https://tienda.mercadona.es/product/81931/rodaja-emperador-bandeja~81931~2023-03-12 08:27:39.112965
Escalopines de salmón sin espinas~Bandeja~400 g aprox.~| 23,95 €/kg~9.58~/ud.~Marisco y pescado >~Pescado en bandeja~https://tienda.mercadona.es/product/80908/escalopines-salmon-sin-espinas-bandeja~80908~2023-03-12 08:27:39.657815
Filetes de merluza~Bandeja~400 g aprox.~| 20,95 €/kg~8.38~/ud.~Marisco y pescado >~Pescado en bandeja~https://tienda.mercadona.es/product/81340/filetes-merluza-bandeja~81340~2023-03-12 08:27:40.152473
Rodajas de salmón~Bandeja~400 g aprox.~| 19,25 €/kg~7.7~/ud.~Marisco y pescado >~Pescado en bandeja~https://tienda.mercadona.es/product/81479/rodajas-salmon-bandeja~81479~2023-03-12 08:27:40.667604
Bacalao al punto de sal~Bandeja~500 g aprox.~| 14,95 €/kg~7.48~/ud.~Marisco y pescado >~Pescado en bandeja~https://tienda.mercadona.es/product/81928/bacalao-punto-sal-bandeja~81928~2023-03-12 08:27:41.188908
Filetes de lubina~Bandeja~400 g aprox.~| 22,30 €/kg~8.92~/ud.~Marisco y pescado >~Pescado en bandeja~https://tienda.mercadona.es/product/81487/filetes-lubina-bandeja~81487~2023-03-12 08:27:41.670967
Langostino cocido Hacendado~Bandeja~600 g~| 11,00 €/kg~6.6~/ud.~Marisco y pescado >~Marisco~https://tienda.mercadona.es/product/87271/langostino-cocido-hacendado-bandeja~87271~2023-03-12 08:27:42.171679
Filetes de dorada~Bandeja~380 g aprox.~| 22,10 €/kg~8.4~/ud.~Marisco y pescado >~Pescado en bandeja~https://tienda.mercadona.es/product/81485/filetes-dorada-bandeja~81485~2023-03-12 08:27:42.685974
Filete de salmón~Bandeja~400 g aprox.~| 22,45 €/kg~8.98~/ud.~Marisco y pescado >~Pescado en bandeja~https://tienda.mercadona.es/product/81481/filete-salmon-bandeja~81481~2023-03-12 08:27:43.168586
Arreglo para paella de marisco~Bandeja~800 g aprox.~| 11,95 €/kg~9.56~/ud.~Marisco y pescado >~Marisco~https://tienda.mercadona.es/product/81003/arreglo-paella-marisco-bandeja~81003~2023-03-12 08:27:43.670893
Mejillón vivo y limpio~Bandeja~750 g~| 3,934 €/kg~2.95~/ud.~Marisco y pescado >~Marisco~https://tienda.mercadona.es/product/85001/mejillon-vivo-limpio-bandeja~85001~2023-03-12 08:27:44.255462
Rodajas de atún de aleta amarilla~Bandeja~236 g aprox.~| 22,95 €/kg~5.42~/ud.~Marisco y pescado >~Pescado en bandeja~https://tienda.mercadona.es/product/83990/rodajas-atun-aleta-amarilla-bandeja~83990~2023-03-12 08:27:44.766054
Tajadas de bacalao Hacendado desaladas~Bandeja~240 g~| 20,625 €/kg~4.95~/ud.~Marisco y pescado >~Pescado en bandeja~https://tienda.mercadona.es/product/81668/tajadas-bacalao-hacendado-desaladas-bandeja~81668~2023-03-12 08:27:45.262928
Migas de bacalao saladas Hacendado~Bandeja~250 g~| 20,76 €/kg~5.19~/ud.~Marisco y pescado >~Pescado en bandeja~https://tienda.mercadona.es/product/80151/migas-bacalao-saladas-hacendado-bandeja~80151~2023-03-12 08:27:45.755434
Hoja de bacalao Hacendado~Paquete~800 g aprox.~| 16,70 €/kg~13.36~/ud.~Marisco y pescado >~Pescado en bandeja~https://tienda.mercadona.es/product/80644/hoja-bacalao-hacendado-paquete~80644~2023-03-12 08:27:46.264891
Patas de pulpo cocido~Bandeja~250 g~| 42,00 €/kg~10.5~/ud.~Marisco y pescado >~Pescado en bandeja~https://tienda.mercadona.es/product/87770/patas-pulpo-cocido-bandeja~87770~2023-03-12 08:27:46.784301
Elaborado de merluza y gambón Hacendado~Bandeja~2 ud. (240 g)~| 14,584 €/kg~3.5~/ud.~Marisco y pescado >~Pescado en bandeja~https://tienda.mercadona.es/product/87731/elaborado-merluza-gambon-hacendado-bandeja~87731~2023-03-12 08:27:47.311633
Merluza rebozada Hacendado~Bandeja~230 g~| 16,305 €/kg~3.75~/ud.~Marisco y pescado >~Pescado en bandeja~https://tienda.mercadona.es/product/87734/merluza-rebozada-hacendado-bandeja~87734~2023-03-12 08:27:47.834415
Calamar pequeño limpio patagónico Hacendado~Bandeja~300 g~| 16,50 €/kg~4.95~/ud.~Marisco y pescado >~Pescado en bandeja~https://tienda.mercadona.es/product/87191/calamar-pequeno-limpio-patagonico-hacendado-bandeja~87191~2023-03-12 08:27:48.423312
Filetes de trucha~Bandeja~226 g aprox.~| 15,95 €/kg~3.6~/ud.~Marisco y pescado >~Pescado en bandeja~https://tienda.mercadona.es/product/87342/filetes-trucha-bandeja~87342~2023-03-12 08:27:48.949213
Anguriñas de surimi Pescanova~Bandeja~250 g~| 7,96 €/kg~1.99~/ud.~Marisco y pescado >~Pescado en bandeja~https://tienda.mercadona.es/product/62473/angurinas-surimi-pescanova-bandeja~62473~2023-03-12 08:27:49.470144
Anguriñas de surimi Pescanova~2 bandejas x 250 g~| 7,90 €/kg~Not available~3.95~/pack~Marisco y pescado >~Pescado en bandeja~https://tienda.mercadona.es/product/62474/angurinas-surimi-pescanova-pack-2~62474~2023-03-12 08:27:49.969381
Bacalao estilo pil pil~Bandeja~230 g~| 16,305 €/kg~3.75~/ud.~Marisco y pescado >~Pescado en bandeja~https://tienda.mercadona.es/product/82975/bacalao-estilo-pil-pil-bandeja~82975~2023-03-12 08:27:50.470472
Salmón al curry Hacendado~Bandeja~325 g~| 16,924 €/kg~5.5~/ud.~Marisco y pescado >~Pescado en bandeja~https://tienda.mercadona.es/product/82961/salmon-curry-hacendado-bandeja~82961~2023-03-12 08:27:51.022885
Anguriñas de surimi al ajillo Pescanova~Bandeja~250 g~| 8,96 €/kg~2.24~/ud.~Marisco y pescado >~Pescado en bandeja~https://tienda.mercadona.es/product/62485/angurinas-surimi-ajillo-pescanova-bandeja~62485~2023-03-12 08:27:51.545890
Salmón al curry con arroz~Bandeja~275 g~| 12,728 €/kg~3.5~/ud.~Marisco y pescado >~Pescado en bandeja~https://tienda.mercadona.es/product/83346/salmon-curry-con-arroz-bandeja~83346~2023-03-12 08:27:52.068758
Mejillón al vapor con laurel y aceite Hacendado~Bandeja~500 g~| 7,50 €/kg~3.75~/ud.~Marisco y pescado >~Pescado en bandeja~https://tienda.mercadona.es/product/87727/mejillon-vapor-con-laurel-aceite-hacendado-bandeja~87727~2023-03-12 08:27:52.586873
Salpicón de marisco Hacendado~Bandeja~300 g~| 13,167 €/kg~3.95~/ud.~Marisco y pescado >~Pescado en bandeja~https://tienda.mercadona.es/product/87723/salpicon-marisco-hacendado-bandeja~87723~2023-03-12 08:27:53.097455
Caracoles en caldo Hacendado~Tarrina~500 g~| 7,00 €/kg~3.5~/ud.~Marisco y pescado >~Pescado en bandeja~https://tienda.mercadona.es/product/82619/caracoles-caldo-hacendado-tarrina~82619~2023-03-12 08:27:53.616476
Sepia~Pieza~360 g aprox.~| 13,95 €/kg~5.02~/ud.~Marisco y pescado >~Pescado fresco~https://tienda.mercadona.es/product/81704/sepia-pieza~81704~2023-03-12 08:34:18.982503
Calamar pequeño limpio patagónico Hacendado~Bandeja~300 g~| 16,50 €/kg~4.95~/ud.~Marisco y pescado >~Pescado en bandeja~https://tienda.mercadona.es/product/87191/calamar-pequeno-limpio-patagonico-hacendado-bandeja~87191~2023-03-12 08:34:19.617722
Tiras de potón del Pacífico Hacendado~Bandeja~300 g~| 12,00 €/kg~3.6~/ud.~Marisco y pescado >~Pescado fresco~https://tienda.mercadona.es/product/87194/tiras-poton-pacifico-hacendado-bandeja~87194~2023-03-12 08:34:20.140550
Morralla~Granel~400 g aprox.~| 8,95 €/kg~3.58~/400 g~Marisco y pescado >~Pescado fresco~https://tienda.mercadona.es/product/81745/morralla-granel~81745~2023-03-12 08:34:20.703908
Lenguado sin cabeza y sin piel~Pieza~120 g aprox.~| 23,95 €/kg~2.87~/ud.~Marisco y pescado >~Pescado fresco~https://tienda.mercadona.es/product/81225.1/lenguado-sin-cabeza-sin-piel-pieza~81225.1~2023-03-12 08:34:21.276744
Lenguado sin limpiar~Pieza~120 g aprox.~| 23,95 €/kg~2.87~/ud.~Marisco y pescado >~Pescado fresco~https://tienda.mercadona.es/product/81225.2/lenguado-sin-limpiar-pieza~81225.2~2023-03-12 08:34:21.833313
Corvina limpia con cabeza~Pieza~1,22 kg aprox.~| 7,95 €/kg~9.7~/ud.~Marisco y pescado >~Pescado fresco~https://tienda.mercadona.es/product/81055.1/corvina-limpia-con-cabeza-pieza~81055.1~2023-03-12 08:34:22.385254
Corvina abierta a la espalda con espinas y con cabeza~Pieza~1,22 kg aprox.~| 7,95 €/kg~9.7~/ud.~Marisco y pescado >~Pescado fresco~https://tienda.mercadona.es/product/81055.2/corvina-abierta-espalda-con-espinas-con-cabeza-pieza~81055.2~2023-03-12 08:34:22.943196
Corvina a filetes~Pieza~1,22 kg aprox.~| 7,95 €/kg~9.7~/ud.~Marisco y pescado >~Pescado fresco~https://tienda.mercadona.es/product/81055.3/corvina-filetes-pieza~81055.3~2023-03-12 08:34:23.494344
Dorada limpia con cabeza~Pieza~670 g aprox.~| 7,75 €/kg~5.19~/ud.~Marisco y pescado >~Pescado fresco~https://tienda.mercadona.es/product/81234.1/dorada-limpia-con-cabeza-pieza~81234.1~2023-03-12 08:34:24.084797
Dorada abierta a la espalda con espinas y con cabeza~Pieza~670 g aprox.~| 7,75 €/kg~5.19~/ud.~Marisco y pescado >~Pescado fresco~https://tienda.mercadona.es/product/81234.2/dorada-abierta-espalda-con-espinas-con-cabeza-pieza~81234.2~2023-03-12 08:34:24.672430
Dorada a filetes sin cabeza y sin espina~Pieza~670 g aprox.~| 7,75 €/kg~5.19~/ud.~Marisco y pescado >~Pescado fresco~https://tienda.mercadona.es/product/81234.5/dorada-filetes-sin-cabeza-sin-espina-pieza~81234.5~2023-03-12 08:34:25.188829
Dorada abierta en libro sin cabeza y sin espina~Pieza~670 g aprox.~| 7,75 €/kg~5.19~/ud.~Marisco y pescado >~Pescado fresco~https://tienda.mercadona.es/product/81234.4/dorada-abierta-libro-sin-cabeza-sin-espina-pieza~81234.4~2023-03-12 08:34:25.948093
Dorada sin limpiar, para hacer a la sal~Pieza~670 g aprox.~| 7,75 €/kg~5.19~/ud.~Marisco y pescado >~Pescado fresco~https://tienda.mercadona.es/product/81234.3/dorada-sin-limpiar-hacer-sal-pieza~81234.3~2023-03-12 08:34:26.517168
Lubina limpia con cabeza~Pieza~400 g aprox.~| 8,50 €/kg~3.4~/ud.~Marisco y pescado >~Pescado fresco~https://tienda.mercadona.es/product/81241.1/lubina-limpia-con-cabeza-pieza~81241.1~2023-03-12 08:34:27.153827
Lubina abierta a la espalda con espinas y con cabeza~Pieza~400 g aprox.~| 8,50 €/kg~3.4~/ud.~Marisco y pescado >~Pescado fresco~https://tienda.mercadona.es/product/81241.2/lubina-abierta-espalda-con-espinas-con-cabeza-pieza~81241.2~2023-03-12 08:34:27.734791
Lubina a filetes sin cabeza y sin espina~Pieza~400 g aprox.~| 8,50 €/kg~3.4~/ud.~Marisco y pescado >~Pescado fresco~https://tienda.mercadona.es/product/81241.5/lubina-filetes-sin-cabeza-sin-espina-pieza~81241.5~2023-03-12 08:34:28.231902
Lubina abierta en libro sin cabeza y sin espina~Pieza~400 g aprox.~| 8,50 €/kg~3.4~/ud.~Marisco y pescado >~Pescado fresco~https://tienda.mercadona.es/product/81241.4/lubina-abierta-libro-sin-cabeza-sin-espina-pieza~81241.4~2023-03-12 08:34:28.785827
Lubina sin limpiar, para hacer a la sal~Pieza~400 g aprox.~| 8,50 €/kg~3.4~/ud.~Marisco y pescado >~Pescado fresco~https://tienda.mercadona.es/product/81241.3/lubina-sin-limpiar-hacer-sal-pieza~81241.3~2023-03-12 08:34:29.294920
Trucha abierta en libro con cabeza~Pieza~860 g aprox.~| 7,75 €/kg~6.67~/ud.~Marisco y pescado >~Pescado fresco~https://tienda.mercadona.es/product/81200.1/trucha-abierta-libro-con-cabeza-pieza~81200.1~2023-03-12 08:34:29.842219
Trucha abierta en libro sin cabeza y sin espina~Pieza~860 g aprox.~| 7,75 €/kg~6.67~/ud.~Marisco y pescado >~Pescado fresco~https://tienda.mercadona.es/product/81200.2/trucha-abierta-libro-sin-cabeza-sin-espina-pieza~81200.2~2023-03-12 08:34:30.460714
Trucha sin aletas~Pieza~860 g aprox.~| 7,75 €/kg~6.67~/ud.~Marisco y pescado >~Pescado fresco~https://tienda.mercadona.es/product/81200.3/trucha-sin-aletas-pieza~81200.3~2023-03-12 08:34:31.015821
Pargo rosado limpio con cabeza~Pieza~940 g aprox.~| 9,95 €/kg~9.35~/ud.~Marisco y pescado >~Pescado fresco~https://tienda.mercadona.es/product/81276.1/pargo-rosado-limpio-con-cabeza-pieza~81276.1~2023-03-12 08:34:31.567699
Pargo rosado abierto a la espalda con espinas y con cabeza~Pieza~940 g aprox.~| 9,95 €/kg~9.35~/ud.~Marisco y pescado >~Pescado fresco~https://tienda.mercadona.es/product/81276.2/pargo-rosado-abierto-espalda-con-espinas-con-cabeza-pieza~81276.2~2023-03-12 08:34:32.133879
Pargo rosado a filetes~Pieza~940 g aprox.~| 9,95 €/kg~9.35~/ud.~Marisco y pescado >~Pescado fresco~https://tienda.mercadona.es/product/81276.4/pargo-rosado-filetes-pieza~81276.4~2023-03-12 08:34:32.685352
Pargo rosado sin limpiar, para hacer a la sal~Pieza~940 g aprox.~| 9,95 €/kg~9.35~/ud.~Marisco y pescado >~Pescado fresco~https://tienda.mercadona.es/product/81276.3/pargo-rosado-sin-limpiar-hacer-sal-pieza~81276.3~2023-03-12 08:34:33.201674
Bacalao a rodajas~Pieza~2,3 kg aprox.~| 7,95 €/kg~18.29~/ud.~Marisco y pescado >~Pescado fresco~https://tienda.mercadona.es/product/81204.1/bacalao-rodajas-pieza~81204.1~2023-03-12 08:34:33.706925
Bacalao media pieza a rodajas~1/2 Pieza~1,16 kg aprox.~| 7,95 €/kg~9.22~/ud.~Marisco y pescado >~Pescado fresco~https://tienda.mercadona.es/product/81204.3/bacalao-media-pieza-rodajas-12-pieza~81204.3~2023-03-12 08:34:34.383172
Bacalao abierto en libro sin cabeza y sin espina~Pieza~2,3 kg aprox.~| 7,95 €/kg~18.29~/ud.~Marisco y pescado >~Pescado fresco~https://tienda.mercadona.es/product/81204.2/bacalao-abierto-libro-sin-cabeza-sin-espina-pieza~81204.2~2023-03-12 08:34:34.939666
Bacalao media pieza abierto en libro sin cabeza y sin espina~1/2 Pieza~1,16 kg aprox.~| 7,95 €/kg~9.22~/ud.~Marisco y pescado >~Pescado fresco~https://tienda.mercadona.es/product/81204.4/bacalao-media-pieza-abierto-libro-sin-cabeza-sin-espina-12-pieza~81204.4~2023-03-12 08:34:35.505643
Salmón a rodajas~Pieza~2,92 kg aprox.~| 11,95 €/kg~34.89~/ud.~Marisco y pescado >~Pescado fresco~https://tienda.mercadona.es/product/81649.1/salmon-rodajas-pieza~81649.1~2023-03-12 08:34:36.111665
Salmón media pieza a rodajas~1/2 Pieza~1,56 kg aprox.~| 11,95 €/kg~18.64~/ud.~Marisco y pescado >~Pescado fresco~https://tienda.mercadona.es/product/81649.4/salmon-media-pieza-rodajas-12-pieza~81649.4~2023-03-12 08:34:36.702945
Salmón abierto en libro sin cabeza y sin espina~Pieza~2,92 kg aprox.~| 11,95 €/kg~34.89~/ud.~Marisco y pescado >~Pescado fresco~https://tienda.mercadona.es/product/81649.2/salmon-abierto-libro-sin-cabeza-sin-espina-pieza~81649.2~2023-03-12 08:34:37.263372
Salmón media pieza abierto en libro sin cabeza y sin espina~1/2 Pieza~1,56 kg aprox.~| 11,95 €/kg~18.64~/ud.~Marisco y pescado >~Pescado fresco~https://tienda.mercadona.es/product/81649.5/salmon-media-pieza-abierto-libro-sin-cabeza-sin-espina-12-pieza~81649.5~2023-03-12 08:34:37.847413
Salmón sin aletas y sin escamas~Pieza~2,92 kg aprox.~| 11,95 €/kg~34.89~/ud.~Marisco y pescado >~Pescado fresco~https://tienda.mercadona.es/product/81649.3/salmon-sin-aletas-sin-escamas-pieza~81649.3~2023-03-12 08:34:38.393100
Salmón media pieza sin aletas y sin escamas~1/2 Pieza~1,56 kg aprox.~| 11,95 €/kg~18.64~/ud.~Marisco y pescado >~Pescado fresco~https://tienda.mercadona.es/product/81649.6/salmon-media-pieza-sin-aletas-sin-escamas-12-pieza~81649.6~2023-03-12 08:34:38.926528
Merluza a rodajas~Pieza~1,6 kg aprox.~| 10,95 €/kg~17.52~/ud.~Marisco y pescado >~Pescado fresco~https://tienda.mercadona.es/product/81790.1/merluza-rodajas-pieza~81790.1~2023-03-12 08:34:39.513008
Merluza media pieza a rodajas~1/2 Pieza~790 g aprox.~| 10,95 €/kg~8.65~/ud.~Marisco y pescado >~Pescado fresco~https://tienda.mercadona.es/product/81790.4/merluza-media-pieza-rodajas-12-pieza~81790.4~2023-03-12 08:34:40.111757
Merluza abierta en libro sin cabeza y sin espina~Pieza~1,6 kg aprox.~| 10,95 €/kg~17.52~/ud.~Marisco y pescado >~Pescado fresco~https://tienda.mercadona.es/product/81790.2/merluza-abierta-libro-sin-cabeza-sin-espina-pieza~81790.2~2023-03-12 08:34:40.695418
Merluza media pieza abierta en libro sin cabeza y sin espina~1/2 Pieza~790 g aprox.~| 10,95 €/kg~8.65~/ud.~Marisco y pescado >~Pescado fresco~https://tienda.mercadona.es/product/81790.5/merluza-media-pieza-abierta-libro-sin-cabeza-sin-espina-12-pieza~81790.5~2023-03-12 08:34:41.286252
Merluza sin aletas y sin escamas~Pieza~1,6 kg aprox.~| 10,95 €/kg~17.52~/ud.~Marisco y pescado >~Pescado fresco~https://tienda.mercadona.es/product/81790.3/merluza-sin-aletas-sin-escamas-pieza~81790.3~2023-03-12 08:34:41.867514
Merluza media pieza sin aletas y sin escamas~1/2 Pieza~790 g aprox.~| 10,95 €/kg~8.65~/ud.~Marisco y pescado >~Pescado fresco~https://tienda.mercadona.es/product/81790.6/merluza-media-pieza-sin-aletas-sin-escamas-12-pieza~81790.6~2023-03-12 08:34:42.408270
Rape a rodajas sin cabeza~Pieza~1,89 kg aprox.~| 11,90 €/kg~22.49~/ud.~Marisco y pescado >~Pescado fresco~https://tienda.mercadona.es/product/81220.2/rape-rodajas-sin-cabeza-pieza~81220.2~2023-03-12 08:34:42.984419
Rape abierto en libro sin cabeza y sin espina~Pieza~1,89 kg aprox.~| 11,90 €/kg~22.49~/ud.~Marisco y pescado >~Pescado fresco~https://tienda.mercadona.es/product/81220.3/rape-abierto-libro-sin-cabeza-sin-espina-pieza~81220.3~2023-03-12 08:34:43.563253
Rape sin piel y sin cabeza~Pieza~1,89 kg aprox.~| 11,90 €/kg~22.49~/ud.~Marisco y pescado >~Pescado fresco~https://tienda.mercadona.es/product/81220.1/rape-sin-piel-sin-cabeza-pieza~81220.1~2023-03-12 08:34:44.338869
Rape sin aletas y sin dientes~Pieza~1,89 kg aprox.~| 11,90 €/kg~22.49~/ud.~Marisco y pescado >~Pescado fresco~https://tienda.mercadona.es/product/81220.4/rape-sin-aletas-sin-dientes-pieza~81220.4~2023-03-12 08:34:44.898985
Rodaballo con piel, sin aletas y sin agallas~Pieza~2,71 kg aprox.~| 12,50 €/kg~33.87~/ud.~Marisco y pescado >~Pescado fresco~https://tienda.mercadona.es/product/81226.3/rodaballo-con-piel-sin-aletas-sin-agallas-pieza~81226.3~2023-03-12 08:34:45.480327
Rodaballo a filetes~Pieza~2,71 kg aprox.~| 12,50 €/kg~33.87~/ud.~Marisco y pescado >~Pescado fresco~https://tienda.mercadona.es/product/81226.1/rodaballo-filetes-pieza~81226.1~2023-03-12 08:34:46.067928
Rodaballo a filetes y sin piel~Pieza~2,71 kg aprox.~| 12,50 €/kg~33.87~/ud.~Marisco y pescado >~Pescado fresco~https://tienda.mercadona.es/product/81226.2/rodaballo-filetes-sin-piel-pieza~81226.2~2023-03-12 08:34:46.646611
Filetes de anchoa en aceite de girasol Hacendado~3 bandejas x 29 g~| 24,138 €/kg~Not available~2.1~/pack~Marisco y pescado >~Salazones y ahumados~https://tienda.mercadona.es/product/18407/filetes-anchoa-aceite-girasol-hacendado-pack-3~18407~2023-03-12 08:35:43.049287
Boquerones en vinagre Hacendado en aceite de girasol~Bandeja~80 g (60 g escurrido)~| 30,834 €/kg~1.85~/ud.~Marisco y pescado >~Salazones y ahumados~https://tienda.mercadona.es/product/80405/boquerones-vinagre-hacendado-aceite-girasol-bandeja~80405~2023-03-12 08:35:43.578614
Boquerones al vinagre Hacendado en aceite de girasol~Tarrina~330 g (265 g escurrido)~| 22,453 €/kg~5.95~/ud.~Marisco y pescado >~Salazones y ahumados~https://tienda.mercadona.es/product/23122/boquerones-vinagre-hacendado-aceite-girasol-tarrina~23122~2023-03-12 08:35:44.032492
Filetes de anchoa en aceite de oliva Hacendado~Lata~42 g (29 g escurrido)~| 41,38 €/kg~1.2~/ud.~Marisco y pescado >~Salazones y ahumados~https://tienda.mercadona.es/product/18400/filetes-anchoa-aceite-oliva-hacendado-lata~18400~2023-03-12 08:35:44.489319
Filetes de anchoa en aceite de oliva Hacendado~3 bandejas x 29 g~| 33,909 €/kg~Not available~2.95~/pack~Marisco y pescado >~Salazones y ahumados~https://tienda.mercadona.es/product/18408/filetes-anchoa-aceite-oliva-hacendado-pack-3~18408~2023-03-12 08:35:44.930811
Filetes de sardina anchoada Hacendado en aceite de girasol~Bandeja~80 g (60 g escurrido)~| 26,667 €/kg~1.6~/ud.~Marisco y pescado >~Salazones y ahumados~https://tienda.mercadona.es/product/80409/filetes-sardina-anchoada-hacendado-aceite-girasol-bandeja~80409~2023-03-12 08:35:45.388263
Migas de bacalao desaladas Hacendado~Bandeja~300 g~| 20,00 €/kg~6.0~/ud.~Marisco y pescado >~Salazones y ahumados~https://tienda.mercadona.es/product/83965/migas-bacalao-desaladas-hacendado-bandeja~83965~2023-03-12 08:35:45.828774
Filetes de sardina marinada Hacendado en aceite de oliva virgen extra~Bandeja~80 g (50 g escurrido)~| 34,00 €/kg~1.7~/ud.~Marisco y pescado >~Salazones y ahumados~https://tienda.mercadona.es/product/80412/filetes-sardina-marinada-hacendado-aceite-oliva-virgen-extra-bandeja~80412~2023-03-12 08:35:46.321519
Sucedáneo de caviar negro Ubago Caviartic~Tarro~75 g~| 24,667 €/kg~1.85~/ud.~Marisco y pescado >~Salazones y ahumados~https://tienda.mercadona.es/product/18808/sucedaneo-caviar-negro-ubago-caviartic-tarro~18808~2023-03-12 08:35:46.772582
Filetes de anchoa en aceite de oliva Hacendado~Bandeja~140 g (110 g escurrido)~| 59,546 €/kg~6.55~/ud.~Marisco y pescado >~Salazones y ahumados~https://tienda.mercadona.es/product/18402/filetes-anchoa-aceite-oliva-hacendado-bandeja~18402~2023-03-12 08:35:47.223524
Filetes de anchoa en aceite de oliva Hacendado del cantábrico~Lata~74 g (50 g escurrido)~| 73,00 €/kg~3.65~/ud.~Marisco y pescado >~Salazones y ahumados~https://tienda.mercadona.es/product/80418/filetes-anchoa-aceite-oliva-hacendado-cantabrico-lata~80418~2023-03-12 08:35:47.678711
Huevas de lumpo Hacendado~Tarro~75 g~| 30,00 €/kg~2.25~/ud.~Marisco y pescado >~Salazones y ahumados~https://tienda.mercadona.es/product/18818/huevas-lumpo-hacendado-tarro~18818~2023-03-12 08:35:48.195277
Mojama de atún superior en taco Hacendado seca salada~Paquete~200 g aprox.~| 41,00 €/kg~8.2~/ud.~Marisco y pescado >~Salazones y ahumados~https://tienda.mercadona.es/product/80981/mojama-atun-superior-taco-hacendado-seca-salada-paquete~80981~2023-03-12 08:35:48.686198
Salmón ahumado Hacendado~Paquete~100 g aprox.~| 40,00 €/kg~4.0~/ud.~Marisco y pescado >~Salazones y ahumados~https://tienda.mercadona.es/product/53444/salmon-ahumado-hacendado-paquete~53444~2023-03-12 08:35:49.092235
Salmón ahumado Hacendado~2 paquetes x 190 g~| 38,00 €/kg~Not available~14.44~/pack~Marisco y pescado >~Salazones y ahumados~https://tienda.mercadona.es/product/53445/salmon-ahumado-hacendado-pack-2~53445~2023-03-12 08:35:49.552245
Bacalao ahumado Hacendado en aceite de girasol~Bandeja~110 g (80 g escurrido)~| 38,75 €/kg~3.1~/ud.~Marisco y pescado >~Salazones y ahumados~https://tienda.mercadona.es/product/13787/bacalao-ahumado-hacendado-aceite-girasol-bandeja~13787~2023-03-12 08:35:50.004782
Salmón marinado Hacendado~Paquete~80 g~| 43,75 €/kg~3.5~/ud.~Marisco y pescado >~Salazones y ahumados~https://tienda.mercadona.es/product/53446/salmon-marinado-hacendado-paquete~53446~2023-03-12 08:35:50.487214
Filetes de sardina ahumada Hacendado en aceite de girasol~Bandeja~85 g (65 g escurrido)~| 34,616 €/kg~2.25~/ud.~Marisco y pescado >~Salazones y ahumados~https://tienda.mercadona.es/product/18436/filetes-sardina-ahumada-hacendado-aceite-girasol-bandeja~18436~2023-03-12 08:35:50.948510
Taquitos de salmón ahumado Hacendado~Paquete~100 g~| 38,00 €/kg~3.8~/ud.~Marisco y pescado >~Salazones y ahumados~https://tienda.mercadona.es/product/22612/taquitos-salmon-ahumado-hacendado-paquete~22612~2023-03-12 08:35:51.373467
Bento box contiene ensalada de alga wakame, 9 piezas surtido sushi y tartar de salmón~Bandeja~290 g~| 27,414 €/kg~7.95~/ud.~Marisco y pescado >~Sushi~https://tienda.mercadona.es/product/83359/bento-box-contiene-ensalada-alga-wakame-9-piezas-surtido-sushi-tartar-salmon-bandeja~83359~2023-03-12 08:36:42.483699
Surtido sushi salmón sin gluten contiene 4 nigiris de salmón, 4 rolls de salmón, 4 makis de salmón y 4 sashimis de salmón~Bandeja~16 ud. (250 g)~| 43,80 €/kg~10.95~/ud.~Marisco y pescado >~Sushi~https://tienda.mercadona.es/product/83366/surtido-sushi-salmon-sin-gluten-contiene-4-nigiris-salmon-4-rolls-salmon-4-makis-salmon-4-sashimis-salmon-bandeja~83366~2023-03-12 08:36:43.007343
Surtido California rolls contiene 4 de surimi/pepino, 4 de salmón/mango, 4 de ebi/aguacate y 4 de salmón/queso~Bandeja~16 ud. (240 g)~| 41,459 €/kg~9.95~/ud.~Marisco y pescado >~Sushi~https://tienda.mercadona.es/product/83396/surtido-california-rolls-contiene-4-surimipepino-4-salmonmango-4-ebiaguacate-4-salmonqueso-bandeja~83396~2023-03-12 08:36:43.431753
Kit sushi contiene palillos, salsa de soja y wasabi~Paquete~1 ud.~| 1,00 €/ud~1.0~/ud.~Marisco y pescado >~Sushi~https://tienda.mercadona.es/product/83327/kit-sushi-contiene-palillos-salsa-soja-wasabi-paquete~83327~2023-03-12 08:36:43.823808
Noodles Yakisoba con carne y verduras~Bol~300 g~| 15,00 €/kg~4.5~/ud.~Marisco y pescado >~Sushi~https://tienda.mercadona.es/product/84981/noodles-yakisoba-con-carne-verduras-bol~84981~2023-03-12 08:36:44.311998
Poke de salmón~Bol~470 g~| 11,703 €/kg~5.5~/ud.~Fruta y verdura >~Lechuga y ensalada preparada~https://tienda.mercadona.es/product/84955/poke-salmon-bol~84955~2023-03-12 08:36:44.774686
Gyozas de cerdo y verduras~Bandeja~100 g~| 40,00 €/kg~4.0~/ud.~Marisco y pescado >~Sushi~https://tienda.mercadona.es/product/84971/gyozas-cerdo-verduras-bandeja~84971~2023-03-12 08:36:45.220820
Bocaditos en salsa gato adulto Delikuit con pollo, pavo y verduras~Bote~400 g~| 1,75 €/kg~0.7~/ud.~Mascotas >~Gato~https://tienda.mercadona.es/product/52094/bocaditos-salsa-gato-adulto-delikuit-con-pollo-pavo-verduras-bote~52094~2023-03-12 08:37:27.153810
Bocaditos en salsa gato adulto Delikuit con salmón, trucha y verduras~Bote~400 g~| 1,75 €/kg~0.7~/ud.~Mascotas >~Gato~https://tienda.mercadona.es/product/52095/bocaditos-salsa-gato-adulto-delikuit-con-salmon-trucha-verduras-bote~52095~2023-03-12 08:37:27.767637
Paté gato júnior Delikuit con pollo y pavo~Tarrina~100 g~| 6,50 €/kg~0.65~/ud.~Mascotas >~Gato~https://tienda.mercadona.es/product/52070/pate-gato-junior-delikuit-con-pollo-pavo-tarrina~52070~2023-03-12 08:37:28.314993
Paté gato adulto Delikuit con trucha y salmón~Tarrina~100 g~| 6,50 €/kg~0.65~/ud.~Mascotas >~Gato~https://tienda.mercadona.es/product/52073/pate-gato-adulto-delikuit-con-trucha-salmon-tarrina~52073~2023-03-12 08:37:28.867479
Paté gato adulto Delikuit con pollo y pavo~Tarrina~100 g~| 6,50 €/kg~0.65~/ud.~Mascotas >~Gato~https://tienda.mercadona.es/product/52072/pate-gato-adulto-delikuit-con-pollo-pavo-tarrina~52072~2023-03-12 08:37:29.476862
Paté gato adulto Delikuit con ternera e hígado~Tarrina~100 g~| 6,50 €/kg~0.65~/ud.~Mascotas >~Gato~https://tienda.mercadona.es/product/52071/pate-gato-adulto-delikuit-con-ternera-higado-tarrina~52071~2023-03-12 08:37:30.072189
Paté gato adulto Delikuit con salmón y trucha~Bote~400 g~| 3,50 €/kg~1.4~/ud.~Mascotas >~Gato~https://tienda.mercadona.es/product/52092/pate-gato-adulto-delikuit-con-salmon-trucha-bote~52092~2023-03-12 08:37:30.675117
Paté gato adulto Delikuit con pollo y pavo~Bote~400 g~| 3,50 €/kg~1.4~/ud.~Mascotas >~Gato~https://tienda.mercadona.es/product/52091/pate-gato-adulto-delikuit-con-pollo-pavo-bote~52091~2023-03-12 08:37:31.268274
Mousse con lenguado y salmón gato adulto Delikuit~4 tarrinas x 85 g~| 5,589 €/kg~Not available~1.9~/pack~Mascotas >~Gato~https://tienda.mercadona.es/product/15985/mousse-con-lenguado-salmon-gato-adulto-delikuit-caja~15985~2023-03-12 08:37:31.848235
Mousse con ternera y pollo gato adulto Delikuit~4 tarrinas x 85 g~| 5,589 €/kg~Not available~1.9~/pack~Mascotas >~Gato~https://tienda.mercadona.es/product/15984/mousse-con-ternera-pollo-gato-adulto-delikuit-caja~15984~2023-03-12 08:37:32.426095
Bocaditos en salsa gato adulto Delikuit contiene 4 con gambas, bacalao, guisantes, zanahoria y 4 con trucha, salmón, guisantes, zanahoria~8 ud. x 100 g~| 3,00 €/kg~Not available~2.4~/pack~Mascotas >~Gato~https://tienda.mercadona.es/product/70707/bocaditos-salsa-gato-adulto-delikuit-contiene-4-con-gambas-bacalao-guisantes-zanahoria-4-con-trucha-salmon-guisantes-zanahoria-caja~70707~2023-03-12 08:37:33.001515
Bocaditos en gelatina gato júnior Delikuit con pollo y pavo~Paquete~8 ud. (800 g)~| 3,125 €/kg~2.5~/ud.~Mascotas >~Gato~https://tienda.mercadona.es/product/22007/bocaditos-gelatina-gato-junior-delikuit-con-pollo-pavo-paquete~22007~2023-03-12 08:37:33.700619
Bocaditos en salsa gato adulto Delikuit contiene 4 con cordero, pollo, guisantes, zanahoria y 4 con conejo, pavo, guisantes, zanahoria~8 ud. x 100 g~| 3,00 €/kg~Not available~2.4~/pack~Mascotas >~Gato~https://tienda.mercadona.es/product/70706/bocaditos-salsa-gato-adulto-delikuit-contiene-4-con-cordero-pollo-guisantes-zanahoria-4-con-conejo-pavo-guisantes-zanahoria-caja~70706~2023-03-12 08:37:34.317956
Bocaditos en gelatina gato adulto Delikuit contiene 4 con atún, gambas, guisantes, zanahoria y 4 con salmón, merluza, guisantes, zanahoria~8 ud. x 100 g~| 3,00 €/kg~Not available~2.4~/pack~Mascotas >~Gato~https://tienda.mercadona.es/product/70705/bocaditos-gelatina-gato-adulto-delikuit-contiene-4-con-atun-gambas-guisantes-zanahoria-4-con-salmon-merluza-guisantes-zanahoria-caja~70705~2023-03-12 08:37:34.960965
Bocaditos en gelatina gato adulto Delikuit contiene 4 con ternera, hígado, guisantes, zanahoria y 4 con pato, pollo, guisantes, zanahoria~8 ud. x 100 g~| 3,00 €/kg~Not available~2.4~/pack~Mascotas >~Gato~https://tienda.mercadona.es/product/70704/bocaditos-gelatina-gato-adulto-delikuit-contiene-4-con-ternera-higado-guisantes-zanahoria-4-con-pato-pollo-guisantes-zanahoria-caja~70704~2023-03-12 08:37:35.557056
Gelatina gato adulto selección de aves Quartett~Paquete~4 ud. (340 g)~| 5,295 €/kg~1.8~/ud.~Mascotas >~Gato~https://tienda.mercadona.es/product/35266/gelatina-gato-adulto-seleccion-aves-quartett-paquete~35266~2023-03-12 08:37:36.152458
Gelatina gato adulto selección de pescado Quartett~Paquete~4 ud. (340 g)~| 5,295 €/kg~1.8~/ud.~Mascotas >~Gato~https://tienda.mercadona.es/product/35267/gelatina-gato-adulto-seleccion-pescado-quartett-paquete~35267~2023-03-12 08:37:36.742978
Comida gato júnior Compy con pollo, frutas y verduras~Paquete~1,5 kg~| 2,40 €/kg~3.6~/ud.~Mascotas >~Gato~https://tienda.mercadona.es/product/15640/comida-gato-junior-compy-con-pollo-frutas-verduras-paquete~15640~2023-03-12 08:37:37.350585
Comida gato adulto Compy con pollo, ternera, frutas y verduras~Paquete~10 kg~| 1,33 €/kg~13.3~/ud.~Mascotas >~Gato~https://tienda.mercadona.es/product/15987/comida-gato-adulto-compy-con-pollo-ternera-frutas-verduras-paquete~15987~2023-03-12 08:37:37.943727
Comida gato adulto Compy con pollo, ternera, frutas y verduras~Paquete~2 kg~| 1,55 €/kg~3.1~/ud.~Mascotas >~Gato~https://tienda.mercadona.es/product/15986/comida-gato-adulto-compy-con-pollo-ternera-frutas-verduras-paquete~15986~2023-03-12 08:37:38.514358
Comida gato adulto Compy con salmón, atún, frutas y verduras~Paquete~10 kg~| 1,33 €/kg~13.3~/ud.~Mascotas >~Gato~https://tienda.mercadona.es/product/15983/comida-gato-adulto-compy-con-salmon-atun-frutas-verduras-paquete~15983~2023-03-12 08:37:39.100888
Comida gato adulto Compy con salmón, atún, frutas y verduras~Paquete~2 kg~| 1,55 €/kg~3.1~/ud.~Mascotas >~Gato~https://tienda.mercadona.es/product/15982/comida-gato-adulto-compy-con-salmon-atun-frutas-verduras-paquete~15982~2023-03-12 08:37:39.718866
Comida gato esterilizado light Compy con pollo, frutas y verduras~Paquete~1,5 kg~| 2,40 €/kg~3.6~/ud.~Mascotas >~Gato~https://tienda.mercadona.es/product/15742/comida-gato-esterilizado-light-compy-con-pollo-frutas-verduras-paquete~15742~2023-03-12 08:37:40.324277
Comida gato júnior Supreme Compy con pollo, frutas y verduras~Paquete~800 g~| 4,375 €/kg~3.5~/ud.~Mascotas >~Gato~https://tienda.mercadona.es/product/15944/comida-gato-junior-supreme-compy-con-pollo-frutas-verduras-paquete~15944~2023-03-12 08:37:40.923973
Comida gato adulto Supreme Compy con pollo, frutas y verduras~Paquete~1,5 kg~| 3,534 €/kg~5.3~/ud.~Mascotas >~Gato~https://tienda.mercadona.es/product/13714/comida-gato-adulto-supreme-compy-con-pollo-frutas-verduras-paquete~13714~2023-03-12 08:37:41.523493
Comida gato esterilizado light Supreme Compy con pollo fresco, frutas y verduras~Paquete~1,5 kg~| 3,534 €/kg~5.3~/ud.~Mascotas >~Gato~https://tienda.mercadona.es/product/15560/comida-gato-esterilizado-light-supreme-compy-con-pollo-fresco-frutas-verduras-paquete~15560~2023-03-12 08:37:42.130975
Comida gato tracto urinário Supreme Compy con pollo fresco, frutas y verduras~Paquete~1,5 kg~| 3,534 €/kg~5.3~/ud.~Mascotas >~Gato~https://tienda.mercadona.es/product/23175/comida-gato-tracto-urinario-supreme-compy-con-pollo-fresco-frutas-verduras-paquete~23175~2023-03-12 08:37:42.730747
Comida gato adulto Supreme Compy con salmón, frutas y verduras~Paquete~1,5 kg~| 3,534 €/kg~5.3~/ud.~Mascotas >~Gato~https://tienda.mercadona.es/product/13715/comida-gato-adulto-supreme-compy-con-salmon-frutas-verduras-paquete~13715~2023-03-12 08:37:43.428720
Comida gato sénior Supreme Compy con pollo fresco, frutas y verduras~Paquete~1,5 kg~| 3,534 €/kg~5.3~/ud.~Mascotas >~Gato~https://tienda.mercadona.es/product/23174/comida-gato-senior-supreme-compy-con-pollo-fresco-frutas-verduras-paquete~23174~2023-03-12 08:37:44.055271
Comida gato bolas de pelo Supreme Compy con pollo, frutas y verduras~Paquete~1,5 kg~| 3,534 €/kg~5.3~/ud.~Mascotas >~Gato~https://tienda.mercadona.es/product/23176/comida-gato-bolas-pelo-supreme-compy-con-pollo-frutas-verduras-paquete~23176~2023-03-12 08:37:44.693787
Arena para gato antibacterias Nuske~Paquete~5 kg~| 0,28 €/kg~1.4~/ud.~Mascotas >~Gato~https://tienda.mercadona.es/product/90080/arena-gato-antibacterias-nuske-paquete~90080~2023-03-12 08:37:45.305411
Arena para gato antibacterias Nuske perfumada~Paquete~5 kg~| 0,34 €/kg~1.7~/ud.~Mascotas >~Gato~https://tienda.mercadona.es/product/90083/arena-gato-antibacterias-nuske-perfumada-paquete~90083~2023-03-12 08:37:45.897872
Arena para gato aglomerante Nuske perfumada~Caja~5 kg~| 0,76 €/kg~3.8~/ud.~Mascotas >~Gato~https://tienda.mercadona.es/product/13658/arena-gato-aglomerante-nuske-perfumada-caja~13658~2023-03-12 08:37:46.501632
Arena para gato de perlas sílice Single~Paquete~4 L~| 0,975 €/L~3.9~/ud.~Mascotas >~Gato~https://tienda.mercadona.es/product/90947/arena-gato-perlas-silice-single-paquete~90947~2023-03-12 08:37:47.106628
Hierba para gatos Natura~Caja~120 g~| 29,167 €/kg~3.5~/ud.~Mascotas >~Gato~https://tienda.mercadona.es/product/38234/hierba-gatos-natura-caja~38234~2023-03-12 08:37:47.723998
Malta para gato Natura con queso~Tubo~100 g~| 40,00 €/kg~4.0~/ud.~Mascotas >~Gato~https://tienda.mercadona.es/product/52098/malta-gato-natura-con-queso-tubo~52098~2023-03-12 08:37:48.342380
Collar anti-insectos gato Krislin~Paquete~1 ud.~| 2,50 €/ud~2.5~/ud.~Mascotas >~Gato~https://tienda.mercadona.es/product/92929/collar-anti-insectos-gato-krislin-paquete~92929~2023-03-12 08:37:48.964307
Pipetas anti-insectos para gato Krislin~Paquete~2 ud.~| 153,334 €/100 ml~4.6~/ud.~Mascotas >~Gato~https://tienda.mercadona.es/product/91889/pipetas-anti-insectos-gato-krislin-paquete~91889~2023-03-12 08:37:49.548207
Spray anti-insectos para perros y gatos Krislin~Spray~250 ml~| 13,60 €/L~3.4~/ud.~Mascotas >~Gato~https://tienda.mercadona.es/product/91419/spray-anti-insectos-perros-gatos-krislin-spray~91419~2023-03-12 08:37:50.096565
Agua de colonia para perros y gatos Krislin fragancia talco~Spray~250 ml~| 13,60 €/L~3.4~/ud.~Mascotas >~Gato~https://tienda.mercadona.es/product/90794/agua-colonia-perros-gatos-krislin-fragancia-talco-spray~90794~2023-03-12 08:37:50.804441
Anti orines para perros y gatos Krislin~Spray~250 ml~| 13,60 €/L~3.4~/ud.~Mascotas >~Gato~https://tienda.mercadona.es/product/90795/anti-orines-perros-gatos-krislin-spray~90795~2023-03-12 08:37:51.417551
Snacks gato rellenos con salmón y malta Compy~Paquete~70 g~| 15,715 €/kg~1.1~/ud.~Mascotas >~Gato~https://tienda.mercadona.es/product/16858/snacks-gato-rellenos-con-salmon-malta-compy-paquete~16858~2023-03-12 08:37:52.136694
Snack gato aperitivo líquido Compy contine 4 con pollo e hígado y 4 con salmón~Caja~8 ud. (120 g)~| 13,334 €/kg~1.6~/ud.~Mascotas >~Gato~https://tienda.mercadona.es/product/52146/snack-gato-aperitivo-liquido-compy-contine-4-con-pollo-higado-4-con-salmon-caja~52146~2023-03-12 08:37:52.797235
Snacks gato rellenos con pollo y malta Compy~Paquete~70 g~| 15,715 €/kg~1.1~/ud.~Mascotas >~Gato~https://tienda.mercadona.es/product/16859/snacks-gato-rellenos-con-pollo-malta-compy-paquete~16859~2023-03-12 08:37:53.408772
Snack gato barritas Compy de pollo e hígado~10 ud. x 5 g~| 24,00 €/kg~Not available~1.2~/pack~Mascotas >~Gato~https://tienda.mercadona.es/product/22008/snack-gato-barritas-compy-pollo-higado-pack-10~22008~2023-03-12 08:37:53.996395
Snack gato barritas Compy de salmón y merluza~Not available~Not available~Not available~1.2~/pack~Not Available~Compartir~https://tienda.mercadona.es/product/52149/snack-gato-barritas-compy-salmon-merluza-pack-10~52149~2023-03-12 08:37:54.455519
Snack gato barritas Compy de pato y pavo~Not available~Not available~Not available~1.2~/pack~Not Available~Compartir~https://tienda.mercadona.es/product/52148/snack-gato-barritas-compy-pato-pavo-pack-10~52148~2023-03-12 08:37:54.920671
Paté perro júnior Delikuit con ternera y leche~Tarrina~150 g~| 6,00 €/kg~0.9~/ud.~Mascotas >~Perro~https://tienda.mercadona.es/product/52062/pate-perro-junior-delikuit-con-ternera-leche-tarrina~52062~2023-03-12 08:59:00.743047
Paté perro junior Delikuit con pollo, pavo y verduras~Tarrina~300 g~| 3,667 €/kg~1.1~/ud.~Mascotas >~Perro~https://tienda.mercadona.es/product/52058/pate-perro-junior-delikuit-con-pollo-pavo-verduras-tarrina~52058~2023-03-12 08:59:01.390104
Paté perro adulto Delikuit con ternera, hígado y verduras~Tarrina~300 g~| 3,667 €/kg~1.1~/ud.~Mascotas >~Perro~https://tienda.mercadona.es/product/52059/pate-perro-adulto-delikuit-con-ternera-higado-verduras-tarrina~52059~2023-03-12 08:59:01.963735
Trozos en salsa perro adulto Delikuit con ternera, hígado y verduras~Bote~1,23 kg~| 1,301 €/kg~1.6~/ud.~Mascotas >~Perro~https://tienda.mercadona.es/product/52088/trozos-salsa-perro-adulto-delikuit-con-ternera-higado-verduras-bote~52088~2023-03-12 08:59:02.538937
Paté perro adulto Delikuit con salmón y verduras~Bote~1,2 kg~| 2,00 €/kg~2.4~/ud.~Mascotas >~Perro~https://tienda.mercadona.es/product/70736/pate-perro-adulto-delikuit-con-salmon-verduras-bote~70736~2023-03-12 08:59:03.170139
Paté perro adulto Delikuit con ternera y pollo~Bote~1,2 kg~| 2,00 €/kg~2.4~/ud.~Mascotas >~Perro~https://tienda.mercadona.es/product/52086/pate-perro-adulto-delikuit-con-ternera-pollo-bote~52086~2023-03-12 08:59:03.754544
Trozos en salsa perro adulto Delikuit con salmón y verduras~Bote~1,23 kg~| 1,301 €/kg~1.6~/ud.~Mascotas >~Perro~https://tienda.mercadona.es/product/70737/trozos-salsa-perro-adulto-delikuit-con-salmon-verduras-bote~70737~2023-03-12 08:59:04.335085
Salchicha perro adulto Delikuit con pollo y arroz~1 kg~| 1,75 €/kg~Not available~1.75~/ud.~Mascotas >~Perro~https://tienda.mercadona.es/product/52096/salchicha-perro-adulto-delikuit-con-pollo-arroz~52096~2023-03-12 08:59:04.908933
Salchicha perro adulto Delikuit con salmón y verduras~1 kg~| 1,75 €/kg~Not available~1.75~/ud.~Mascotas >~Perro~https://tienda.mercadona.es/product/68000/salchicha-perro-adulto-delikuit-con-salmon-verduras~68000~2023-03-12 08:59:05.485996
Trozos en salsa perro adulto Delikuit con ternera, pavo y verduras~Tarrina~300 g~| 2,834 €/kg~0.85~/ud.~Mascotas >~Perro~https://tienda.mercadona.es/product/52068/trozos-salsa-perro-adulto-delikuit-con-ternera-pavo-verduras-tarrina~52068~2023-03-12 08:59:06.086241
Trozos en salsa perro adulto Delikuit con ternera, pavo y verduras~Tarrina~150 g~| 5,00 €/kg~0.75~/ud.~Mascotas >~Perro~https://tienda.mercadona.es/product/52066/trozos-salsa-perro-adulto-delikuit-con-ternera-pavo-verduras-tarrina~52066~2023-03-12 08:59:06.680550
Paté perro adulto Delikuit con salmón y verduras~Tarrina~300 g~| 3,667 €/kg~1.1~/ud.~Mascotas >~Perro~https://tienda.mercadona.es/product/70733/pate-perro-adulto-delikuit-con-salmon-verduras-tarrina~70733~2023-03-12 08:59:07.342261
Paté perro adulto Delikuit con salmón y verduras~Tarrina~150 g~| 6,00 €/kg~0.9~/ud.~Mascotas >~Perro~https://tienda.mercadona.es/product/70732/pate-perro-adulto-delikuit-con-salmon-verduras-tarrina~70732~2023-03-12 08:59:07.940792
Trozos en salsa perro adulto Delikuit con salmón y verduras~Tarrina~300 g~| 2,834 €/kg~0.85~/ud.~Mascotas >~Perro~https://tienda.mercadona.es/product/70735/trozos-salsa-perro-adulto-delikuit-con-salmon-verduras-tarrina~70735~2023-03-12 08:59:08.595161
Trozos en salsa perro adulto Delikuit con salmón y verduras~Tarrina~150 g~| 5,00 €/kg~0.75~/ud.~Mascotas >~Perro~https://tienda.mercadona.es/product/70734/trozos-salsa-perro-adulto-delikuit-con-salmon-verduras-tarrina~70734~2023-03-12 08:59:09.211329
Comida perro júnior Compy con pollo, arroz, frutas y verduras razas medianas y grandes~Paquete~4 kg~| 1,625 €/kg~6.5~/ud.~Mascotas >~Perro~https://tienda.mercadona.es/product/23204/comida-perro-junior-compy-con-pollo-arroz-frutas-verduras-razas-medianas-grandes-paquete~23204~2023-03-12 08:59:09.826459
Comida perro adulto Compy con ternera, pollo, verduras y arroz razas medianas y grandes~Saco~18 kg~| 1,009 €/kg~18.15~/ud.~Mascotas >~Perro~https://tienda.mercadona.es/product/38297/comida-perro-adulto-compy-con-ternera-pollo-verduras-arroz-razas-medianas-grandes-saco~38297~2023-03-12 08:59:10.429711
Comida perro adulto Compy con pollo, ternera, frutas y verduras razas medianas y grandes~Saco~18 kg~| 1,009 €/kg~18.15~/ud.~Mascotas >~Perro~https://tienda.mercadona.es/product/15974/comida-perro-adulto-compy-con-pollo-ternera-frutas-verduras-razas-medianas-grandes-saco~15974~2023-03-12 08:59:11.009141
Comida perro adulto Compy con pollo, ternera, frutas y verduras razas medianas y grandes~Paquete~4 kg~| 1,625 €/kg~6.5~/ud.~Mascotas >~Perro~https://tienda.mercadona.es/product/15972/comida-perro-adulto-compy-con-pollo-ternera-frutas-verduras-razas-medianas-grandes-paquete~15972~2023-03-12 08:59:11.598516
Comida perro adulto Compy con pollo, ternera, frutas y verduras razas pequeñas~Paquete~3 kg~| 2,00 €/kg~6.0~/ud.~Mascotas >~Perro~https://tienda.mercadona.es/product/15970/comida-perro-adulto-compy-con-pollo-ternera-frutas-verduras-razas-pequenas-paquete~15970~2023-03-12 08:59:12.204395
Aritos perro adulto y sénior Compy razas medianas y grandes~Saco~4 kg~| 2,175 €/kg~8.7~/ud.~Mascotas >~Perro~https://tienda.mercadona.es/product/23173/aritos-perro-adulto-senior-compy-razas-medianas-grandes-saco~23173~2023-03-12 08:59:12.800618
Mini aritos perro adulto y sénior Compy razas pequeñas~Paquete~1,5 kg~| 2,767 €/kg~4.15~/ud.~Mascotas >~Perro~https://tienda.mercadona.es/product/23172/mini-aritos-perro-adulto-senior-compy-razas-pequenas-paquete~23172~2023-03-12 08:59:13.398885
Comida perro adulto Compy original~Saco~18 kg~| 0,862 €/kg~15.5~/ud.~Mascotas >~Perro~https://tienda.mercadona.es/product/52101/comida-perro-adulto-compy-original-saco~52101~2023-03-12 08:59:13.980757
Comida perro sénior y adultos esterilizados Supreme Compy con pollo, frutas y verduras razas medianas y grandes~Paquete~4 kg~| 1,625 €/kg~6.5~/ud.~Mascotas >~Perro~https://tienda.mercadona.es/product/23206/comida-perro-senior-adultos-esterilizados-supreme-compy-con-pollo-frutas-verduras-razas-medianas-grandes-paquete~23206~2023-03-12 08:59:14.598210
Comida perro adulto Compy con salmón, atún, frutas y verduras razas medianas y grandes~Paquete~4 kg~| 1,625 €/kg~6.5~/ud.~Mascotas >~Perro~https://tienda.mercadona.es/product/15973/comida-perro-adulto-compy-con-salmon-atun-frutas-verduras-razas-medianas-grandes-paquete~15973~2023-03-12 08:59:15.221046
Comida perro adulto Compy con salmón, atún, frutas y verduras razas pequeñas~Paquete~3 kg~| 2,00 €/kg~6.0~/ud.~Mascotas >~Perro~https://tienda.mercadona.es/product/15971/comida-perro-adulto-compy-con-salmon-atun-frutas-verduras-razas-pequenas-paquete~15971~2023-03-12 08:59:15.845289
Comida perro júnior Supreme Compy pollo fresco con frutas y verduras razas medianas y grandes~Paquete~3 kg~| 3,167 €/kg~9.5~/ud.~Mascotas >~Perro~https://tienda.mercadona.es/product/23208/comida-perro-junior-supreme-compy-pollo-fresco-con-frutas-verduras-razas-medianas-grandes-paquete~23208~2023-03-12 08:59:16.452443
Comida perro júnior Supreme Compy con pollo fresco, frutas y verduras razas pequeñas~Paquete~1,5 kg~| 3,534 €/kg~5.3~/ud.~Mascotas >~Perro~https://tienda.mercadona.es/product/23207/comida-perro-junior-supreme-compy-con-pollo-fresco-frutas-verduras-razas-pequenas-paquete~23207~2023-03-12 08:59:17.067496
Comida perro sénior y adultos esterilizados Supreme Compy con pollo, frutas y verduras razas medianas y grandes~Paquete~3 kg~| 3,167 €/kg~9.5~/ud.~Mascotas >~Perro~https://tienda.mercadona.es/product/23209/comida-perro-senior-adultos-esterilizados-supreme-compy-con-pollo-frutas-verduras-razas-medianas-grandes-paquete~23209~2023-03-12 08:59:17.674753
Comida perro sénior esterilizados Supreme Compy pollo fresco con frutas y verduras razas pequeñas~Paquete~1,5 kg~| 3,534 €/kg~5.3~/ud.~Mascotas >~Perro~https://tienda.mercadona.es/product/23171/comida-perro-senior-esterilizados-supreme-compy-pollo-fresco-con-frutas-verduras-razas-pequenas-paquete~23171~2023-03-12 08:59:18.357973
Comida perro adulto Supreme Compy salmón fresco con frutas y verduras razas medianas y grandes~Saco~10 kg~| 2,35 €/kg~23.5~/ud.~Mascotas >~Perro~https://tienda.mercadona.es/product/15981/comida-perro-adulto-supreme-compy-salmon-fresco-con-frutas-verduras-razas-medianas-grandes-saco~15981~2023-03-12 08:59:18.971910
Comida perro adulto Supreme Compy salmón fresco con frutas y verduras razas medianas y grandes~Paquete~3 kg~| 3,167 €/kg~9.5~/ud.~Mascotas >~Perro~https://tienda.mercadona.es/product/15980/comida-perro-adulto-supreme-compy-salmon-fresco-con-frutas-verduras-razas-medianas-grandes-paquete~15980~2023-03-12 08:59:19.574289
Comida perro adulto Supreme Compy salmón fresco con frutas y verduras razas pequeñas~Paquete~1,5 kg~| 3,534 €/kg~5.3~/ud.~Mascotas >~Perro~https://tienda.mercadona.es/product/15977/comida-perro-adulto-supreme-compy-salmon-fresco-con-frutas-verduras-razas-pequenas-paquete~15977~2023-03-12 08:59:20.183259
Comida perro adulto Supreme Compy pollo fresco con frutas y verduras razas medianas y grandes~Saco~10 kg~| 2,35 €/kg~23.5~/ud.~Mascotas >~Perro~https://tienda.mercadona.es/product/15979/comida-perro-adulto-supreme-compy-pollo-fresco-con-frutas-verduras-razas-medianas-grandes-saco~15979~2023-03-12 08:59:20.799208
Comida perro adulto Supreme Compy pollo fresco con frutas y verduras razas medianas y grandes~Paquete~3 kg~| 3,167 €/kg~9.5~/ud.~Mascotas >~Perro~https://tienda.mercadona.es/product/15978/comida-perro-adulto-supreme-compy-pollo-fresco-con-frutas-verduras-razas-medianas-grandes-paquete~15978~2023-03-12 08:59:21.438805
Comida perro adulto Supreme Compy pollo fresco con frutas y verduras razas pequeñas~Paquete~1,5 kg~| 3,534 €/kg~5.3~/ud.~Mascotas >~Perro~https://tienda.mercadona.es/product/15976/comida-perro-adulto-supreme-compy-pollo-fresco-con-frutas-verduras-razas-pequenas-paquete~15976~2023-03-12 08:59:22.057556
Ministick dental perro adulto Compy razas pequeñas~Paquete~250 g~| 8,80 €/kg~2.2~/ud.~Mascotas >~Perro~https://tienda.mercadona.es/product/52139/ministick-dental-perro-adulto-compy-razas-pequenas-paquete~52139~2023-03-12 08:59:22.677390
Stick dental perro adulto con menta Compy razas medianas y grandes~Paquete~208 g~| 8,414 €/kg~1.75~/ud.~Mascotas >~Perro~https://tienda.mercadona.es/product/23812/stick-dental-perro-adulto-con-menta-compy-razas-medianas-grandes-paquete~23812~2023-03-12 08:59:23.381992
Huesos de cuero con pollo y zanahoria Compy perro adulto razas medianas y grandes~Paquete~2 ud. (120 g)~| 15,00 €/kg~1.8~/ud.~Mascotas >~Perro~https://tienda.mercadona.es/product/13494/huesos-cuero-con-pollo-zanahoria-compy-perro-adulto-razas-medianas-grandes-paquete~13494~2023-03-12 08:59:23.994627
Hueso dental perro adulto sabor menta y perejil Compy~Paquete~3 ud. (192 g)~| 9,115 €/kg~1.75~/ud.~Mascotas >~Perro~https://tienda.mercadona.es/product/52143/hueso-dental-perro-adulto-sabor-menta-perejil-compy-paquete~52143~2023-03-12 08:59:24.617117
Bolsas para residuos caninos Kordis Doggy bags~Paquete~45 ud.~| 0,029 €/ud~1.3~/ud.~Mascotas >~Perro~https://tienda.mercadona.es/product/49760/bolsas-residuos-caninos-kordis-doggy-bags-paquete~49760~2023-03-12 08:59:25.234859
Champú cachorros y perro adulto con aloe vera Krislin~Botella~310 ml~| 8,71 €/L~2.7~/ud.~Mascotas >~Perro~https://tienda.mercadona.es/product/90793/champu-cachorros-perro-adulto-con-aloe-vera-krislin-botella~90793~2023-03-12 08:59:25.957181
Agua de colonia para perros y gatos Krislin fragancia talco~Spray~250 ml~| 13,60 €/L~3.4~/ud.~Mascotas >~Gato~https://tienda.mercadona.es/product/90794/agua-colonia-perros-gatos-krislin-fragancia-talco-spray~90794~2023-03-12 08:59:26.692711
Anti orines para perros y gatos Krislin~Spray~250 ml~| 13,60 €/L~3.4~/ud.~Mascotas >~Gato~https://tienda.mercadona.es/product/90795/anti-orines-perros-gatos-krislin-spray~90795~2023-03-12 08:59:27.396111
Spray anti-insectos para perros y gatos Krislin~Spray~250 ml~| 13,60 €/L~3.4~/ud.~Mascotas >~Gato~https://tienda.mercadona.es/product/91419/spray-anti-insectos-perros-gatos-krislin-spray~91419~2023-03-12 08:59:27.969616
Collar anti-insectos perro Krislin~Paquete~1 ud.~| 2,50 €/ud~2.5~/ud.~Mascotas >~Perro~https://tienda.mercadona.es/product/92928/collar-anti-insectos-perro-krislin-paquete~92928~2023-03-12 08:59:28.708014
Pipetas anti-insectos para perro Krislin~Paquete~2 ud.~| 153,334 €/100 ml~4.6~/ud.~Mascotas >~Perro~https://tienda.mercadona.es/product/91888/pipetas-anti-insectos-perro-krislin-paquete~91888~2023-03-12 08:59:29.337195
Snack palitos perro adulto con pollo y ternera Compy~Paquete~200 g~| 5,50 €/kg~1.1~/ud.~Mascotas >~Perro~https://tienda.mercadona.es/product/52135/snack-palitos-perro-adulto-con-pollo-ternera-compy-paquete~52135~2023-03-12 08:59:29.963070
Snack corazones perro adulto Compy~Paquete~350 g~| 4,858 €/kg~1.7~/ud.~Mascotas >~Perro~https://tienda.mercadona.es/product/52118/snack-corazones-perro-adulto-compy-paquete~52118~2023-03-12 08:59:30.590718
Snack huesitos cachorros júnior con leche Compy~Paquete~50 g~| 26,00 €/kg~1.3~/ud.~Mascotas >~Perro~https://tienda.mercadona.es/product/52133/snack-huesitos-cachorros-junior-con-leche-compy-paquete~52133~2023-03-12 08:59:31.213189
Snack tiras perro adulto 90% ternera Compy para todas las razas~Paquete~80 g~| 23,75 €/kg~1.9~/ud.~Mascotas >~Perro~https://tienda.mercadona.es/product/70739/snack-tiras-perro-adulto-90-ternera-compy-todas-razas-paquete~70739~2023-03-12 08:59:31.840864
Snack barritas perro adulto de ternera y cordero Compy~8 ud. x 11 g~| 13,637 €/kg~Not available~1.2~/pack~Mascotas >~Perro~https://tienda.mercadona.es/product/52145/snack-barritas-perro-adulto-ternera-cordero-compy-pack-8~52145~2023-03-12 08:59:32.446349
Snack barritas perro adulto de pollo e hígado Compy~8 ud. x 11 g~| 13,637 €/kg~Not available~1.2~/pack~Mascotas >~Perro~https://tienda.mercadona.es/product/22009/snack-barritas-perro-adulto-pollo-higado-compy-pack-8~22009~2023-03-12 08:59:33.093804
Snack salmones perro adulto Compy~Paquete~350 g~| 5,00 €/kg~1.75~/ud.~Mascotas >~Perro~https://tienda.mercadona.es/product/38298/snack-salmones-perro-adulto-compy-paquete~38298~2023-03-12 08:59:33.736919
Snack galletas perro adulto con pollo y ternera Compy razas pequeñas y medianas~Paquete~350 g~| 3,715 €/kg~1.3~/ud.~Mascotas >~Perro~https://tienda.mercadona.es/product/70762/snack-galletas-perro-adulto-con-pollo-ternera-compy-razas-pequenas-medianas-paquete~70762~2023-03-12 08:59:34.353285
Snack galletas perro adulto con pollo y ternera Compy razas medianas y grandes~Paquete~700 g~| 2,715 €/kg~1.9~/ud.~Mascotas >~Perro~https://tienda.mercadona.es/product/70763/snack-galletas-perro-adulto-con-pollo-ternera-compy-razas-medianas-grandes-paquete~70763~2023-03-12 08:59:34.988173
Snack barritas perro adulto de salmón y pollo Compy para todas las razas~8 ud. x 11 g~| 13,637 €/kg~Not available~1.2~/pack~Mascotas >~Perro~https://tienda.mercadona.es/product/22010/snack-barritas-perro-adulto-salmon-pollo-compy-todas-razas-pack-8~22010~2023-03-12 08:59:35.609688
Alimento completo para periquitos Granzoo~Paquete~1 kg~| 2,00 €/kg~2.0~/ud.~Mascotas >~Otros~https://tienda.mercadona.es/product/38131/alimento-completo-periquitos-granzoo-paquete~38131~2023-03-12 09:00:39.144059
Barritas de fruta y miel para periquitos Natura~Caja~3 ud. (90 g)~| 20,556 €/kg~1.85~/ud.~Mascotas >~Otros~https://tienda.mercadona.es/product/38145/barritas-fruta-miel-periquitos-natura-caja~38145~2023-03-12 09:00:39.737268
Alimento completo para canarios y jilgueros Granzoo~Paquete~1 kg~| 2,10 €/kg~2.1~/ud.~Mascotas >~Otros~https://tienda.mercadona.es/product/38130/alimento-completo-canarios-jilgueros-granzoo-paquete~38130~2023-03-12 09:00:40.244873
Barritas de fruta y miel para canarios Natura~Caja~3 ud. (90 g)~| 20,556 €/kg~1.85~/ud.~Mascotas >~Otros~https://tienda.mercadona.es/product/38111/barritas-fruta-miel-canarios-natura-caja~38111~2023-03-12 09:00:40.711449
Alimento completo para loros y cotorras Granzoo~Paquete~700 g~| 4,143 €/kg~2.9~/ud.~Mascotas >~Otros~https://tienda.mercadona.es/product/38220/alimento-completo-loros-cotorras-granzoo-paquete~38220~2023-03-12 09:00:41.197332
Alimento completo para ninfa y agaporni Granzoo~Paquete~800 g~| 2,438 €/kg~1.95~/ud.~Mascotas >~Otros~https://tienda.mercadona.es/product/13646/alimento-completo-ninfa-agaporni-granzoo-paquete~13646~2023-03-12 09:00:41.654123
Alimento completo conejos enanos Granzoo~Paquete~800 g~| 1,813 €/kg~1.45~/ud.~Mascotas >~Otros~https://tienda.mercadona.es/product/38007/alimento-completo-conejos-enanos-granzoo-paquete~38007~2023-03-12 09:00:42.107793
Alimento completo hamsters Granzoo~Paquete~500 g~| 2,40 €/kg~1.2~/ud.~Mascotas >~Otros~https://tienda.mercadona.es/product/38128/alimento-completo-hamsters-granzoo-paquete~38128~2023-03-12 09:00:42.576346
Barritas de miel para roedores Natura~Caja~2 ud. (112 g)~| 14,286 €/kg~1.6~/ud.~Mascotas >~Otros~https://tienda.mercadona.es/product/38113/barritas-miel-roedores-natura-caja~38113~2023-03-12 09:00:43.025128
Alimento completo cobaya Granzoo~Paquete~700 g~| 3,00 €/kg~2.1~/ud.~Mascotas >~Otros~https://tienda.mercadona.es/product/86491/alimento-completo-cobaya-granzoo-paquete~86491~2023-03-12 09:00:43.485855
Heno para conejos y roedores Granzoo con manzanilla~Paquete~1 kg~| 3,50 €/kg~3.5~/ud.~Mascotas >~Otros~https://tienda.mercadona.es/product/35409/heno-conejos-roedores-granzoo-con-manzanilla-paquete~35409~2023-03-12 09:00:43.944343
Lecho vegetal para pequeñas mascotas Vitakraft~Saco~8 L~| 0,888 €/L~7.1~/ud.~Mascotas >~Otros~https://tienda.mercadona.es/product/35291/lecho-vegetal-pequenas-mascotas-vitakraft-saco~35291~2023-03-12 09:00:44.447377
Berlina al cacao~Paquete~4 ud. (240 g)~| 5,625 €/kg~1.35~/ud.~Panadería y pastelería >~Bollería de horno~https://tienda.mercadona.es/product/84785/berlina-cacao-paquete~84785~2023-03-12 09:01:37.172078
Croissant de mantequilla 26%~Pieza~50 g~| 7,00 €/kg~0.35~/ud.~Panadería y pastelería >~Bollería de horno~https://tienda.mercadona.es/product/84692/croissant-mantequilla-26-pieza~84692~2023-03-12 09:01:37.770974
Berlina glacé~Paquete~4 ud. (200 g)~| 6,75 €/kg~1.35~/ud.~Panadería y pastelería >~Bollería de horno~https://tienda.mercadona.es/product/84710/berlina-glace-paquete~84710~2023-03-12 09:01:38.268748
Trenza con nueces 4%~Pieza~80 g~| 8,125 €/kg~0.65~/ud.~Panadería y pastelería >~Bollería de horno~https://tienda.mercadona.es/product/84458/trenza-con-nueces-4-pieza~84458~2023-03-12 09:01:38.772250
Rosquillas al cacao~Paquete~7 ud. (182 g)~| 7,693 €/kg~1.4~/ud.~Panadería y pastelería >~Bollería de horno~https://tienda.mercadona.es/product/84654/rosquillas-cacao-paquete~84654~2023-03-12 09:01:39.298435
12 Mini croissants de mantequilla~Bolsa~12 ud. (240 g)~| 7,917 €/kg~1.9~/ud.~Panadería y pastelería >~Bollería de horno~https://tienda.mercadona.es/product/84629/12-mini-croissants-mantequilla-bolsa~84629~2023-03-12 09:01:39.783406
Pastel de crema 65%~Pieza~50 g~| 8,00 €/kg~0.4~/ud.~Panadería y pastelería >~Bollería de horno~https://tienda.mercadona.es/product/84482/pastel-crema-65-pieza~84482~2023-03-12 09:01:40.275852
6 Caracolas rellenas de cacao~Bolsa~6 ud. (280 g)~| 5,819 €/kg~1.6~/ud.~Panadería y pastelería >~Bollería de horno~https://tienda.mercadona.es/product/84688/6-caracolas-rellenas-cacao-bolsa~84688~2023-03-12 09:01:40.757148
Ensaimada~Pieza~83 g~| 13,254 €/kg~1.1~/ud.~Panadería y pastelería >~Bollería de horno~https://tienda.mercadona.es/product/84358/ensaimada-pieza~84358~2023-03-12 09:01:41.265403
Napolitana 3 chocolates 29%~Pieza~85 g~| 10,00 €/kg~0.85~/ud.~Panadería y pastelería >~Bollería de horno~https://tienda.mercadona.es/product/84643/napolitana-3-chocolates-29-pieza~84643~2023-03-12 09:01:41.888055
Bizcocho tradicional Hacendado~Bandeja~450 g~| 7,778 €/kg~3.5~/ud.~Panadería y pastelería >~Bollería de horno~https://tienda.mercadona.es/product/84698/bizcocho-tradicional-hacendado-bandeja~84698~2023-03-12 09:01:42.416945
Caracola con pasas 10%~Pieza~103 g~| 7,767 €/kg~0.8~/ud.~Panadería y pastelería >~Bollería de horno~https://tienda.mercadona.es/product/84663/caracola-con-pasas-10-pieza~84663~2023-03-12 09:01:42.932590
Bizcocho de chocolate~Paquete~800 g~| 4,375 €/kg~3.5~/ud.~Panadería y pastelería >~Bollería de horno~https://tienda.mercadona.es/product/84930/bizcocho-chocolate-paquete~84930~2023-03-12 09:01:43.455544
8 Magdalenas con azúcar~Bolsa~8 ud. (380 g)~| 7,632 €/kg~2.9~/ud.~Panadería y pastelería >~Bollería de horno~https://tienda.mercadona.es/product/84684/8-magdalenas-con-azucar-bolsa~84684~2023-03-12 09:01:43.972713
Bizcocho con azúcar moreno y nueces~Bandeja~430 g~| 8,605 €/kg~3.7~/ud.~Panadería y pastelería >~Bollería de horno~https://tienda.mercadona.es/product/84904/bizcocho-con-azucar-moreno-nueces-bandeja~84904~2023-03-12 09:01:44.542327
Magdalenas con pepitas de chocolate~Bandeja~8 ud. (380 g)~| 7,895 €/kg~3.0~/ud.~Panadería y pastelería >~Bollería de horno~https://tienda.mercadona.es/product/84900/magdalenas-con-pepitas-chocolate-bandeja~84900~2023-03-12 09:01:45.122548
8 Medias noches~Bolsa~8 ud. (220 g)~| 9,091 €/kg~2.0~/ud.~Panadería y pastelería >~Bollería de horno~https://tienda.mercadona.es/product/84916/8-medias-noches-bolsa~84916~2023-03-12 09:01:45.641916
Muffin chocolate 3%~Pieza~120 g~| 9,167 €/kg~1.1~/ud.~Panadería y pastelería >~Bollería de horno~https://tienda.mercadona.es/product/84754/muffin-chocolate-3-pieza~84754~2023-03-12 09:01:46.160371
Xuxu relleno de crema 49%~Pieza~51 g~| 9,804 €/kg~0.5~/ud.~Panadería y pastelería >~Bollería de horno~https://tienda.mercadona.es/product/84582/xuxu-relleno-crema-49-pieza~84582~2023-03-12 09:01:46.672554
Bizcocho de chocolate sin gluten y sin lactosa~Paquete~300 g~| 13,334 €/kg~4.0~/ud.~Panadería y pastelería >~Bollería de horno~https://tienda.mercadona.es/product/84736/bizcocho-chocolate-sin-gluten-sin-lactosa-paquete~84736~2023-03-12 09:01:47.243045
Surtido croissants rellenos de crema de cacao y crema con leche sabor a chocolate blanco~Bandeja~8 ud. (300 g)~| 8,834 €/kg~2.65~/ud.~Panadería y pastelería >~Bollería de horno~https://tienda.mercadona.es/product/84937/surtido-croissants-rellenos-crema-cacao-crema-con-leche-sabor-chocolate-blanco-bandeja~84937~2023-03-12 09:01:47.764445
3 Croissants curvados de mantequilla 24%~Bolsa~3 ud. (180 g)~| 10,834 €/kg~1.95~/ud.~Panadería y pastelería >~Bollería de horno~https://tienda.mercadona.es/product/84939/3-croissants-curvados-mantequilla-24-bolsa~84939~2023-03-12 09:01:48.298819
Bizcocho de yogur Hacendado~Paquete~800 g~| 4,375 €/kg~3.5~/ud.~Panadería y pastelería >~Bollería de horno~https://tienda.mercadona.es/product/83995/bizcocho-yogur-hacendado-paquete~83995~2023-03-12 09:01:48.829658
Berlina rellena sabor a chocolate blanco~Pieza~105 g~| 10,477 €/kg~1.1~/ud.~Panadería y pastelería >~Bollería de horno~https://tienda.mercadona.es/product/22412/berlina-relleno-sabor-chocolate-blanco-pieza~22412~2023-03-12 09:01:49.377467
Napolitana mixta~Pieza~130 g~| 6,154 €/kg~0.8~/ud.~Panadería y pastelería >~Bollería de horno~https://tienda.mercadona.es/product/84940/napolitana-mixta-pieza~84940~2023-03-12 09:01:49.894109
Empanada de atún~Pieza~500 g~| 7,80 €/kg~3.9~/ud.~Panadería y pastelería >~Bollería de horno~https://tienda.mercadona.es/product/84284/empanada-atun-pieza~84284~2023-03-12 09:01:50.409914
Empanada de atún~Pieza~1,12 kg~| 6,965 €/kg~7.8~/ud.~Panadería y pastelería >~Bollería de horno~https://tienda.mercadona.es/product/84287/empanada-atun-pieza~84287~2023-03-12 09:01:51.043989
Mini saladas~Bandeja~24 ud. (390 g)~| 6,411 €/kg~2.5~/ud.~Panadería y pastelería >~Bollería de horno~https://tienda.mercadona.es/product/84597/mini-saladas-bandeja~84597~2023-03-12 09:01:51.579783
12 Mini saladas~Not available~Not available~Not available~1.25~/ud.~Not Available~Compartir~https://tienda.mercadona.es/product/84638/12-mini-saladas-bolsa~84638~2023-03-12 09:01:52.048949
Empanada rellena de pollo y setas con crema de queso~Not available~Not available~Not available~3.9~/ud.~Not Available~Compartir~https://tienda.mercadona.es/product/84289/empanada-rellena-pollo-setas-con-crema-queso-pieza~84289~2023-03-12 09:01:52.518701
Empanada boloñesa~Not available~Not available~Not available~4.5~/ud.~Not Available~Compartir~https://tienda.mercadona.es/product/84290/empanada-bolonesa-pieza~84290~2023-03-12 09:01:52.987992
Magdalenas Hacendado~Paquete~550 g~| 3,91 €/kg~2.15~/ud.~Panadería y pastelería >~Bollería envasada~https://tienda.mercadona.es/product/60846/magdalenas-hacendado-paquete~60846~2023-03-12 09:08:06.870359
Valencianas Hacendado~Paquete~700 g~| 3,572 €/kg~2.5~/ud.~Panadería y pastelería >~Bollería envasada~https://tienda.mercadona.es/product/82032/valencianas-hacendado-paquete~82032~2023-03-12 09:08:07.427203
Croissant Hacendado~Paquete~430 g~| 4,535 €/kg~1.95~/ud.~Panadería y pastelería >~Bollería envasada~https://tienda.mercadona.es/product/82931/croissant-hacendado-paquete~82931~2023-03-12 09:08:07.901061
Croissant con crema de cacao Hacendado~Paquete~375 g~| 4,934 €/kg~1.85~/ud.~Panadería y pastelería >~Bollería envasada~https://tienda.mercadona.es/product/82759/croissant-con-crema-cacao-hacendado-paquete~82759~2023-03-12 09:08:08.375549
Bollo con pepitas de chocolate Choco Buns Hacendado~Paquete~6 ud. (250 g)~| 6,20 €/kg~1.55~/ud.~Panadería y pastelería >~Bollería envasada~https://tienda.mercadona.es/product/82609/bollo-con-pepitas-chocolate-choco-buns-hacendado-paquete~82609~2023-03-12 09:08:08.860086
Ensaimadas Hacendado~Paquete~350 g~| 4,858 €/kg~1.7~/ud.~Panadería y pastelería >~Bollería envasada~https://tienda.mercadona.es/product/82090/ensaimadas-hacendado-paquete~82090~2023-03-12 09:08:09.345900
Pan de leche Hacendado~Paquete~12 ud. (480 g)~| 3,959 €/kg~1.9~/ud.~Panadería y pastelería >~Bollería envasada~https://tienda.mercadona.es/product/82933/pan-leche-hacendado-paquete~82933~2023-03-12 09:08:09.818137
Bocaditos bañados al cacao Hacendado~Paquete~500 g~| 4,60 €/kg~2.3~/ud.~Panadería y pastelería >~Bollería envasada~https://tienda.mercadona.es/product/82098/bocaditos-banados-cacao-hacendado-paquete~82098~2023-03-12 09:08:10.373510
Sobaos Hacendado~Paquete~480 g~| 4,063 €/kg~1.95~/ud.~Panadería y pastelería >~Bollería envasada~https://tienda.mercadona.es/product/82404/sobaos-hacendado-paquete~82404~2023-03-12 09:08:10.930196
Crepes rellenos de chocolate~Paquete~6 crepes (192 g)~| 7,813 €/kg~1.5~/ud.~Panadería y pastelería >~Bollería envasada~https://tienda.mercadona.es/product/82551/crepes-rellenos-chocolate-paquete~82551~2023-03-12 09:08:11.422974
Palmeritas Hacendado~Paquete~24 ud. (270 g)~| 5,556 €/kg~1.5~/ud.~Panadería y pastelería >~Bollería envasada~https://tienda.mercadona.es/product/82905/palmeritas-hacendado-paquete~82905~2023-03-12 09:08:11.904393
Gofres clásicos Punto Gofre~2 gofres x 110 g~| 5,682 €/kg~Not available~1.25~/pack~Panadería y pastelería >~Bollería envasada~https://tienda.mercadona.es/product/82509/gofres-clasicos-punto-gofre-pack-2~82509~2023-03-12 09:08:12.378665
Gofres con chocolate Punto Gofre~2 gofres x 140 g~| 5,179 €/kg~Not available~1.45~/pack~Panadería y pastelería >~Bollería envasada~https://tienda.mercadona.es/product/82511/gofres-con-chocolate-punto-gofre-pack-2~82511~2023-03-12 09:08:12.846743
Tortas de anís Hacendado~Paquete~3 packs (400 g)~| 5,50 €/kg~2.2~/ud.~Panadería y pastelería >~Bollería envasada~https://tienda.mercadona.es/product/82232/tortas-anis-hacendado-paquete~82232~2023-03-12 09:08:13.328630
Napolitanas con relleno de cacao Hacendado~Paquete~8 ud. (370 g)~| 4,865 €/kg~1.8~/ud.~Panadería y pastelería >~Bollería envasada~https://tienda.mercadona.es/product/23373/napolitanas-con-relleno-cacao-hacendado-paquete~23373~2023-03-12 09:08:13.808205
Rosegones pasta de almendras Hacendado~Paquete~250 g~| 7,40 €/kg~1.85~/ud.~Panadería y pastelería >~Bollería envasada~https://tienda.mercadona.es/product/82900/rosegones-pasta-almendras-hacendado-paquete~82900~2023-03-12 09:08:14.336307
Bizcochos Hacendado~Paquete~300 g~| 6,00 €/kg~1.8~/ud.~Panadería y pastelería >~Bollería envasada~https://tienda.mercadona.es/product/82099/bizcochos-hacendado-paquete~82099~2023-03-12 09:08:14.857053
Bizcochos de huevo Hacendado~4 paquetes x 100 g~| 4,625 €/kg~Not available~1.85~/pack~Panadería y pastelería >~Bollería envasada~https://tienda.mercadona.es/product/23372/bizcochos-huevo-hacendado-pack-4~23372~2023-03-12 09:08:15.329586
Napolitanas con relleno sabor crema Hacendado~Paquete~8 ud. (370 g)~| 4,865 €/kg~1.8~/ud.~Panadería y pastelería >~Bollería envasada~https://tienda.mercadona.es/product/23374/napolitanas-con-relleno-sabor-crema-hacendado-paquete~23374~2023-03-12 09:08:15.812424
Tortas de aceite Inés Rosales~Paquete~6 ud. (180 g)~| 9,945 €/kg~1.79~/ud.~Panadería y pastelería >~Bollería envasada~https://tienda.mercadona.es/product/82908/tortas-aceite-ines-rosales-paquete~82908~2023-03-12 09:08:16.287539
Tortas de aceite Inés Rosales sin azúcar~Paquete~5 ud. (150 g)~| 15,067 €/kg~2.26~/ud.~Panadería y pastelería >~Bollería envasada~https://tienda.mercadona.es/product/82920/tortas-aceite-ines-rosales-sin-azucar-paquete~82920~2023-03-12 09:08:16.774406
Bizcocho de chocolate sin gluten Hacendado~Paquete~4 ud. (200 g)~| 11,25 €/kg~2.25~/ud.~Panadería y pastelería >~Bollería envasada~https://tienda.mercadona.es/product/82744/bizcocho-chocolate-sin-gluten-hacendado-paquete~82744~2023-03-12 09:08:17.268875
Magdalenas sin gluten Hacendado~Paquete~210 g~| 14,286 €/kg~3.0~/ud.~Panadería y pastelería >~Bollería envasada~https://tienda.mercadona.es/product/82757/magdalenas-sin-gluten-hacendado-paquete~82757~2023-03-12 09:08:17.751993
Magdalenas integrales 0% azúcares añadidos Hacendado~Paquete~280 g~| 7,858 €/kg~2.2~/ud.~Panadería y pastelería >~Bollería envasada~https://tienda.mercadona.es/product/82732/magdalenas-integrales-0-azucares-anadidos-hacendado-paquete~82732~2023-03-12 09:08:18.243129
Bizcocho de coco Hacendado~Paquete~400 g~| 6,75 €/kg~2.7~/ud.~Panadería y pastelería >~Bollería envasada~https://tienda.mercadona.es/product/13517/bizcocho-coco-hacendado-paquete~13517~2023-03-12 09:08:18.866233
Pastas Lagartos con sabor a limón Hacendado~Paquete~500 g~| 3,70 €/kg~1.85~/ud.~Cereales y galletas >~Galletas~https://tienda.mercadona.es/product/22840/pastas-lagartos-con-sabor-limon-hacendado-paquete~22840~2023-03-12 09:08:19.450186
Dorayaki relleno de crema al cacao Hacendado~Paquete~4 ud. (180 g)~| 7,778 €/kg~1.4~/ud.~Panadería y pastelería >~Bollería envasada~https://tienda.mercadona.es/product/23337/dorayaki-relleno-crema-cacao-hacendado-paquete~23337~2023-03-12 09:08:20.013975
Palmeritas con cobertura de cacao Hacendado~Paquete~9 ud. (270 g)~| 6,297 €/kg~1.7~/ud.~Panadería y pastelería >~Bollería envasada~https://tienda.mercadona.es/product/23411/palmeritas-con-cobertura-cacao-hacendado-paquete~23411~2023-03-12 09:08:20.569273
Bollo con pepitas de choco sin gluten y sin lactosa~Paquete~2 ud. (120 g)~| 16,667 €/kg~2.0~/ud.~Panadería y pastelería >~Bollería envasada~https://tienda.mercadona.es/product/22558/bollo-con-pepitas-choco-sin-gluten-sin-lactosa-paquete~22558~2023-03-12 09:08:21.127428
Magdalenas al cacao Hacendado~Paquete~350 g~| 5,715 €/kg~2.0~/ud.~Panadería y pastelería >~Bollería envasada~https://tienda.mercadona.es/product/82731/magdalenas-cacao-hacendado-paquete~82731~2023-03-12 09:08:21.700909
Mantecadas Hacendado~Paquete~520 g~| 4,424 €/kg~2.3~/ud.~Panadería y pastelería >~Bollería envasada~https://tienda.mercadona.es/product/16317/mantecadas-hacendado-paquete~16317~2023-03-12 09:08:22.255587
Espiral al cacao Hacendado~60 g aprox.~| 5,00 €/kg~Not available~0.3~/ud.~Panadería y pastelería >~Bollería envasada~https://tienda.mercadona.es/product/85787/espiral-cacao-hacendado~85787~2023-03-12 09:08:22.808805
Bizcocho con baño de cacao Hacendado~70 g aprox.~| 5,00 €/kg~Not available~0.35~/ud.~Panadería y pastelería >~Bollería envasada~https://tienda.mercadona.es/product/85786/bizcocho-con-bano-cacao-hacendado~85786~2023-03-12 09:08:23.363154
Rosquillas al cacao Hacendado~32 g aprox.~| 5,00 €/kg~Not available~0.16~/ud.~Panadería y pastelería >~Bollería envasada~https://tienda.mercadona.es/product/85788/rosquillas-cacao-hacendado~85788~2023-03-12 09:08:23.907129
Hojaldre cabello de Ángel Hacendado~100 g aprox.~| 5,00 €/kg~Not available~0.5~/ud.~Panadería y pastelería >~Bollería envasada~https://tienda.mercadona.es/product/85795/hojaldre-cabello-angel-hacendado~85795~2023-03-12 09:08:24.477574
Palmera crema de avellana Hacendado~100 g aprox.~| 5,00 €/kg~Not available~0.5~/ud.~Panadería y pastelería >~Bollería envasada~https://tienda.mercadona.es/product/85792/palmera-crema-avellana-hacendado~85792~2023-03-12 09:08:24.984260
Caña de cacao Hacendado~100 g aprox.~| 5,00 €/kg~Not available~0.5~/ud.~Panadería y pastelería >~Bollería envasada~https://tienda.mercadona.es/product/85793/cana-cacao-hacendado~85793~2023-03-12 09:08:25.473161
Pasta bañada Hacendado~35 g aprox.~| 5,00 €/kg~Not available~0.18~/ud.~Panadería y pastelería >~Bollería envasada~https://tienda.mercadona.es/product/22610/pasta-banada-hacendado~22610~2023-03-12 09:08:25.947042
Rollo con sabor nata Hacendado~41 g aprox.~| 5,00 €/kg~Not available~0.21~/ud.~Panadería y pastelería >~Bollería envasada~https://tienda.mercadona.es/product/22139/rollo-con-sabor-nata-hacendado~22139~2023-03-12 09:08:26.432677
Rollo con sabor avellana Hacendado~41 g aprox.~| 5,00 €/kg~Not available~0.21~/ud.~Panadería y pastelería >~Bollería envasada~https://tienda.mercadona.es/product/22140/rollo-con-sabor-avellana-hacendado~22140~2023-03-12 09:08:26.926463
Harina de trigo Hacendado~Paquete~1 kg~| 0,70 €/kg~0.7~/ud.~Panadería y pastelería >~Harina y preparado repostería~https://tienda.mercadona.es/product/29100/harina-trigo-hacendado-paquete~29100~2023-03-12 09:09:13.985131
Harina de trigo grande Hacendado~Paquete~5 kg~| 0,63 €/kg~3.15~/ud.~Panadería y pastelería >~Harina y preparado repostería~https://tienda.mercadona.es/product/29106/harina-trigo-grande-hacendado-paquete~29106~2023-03-12 09:09:14.570881
Harina de fuerza Hacendado~Paquete~1 kg~| 0,91 €/kg~0.91~/ud.~Panadería y pastelería >~Harina y preparado repostería~https://tienda.mercadona.es/product/29019/harina-fuerza-hacendado-paquete~29019~2023-03-12 09:09:15.109275
Preparado para bizcochos con levadura incorporada Hacendado~Paquete~1 kg~| 1,10 €/kg~1.1~/ud.~Panadería y pastelería >~Harina y preparado repostería~https://tienda.mercadona.es/product/29017/preparado-bizcochos-con-levadura-incorporada-hacendado-paquete~29017~2023-03-12 09:09:15.652196
Harina de maíz blanco precocida Hacendado~Paquete~1 kg~| 1,68 €/kg~1.68~/ud.~Panadería y pastelería >~Harina y preparado repostería~https://tienda.mercadona.es/product/29165/harina-maiz-blanco-precocida-hacendado-paquete~29165~2023-03-12 09:09:16.147773
Harina fina de maíz Hacendado~Paquete~400 g~| 3,00 €/kg~1.2~/ud.~Panadería y pastelería >~Harina y preparado repostería~https://tienda.mercadona.es/product/9588/harina-fina-maiz-hacendado-paquete~9588~2023-03-12 09:09:16.683325
Harina integral de trigo Hacendado~Paquete~1 kg~| 0,91 €/kg~0.91~/ud.~Panadería y pastelería >~Harina y preparado repostería~https://tienda.mercadona.es/product/29134/harina-integral-trigo-hacendado-paquete~29134~2023-03-12 09:09:17.235885
Preparado para pizzas Hacendado~Paquete~1 kg~| 1,45 €/kg~1.45~/ud.~Panadería y pastelería >~Harina y preparado repostería~https://tienda.mercadona.es/product/23646/preparado-pizzas-hacendado-paquete~23646~2023-03-12 09:09:17.767160
Harina de espelta Hacendado 100% integral~Paquete~1 kg~| 1,39 €/kg~1.39~/ud.~Panadería y pastelería >~Harina y preparado repostería~https://tienda.mercadona.es/product/29174/harina-espelta-hacendado-100-integral-paquete~29174~2023-03-12 09:09:18.322299
Harina semolosa de trigo Hacendado especial para fritos~Paquete~1 kg~| 1,20 €/kg~1.2~/ud.~Panadería y pastelería >~Harina y preparado repostería~https://tienda.mercadona.es/product/29180/harina-semolosa-trigo-hacendado-especial-fritos-paquete~29180~2023-03-12 09:09:18.886183
Harina de arroz Hacendado~Paquete~500 g~| 2,32 €/kg~1.16~/ud.~Panadería y pastelería >~Harina y preparado repostería~https://tienda.mercadona.es/product/29130/harina-arroz-hacendado-paquete~29130~2023-03-12 09:09:19.449407
Preparado panificación y repostería Hacendado~Paquete~1 kg~| 3,00 €/kg~3.0~/ud.~Panadería y pastelería >~Harina y preparado repostería~https://tienda.mercadona.es/product/80292/preparado-panificacion-reposteria-hacendado-paquete~80292~2023-03-12 09:09:19.984543
Harina de garbanzo Hacendado~Paquete~500 g~| 4,00 €/kg~2.0~/ud.~Panadería y pastelería >~Harina y preparado repostería~https://tienda.mercadona.es/product/29373/harina-garbanzo-hacendado-paquete~29373~2023-03-12 09:09:20.624569
Levadura fresca Levital~Paquete~50 g~| 10,00 €/kg~0.5~/ud.~Panadería y pastelería >~Harina y preparado repostería~https://tienda.mercadona.es/product/87811/levadura-fresca-levital-paquete~87811~2023-03-12 09:09:21.198685
Chocolate negro fundir Hacendado~Tableta~200 g~| 5,75 €/kg~1.15~/ud.~Azúcar, caramelos y chocolate >~Chocolate~https://tienda.mercadona.es/product/12531/chocolate-negro-fundir-hacendado-tableta~12531~2023-03-12 09:09:21.786223
Impulsor gasificante en polvo Royal uso alimentario~Caja~5 sobres (80 g)~| 28,125 €/kg~2.25~/ud.~Panadería y pastelería >~Harina y preparado repostería~https://tienda.mercadona.es/product/29225/impulsor-gasificante-polvo-royal-uso-alimentario-caja~29225~2023-03-12 09:09:22.343409
Impulsor gasificante Hacendado para uso alimentario~Caja~6 sobres (90 g)~| 7,778 €/kg~0.7~/ud.~Panadería y pastelería >~Harina y preparado repostería~https://tienda.mercadona.es/product/80293/impulsor-gasificante-hacendado-uso-alimentario-caja~80293~2023-03-12 09:09:22.879320
Gelatina neutra en láminas Hacendado~Paquete~12 láminas (20 g)~| 5,00 €/100 g~1.0~/ud.~Panadería y pastelería >~Harina y preparado repostería~https://tienda.mercadona.es/product/32360/gelatina-neutra-laminas-hacendado-paquete~32360~2023-03-12 09:09:23.448192
Preparado en polvo cuajada azucarada Royal sabor lácteo 16 raciones~Caja~4 sobres (48 g)~| 3,021 €/100 g~1.45~/ud.~Panadería y pastelería >~Harina y preparado repostería~https://tienda.mercadona.es/product/32358/preparado-polvo-cuajada-azucarada-royal-sabor-lacteo-16-raciones-caja~32358~2023-03-12 09:09:24.013652
Preparado en polvo flan Royal 8 raciones contiene azúcar y caramelo líquido~Caja~186 g~| 9,678 €/kg~1.8~/ud.~Panadería y pastelería >~Harina y preparado repostería~https://tienda.mercadona.es/product/32002/preparado-polvo-flan-royal-8-raciones-contiene-azucar-caramelo-liquido-caja~32002~2023-03-12 09:09:24.599752
Gotas de chocolate negro para fundir Hacendado~Paquete~250 g~| 7,00 €/kg~1.75~/ud.~Azúcar, caramelos y chocolate >~Chocolate~https://tienda.mercadona.es/product/12544/gotas-chocolate-negro-fundir-hacendado-paquete~12544~2023-03-12 09:09:25.132876
Preparado en polvo flan Hacendado 8 raciones contiene azúcar y caramelo líquido~Caja~190 g~| 7,369 €/kg~1.4~/ud.~Panadería y pastelería >~Harina y preparado repostería~https://tienda.mercadona.es/product/32045/preparado-polvo-flan-hacendado-8-raciones-contiene-azucar-caramelo-liquido-caja~32045~2023-03-12 09:09:25.780168
Chocolate blanco fundir Hacendado~Tableta~200 g~| 7,50 €/kg~1.5~/ud.~Azúcar, caramelos y chocolate >~Chocolate~https://tienda.mercadona.es/product/12543/chocolate-blanco-fundir-hacendado-tableta~12543~2023-03-12 09:09:26.334879
Preparado en polvo flanes y natillas Maizena Potax 24 flanes~Caja~6 sobres (192 g)~| 6,511 €/kg~1.25~/ud.~Panadería y pastelería >~Harina y preparado repostería~https://tienda.mercadona.es/product/32030/preparado-polvo-flanes-natillas-maizena-potax-24-flanes-caja~32030~2023-03-12 09:09:26.898056
Base de tarta Hacendado~Caja~380 g~| 6,579 €/kg~2.5~/ud.~Panadería y pastelería >~Harina y preparado repostería~https://tienda.mercadona.es/product/67591/base-tarta-hacendado-caja~67591~2023-03-12 09:09:27.461919
Aroma de vainilla Hacendado~Bote~150 ml~| 13,334 €/L~2.0~/ud.~Panadería y pastelería >~Harina y preparado repostería~https://tienda.mercadona.es/product/32524/aroma-vainilla-hacendado-bote~32524~2023-03-12 09:09:28.117769
Preparado en polvo natillas Hacendado 21 raciones contiene un sobre de canela molida~Caja~89 g~| 15,731 €/kg~1.4~/ud.~Panadería y pastelería >~Harina y preparado repostería~https://tienda.mercadona.es/product/32329/preparado-polvo-natillas-hacendado-21-raciones-contiene-canela-molida-caja~32329~2023-03-12 09:09:28.696076
Preparado en polvo gelatina piña Hacendado~Caja~2 sobres (170 g)~| 8,236 €/kg~1.4~/ud.~Panadería y pastelería >~Harina y preparado repostería~https://tienda.mercadona.es/product/32362/preparado-polvo-gelatina-pina-hacendado-caja~32362~2023-03-12 09:09:29.259982
Preparado en polvo para crepes Hacendado~Bote~200 g~| 9,00 €/kg~1.8~/ud.~Panadería y pastelería >~Harina y preparado repostería~https://tienda.mercadona.es/product/32526/preparado-polvo-crepes-hacendado-bote~32526~2023-03-12 09:09:29.857949
Preparado en polvo gelatina fresa Hacendado~Caja~2 sobres (170 g)~| 8,236 €/kg~1.4~/ud.~Panadería y pastelería >~Harina y preparado repostería~https://tienda.mercadona.es/product/32361/preparado-polvo-gelatina-fresa-hacendado-caja~32361~2023-03-12 09:09:30.429836
Preparado en polvo gelatina fresa Hacendado 0% azúcar~Caja~1 sobre (26 g)~| 7,308 €/100 g~1.9~/ud.~Panadería y pastelería >~Harina y preparado repostería~https://tienda.mercadona.es/product/32367/preparado-polvo-gelatina-fresa-hacendado-0-azucar-caja~32367~2023-03-12 09:09:31.000407
Preparado en polvo gelatina arándano Hacendado 0% azúcar~Caja~1 sobre (31 g)~| 6,13 €/100 g~1.9~/ud.~Panadería y pastelería >~Harina y preparado repostería~https://tienda.mercadona.es/product/32369/preparado-polvo-gelatina-arandano-hacendado-0-azucar-caja~32369~2023-03-12 09:09:31.561584
Chocolate negro 70% cacao fundir Hacendado 0% azúcares añadidos~Tableta~200 g~| 9,00 €/kg~1.8~/ud.~Azúcar, caramelos y chocolate >~Chocolate~https://tienda.mercadona.es/product/12530/chocolate-negro-70-cacao-fundir-hacendado-0-azucares-anadidos-tableta~12530~2023-03-12 09:09:32.122322
Chocolate con leche fundir Hacendado~Tableta~200 g~| 7,50 €/kg~1.5~/ud.~Azúcar, caramelos y chocolate >~Chocolate~https://tienda.mercadona.es/product/12533/chocolate-con-leche-fundir-hacendado-tableta~12533~2023-03-12 09:09:32.684134
Levadura de panadería Hacendado~Paquete~10 sobres (70 g)~| 21,429 €/kg~1.5~/ud.~Panadería y pastelería >~Harina y preparado repostería~https://tienda.mercadona.es/product/86998/levadura-panaderia-hacendado-paquete~86998~2023-03-12 09:09:33.256686
Masa fresca hojaldre Hacendado~2 paquetes x 260 g~| 4,808 €/kg~Not available~2.5~/pack~Panadería y pastelería >~Harina y preparado repostería~https://tienda.mercadona.es/product/63451/masa-fresca-hojaldre-hacendado-pack-2~63451~2023-03-12 09:09:33.762956
Masa para empanadillas y postres Buitoni~Paquete~16 obleas (160 g)~| 6,875 €/kg~1.1~/ud.~Panadería y pastelería >~Harina y preparado repostería~https://tienda.mercadona.es/product/63440/masa-empanadillas-postres-buitoni-paquete~63440~2023-03-12 09:09:34.280504
Masa fresca Hacendado hojaldre con mantequilla~2 paquetes x 260 g~| 5,385 €/kg~Not available~2.8~/pack~Panadería y pastelería >~Harina y preparado repostería~https://tienda.mercadona.es/product/63474/masa-fresca-hacendado-hojaldre-con-mantequilla-pack-2~63474~2023-03-12 09:09:34.852842
Masa fresca quebrada brisa Hacendado~2 paquetes x 230 g~| 5,653 €/kg~Not available~2.6~/pack~Panadería y pastelería >~Harina y preparado repostería~https://tienda.mercadona.es/product/63464/masa-fresca-quebrada-brisa-hacendado-pack-2~63464~2023-03-12 09:09:35.407891
Masa fresca empanada Hacendado~2 paquetes x 230 g~| 5,653 €/kg~Not available~2.6~/pack~Panadería y pastelería >~Harina y preparado repostería~https://tienda.mercadona.es/product/63476/masa-fresca-empanada-hacendado-pack-2~63476~2023-03-12 09:09:35.969885
Masa de hojaldre sin gluten Hacendado~Paquete~280 g~| 10,00 €/kg~2.8~/ud.~Panadería y pastelería >~Harina y preparado repostería~https://tienda.mercadona.es/product/63657/masa-hojaldre-sin-gluten-hacendado-paquete~63657~2023-03-12 09:09:36.549501
Masa filo Bella 8-10 hojas~Paquete~250 g~| 8,00 €/kg~2.0~/ud.~Panadería y pastelería >~Harina y preparado repostería~https://tienda.mercadona.es/product/10459/masa-filo-bella-8-10-hojas-paquete~10459~2023-03-12 09:09:37.112230
3 Barras de pan~3 ud. (750 g)~| 1,534 €/kg~Not available~1.15~/ud.~Panadería y pastelería >~Pan de horno~https://tienda.mercadona.es/product/83203.1/3-barras-pan~83203.1~2023-03-12 09:10:30.650589
Barra de pan~1 ud. (250 g)~| 1,92 €/kg~Not available~0.48~/ud.~Panadería y pastelería >~Pan de horno~https://tienda.mercadona.es/product/83202.1/barra-pan~83202.1~2023-03-12 09:10:31.213844
Barra de pan rústica~1 ud. (250 g)~| 2,32 €/kg~Not available~0.58~/ud.~Panadería y pastelería >~Pan de horno~https://tienda.mercadona.es/product/83548.1/barra-pan-rustica~83548.1~2023-03-12 09:10:31.772790
3 Baguettes masa madre~3 ud. (700 g)~| 2,12 €/kg~Not available~1.59~/ud.~Panadería y pastelería >~Pan de horno~https://tienda.mercadona.es/product/83286/3-baguettes-masa-madre~83286~2023-03-12 09:10:32.313724
Baguette masa madre~1 ud. (250 g)~| 2,32 €/kg~Not available~0.58~/ud.~Panadería y pastelería >~Pan de horno~https://tienda.mercadona.es/product/83230/baguette-masa-madre~83230~2023-03-12 09:10:32.852876
Barra de pan campesina masa madre~1 ud. (250 g)~| 2,88 €/kg~Not available~0.72~/ud.~Panadería y pastelería >~Pan de horno~https://tienda.mercadona.es/product/82830.1/barra-pan-campesina-masa-madre~82830.1~2023-03-12 09:10:33.343611
Barra de pan sin sal añadida~1 ud. (210 g)~| 3,00 €/kg~Not available~0.63~/ud.~Panadería y pastelería >~Pan de horno~https://tienda.mercadona.es/product/83613.1/barra-pan-sin-sal-anadida~83613.1~2023-03-12 09:10:33.860860
2 Baguettes para hornear~Paquete~2 ud. (300 g)~| 3,667 €/kg~1.1~/ud.~Panadería y pastelería >~Pan de horno~https://tienda.mercadona.es/product/67533/2-baguettes-hornear-paquete~67533~2023-03-12 09:10:34.396575
Baguette sin gluten~Paquete~175 g~| 12,343 €/kg~2.16~/ud.~Panadería y pastelería >~Pan de horno~https://tienda.mercadona.es/product/82753/baguette-sin-gluten-paquete~82753~2023-03-12 09:10:34.946332
Pan de trigo espelta 100%~1 ud. (270 g)~| 5,00 €/kg~Not available~1.35~/ud.~Panadería y pastelería >~Pan de horno~https://tienda.mercadona.es/product/83275.1/pan-trigo-espelta-100~83275.1~2023-03-12 09:10:35.483115
Pan de nueces 8,5%~1 ud. (350 g)~| 5,143 €/kg~Not available~1.8~/ud.~Panadería y pastelería >~Pan de horno~https://tienda.mercadona.es/product/83843.1/pan-nueces-85~83843.1~2023-03-12 09:10:36.066551
Pan campeón del mundo~1 ud. (750 g)~| 2,80 €/kg~Not available~2.1~/ud.~Panadería y pastelería >~Pan de horno~https://tienda.mercadona.es/product/82380.1/pan-campeon-mundo~82380.1~2023-03-12 09:10:36.663987
Pan integral trigo 100%~1 ud. (350 g)~| 4,658 €/kg~Not available~1.63~/ud.~Panadería y pastelería >~Pan de horno~https://tienda.mercadona.es/product/83858.1/pan-integral-trigo-100~83858.1~2023-03-12 09:10:37.209206
Pan de payés~1 ud. (400 g)~| 3,25 €/kg~Not available~1.3~/ud.~Panadería y pastelería >~Pan de horno~https://tienda.mercadona.es/product/83156/pan-payes~83156~2023-03-12 09:10:37.809777
Hogaza de centeno 50%~1 ud. (500 g)~| 3,60 €/kg~Not available~1.8~/ud.~Panadería y pastelería >~Pan de horno~https://tienda.mercadona.es/product/15691.1/hogaza-centeno-50~15691.1~2023-03-12 09:10:38.345716
Barra pan de pueblo~1 ud. (800 g)~| 1,925 €/kg~Not available~1.54~/ud.~Panadería y pastelería >~Pan de horno~https://tienda.mercadona.es/product/23086.1/barra-pan-pueblo~23086.1~2023-03-12 09:10:38.886440
5 Bocadillos~5 ud. x 140 g~| 1,643 €/kg~Not available~1.15~/pack~Panadería y pastelería >~Pan de horno~https://tienda.mercadona.es/product/83277/5-bocadillos-pack-5~83277~2023-03-12 09:10:39.396059
Bocadillo~1 ud. (140 g)~| 1,715 €/kg~Not available~0.24~/ud.~Panadería y pastelería >~Pan de horno~https://tienda.mercadona.es/product/83258/bocadillo~83258~2023-03-12 09:10:39.936439
Pan de cristal redondo~1 ud. (78 g)~| 6,411 €/kg~Not available~0.5~/ud.~Panadería y pastelería >~Pan de horno~https://tienda.mercadona.es/product/22399/pan-cristal-redondo~22399~2023-03-12 09:10:40.481116
Panecillo de queso 18%~1 ud. (85 g)~| 5,295 €/kg~Not available~0.45~/ud.~Panadería y pastelería >~Pan de horno~https://tienda.mercadona.es/product/67563/panecillo-queso-18~67563~2023-03-12 09:10:41.030407
4 Panes chapata de cristal masa madre, sin aditivos y con aceite de oliva~4 ud. x 70 g~| 4,211 €/kg~Not available~1.2~/pack~Panadería y pastelería >~Pan de horno~https://tienda.mercadona.es/product/84645/4-panes-chapata-cristal-masa-madre-sin-aditivos-con-aceite-oliva-pack-4~84645~2023-03-12 09:10:41.556599
Pan mini semillas~1 ud. (90 g)~| 3,889 €/kg~Not available~0.35~/ud.~Panadería y pastelería >~Pan de horno~https://tienda.mercadona.es/product/83116/pan-mini-semillas~83116~2023-03-12 09:10:42.084870
5 Barras de pan 51% integral~5 ud. x 125 g~| 2,08 €/kg~Not available~1.3~/pack~Panadería y pastelería >~Pan de horno~https://tienda.mercadona.es/product/83452/5-barras-pan-51-integral-pack-5~83452~2023-03-12 09:10:42.625947
Panecillo harina integral 50% de trigo sin sal añadida~1 ud. (80 g)~| 4,375 €/kg~Not available~0.35~/ud.~Panadería y pastelería >~Pan de horno~https://tienda.mercadona.es/product/83284/panecillo-harina-integral-50-trigo-sin-sal-anadida~83284~2023-03-12 09:10:43.167867
6 Panes de leche 3%~6 ud. x 80 g~| 3,334 €/kg~Not available~1.6~/pack~Panadería y pastelería >~Pan de horno~https://tienda.mercadona.es/product/83436/6-panes-leche-3-pack-6~83436~2023-03-12 09:10:43.687732
6 Panes pulguitas sin aditivos~6 ud. x 40 g~| 4,00 €/kg~Not available~0.96~/pack~Panadería y pastelería >~Pan de horno~https://tienda.mercadona.es/product/83292/6-panes-pulguitas-sin-aditivos-pack-6~83292~2023-03-12 09:10:44.219137
Panecillo de trigo integral 30%~1 ud. (70 g)~| 3,572 €/kg~Not available~0.25~/ud.~Panadería y pastelería >~Pan de horno~https://tienda.mercadona.es/product/83437/panecillo-trigo-integral-30~83437~2023-03-12 09:10:44.851146
6 Panes de centeno 51%~6 ud. x 78 g~| 3,334 €/kg~Not available~1.55~/pack~Panadería y pastelería >~Pan de horno~https://tienda.mercadona.es/product/83056/6-panes-centeno-51-pack-6~83056~2023-03-12 09:10:45.404121
11 Panecillos~11 ud. x 45 g~| 2,243 €/kg~Not available~1.11~/pack~Panadería y pastelería >~Pan de horno~https://tienda.mercadona.es/product/83783/11-panecillos~83783~2023-03-12 09:10:45.895821
Pan Viena~1 ud. (80 g)~| 3,75 €/kg~Not available~0.3~/ud.~Panadería y pastelería >~Pan de horno~https://tienda.mercadona.es/product/83594/pan-viena~83594~2023-03-12 09:10:46.473847
3 Panes molletes~3 ud. x 105 g~| 3,651 €/kg~Not available~1.15~/pack~Panadería y pastelería >~Pan de horno~https://tienda.mercadona.es/product/83908/3-panes-molletes-pack-3~83908~2023-03-12 09:10:47.040041
6 Panecillos integrales 100%~6 ud. x 45 g~| 4,075 €/kg~Not available~1.1~/pack~Panadería y pastelería >~Pan de horno~https://tienda.mercadona.es/product/22388/6-panecillos-integrales-100~22388~2023-03-12 09:10:47.527979
Pan de payés rebanado~Paquete~400 g~| 3,60 €/kg~1.44~/ud.~Panadería y pastelería >~Pan de horno~https://tienda.mercadona.es/product/83155/pan-payes-rebanado-paquete~83155~2023-03-12 09:10:48.049690
Pan campeón del mundo rebanado~1 ud. (750 g)~| 2,80 €/kg~Not available~2.1~/ud.~Panadería y pastelería >~Pan de horno~https://tienda.mercadona.es/product/82380.2/pan-campeon-mundo-rebanado~82380.2~2023-03-12 09:10:48.580801
Pan integral trigo 100% rebanado~Not available~Not available~Not available~1.63~/ud.~Panadería y pastelería >~Pan de horno~https://tienda.mercadona.es/product/83858.2/pan-integral-trigo-100-rebanado~83858.2~2023-03-12 09:10:49.046077
Pan de trigo espelta 100% rebanado~1 ud. (270 g)~| 5,00 €/kg~Not available~1.35~/ud.~Panadería y pastelería >~Pan de horno~https://tienda.mercadona.es/product/83275.2/pan-trigo-espelta-100-rebanado~83275.2~2023-03-12 09:10:49.575464
Pan de nueces 8,5% rebanado~1 ud. (350 g)~| 5,143 €/kg~Not available~1.8~/ud.~Panadería y pastelería >~Pan de horno~https://tienda.mercadona.es/product/83843.2/pan-nueces-85-rebanado~83843.2~2023-03-12 09:10:50.136116
3 Barras de pan rebanadas~3 ud. (750 g)~| 1,534 €/kg~Not available~1.15~/ud.~Panadería y pastelería >~Pan de horno~https://tienda.mercadona.es/product/83203.2/3-barras-pan-rebanadas~83203.2~2023-03-12 09:10:50.682377
Barra de pan rebanada~1 ud. (250 g)~| 1,92 €/kg~Not available~0.48~/ud.~Panadería y pastelería >~Pan de horno~https://tienda.mercadona.es/product/83202.2/barra-pan-rebanada~83202.2~2023-03-12 09:10:51.193104
Barra de pan rústica rebanada~1 ud. (250 g)~| 2,32 €/kg~Not available~0.58~/ud.~Panadería y pastelería >~Pan de horno~https://tienda.mercadona.es/product/83548.2/barra-pan-rustica-rebanada~83548.2~2023-03-12 09:10:51.660648
Barra de pan campesina masa madre rebanada~1 ud. (250 g)~| 2,88 €/kg~Not available~0.72~/ud.~Panadería y pastelería >~Pan de horno~https://tienda.mercadona.es/product/82830.2/barra-pan-campesina-masa-madre-rebanada~82830.2~2023-03-12 09:10:52.231356
Barra de pan sin sal añadida rebanada~1 ud. (210 g)~| 3,00 €/kg~Not available~0.63~/ud.~Panadería y pastelería >~Pan de horno~https://tienda.mercadona.es/product/83613.2/barra-pan-sin-sal-anadida-rebanada~83613.2~2023-03-12 09:10:52.715372
Hogaza de centeno 50% rebanado~Not available~Not available~Not available~1.8~/ud.~Not Available~Compartir~https://tienda.mercadona.es/product/15691.2/hogaza-centeno-50-rebanado~15691.2~2023-03-12 09:10:53.237284
Barra pan de pueblo rebanada~Not available~Not available~Not available~1.54~/ud.~Not Available~Compartir~https://tienda.mercadona.es/product/23086.2/barra-pan-pueblo-rebanada~23086.2~2023-03-12 09:10:53.670492
Pan de molde blanco sin corteza Hacendado~Paquete~16 rebanadas (450 g)~| 2,889 €/kg~1.3~/ud.~Panadería y pastelería >~Pan de molde y otras especialidades~https://tienda.mercadona.es/product/82322/pan-molde-blanco-sin-corteza-hacendado-paquete~82322~2023-03-12 09:17:17.447597
Pan de molde blanco familiar Hacendado~Paquete~26 rebanadas (820 g)~| 1,525 €/kg~1.25~/ud.~Panadería y pastelería >~Pan de molde y otras especialidades~https://tienda.mercadona.es/product/83867/pan-molde-blanco-familiar-hacendado-paquete~83867~2023-03-12 09:17:18.020332
Pan de molde blanco Hacendado~Paquete~16 rebanadas (460 g)~| 1,848 €/kg~0.85~/ud.~Panadería y pastelería >~Pan de molde y otras especialidades~https://tienda.mercadona.es/product/13810/pan-molde-blanco-hacendado-paquete~13810~2023-03-12 09:17:18.502286
Pan de molde 100% integral familiar Hacendado~Paquete~26 rebanadas (820 g)~| 1,525 €/kg~1.25~/ud.~Panadería y pastelería >~Pan de molde y otras especialidades~https://tienda.mercadona.es/product/83886/pan-molde-100-integral-familiar-hacendado-paquete~83886~2023-03-12 09:17:18.957891
Pan de molde 100% integral Hacendado~Not available~Not available~| 2,066 €/kg~0.95~/ud.~Panadería y pastelería >~Pan de molde y otras especialidades~https://tienda.mercadona.es/product/82328/pan-molde-100-integral-hacendado-paquete~82328~2023-03-12 09:17:19.489771
Pan de molde 100% integral sin corteza Hacendado 0% azúcares añadidos~Paquete~16 rebanadas (450 g)~| 3,112 €/kg~1.4~/ud.~Panadería y pastelería >~Pan de molde y otras especialidades~https://tienda.mercadona.es/product/23643/pan-molde-100-integral-sin-corteza-hacendado-0-azucares-anadidos-paquete~23643~2023-03-12 09:17:19.954212
Pan de molde blanco natural rústico Hacendado 0% azúcares añadidos~Paquete~14 rebanadas (550 g)~| 3,091 €/kg~1.7~/ud.~Panadería y pastelería >~Pan de molde y otras especialidades~https://tienda.mercadona.es/product/23359/pan-molde-blanco-natural-rustico-hacendado-0-azucares-anadidos-paquete~23359~2023-03-12 09:17:20.461124
Pan de molde 100% integral Hacendado 0% azúcares añadidos~Paquete~16 rebanadas (460 g)~| 2,718 €/kg~1.25~/ud.~Panadería y pastelería >~Pan de molde y otras especialidades~https://tienda.mercadona.es/product/83868/pan-molde-100-integral-hacendado-0-azucares-anadidos-paquete~83868~2023-03-12 09:17:20.983800
Pan de molde blanco rebanada gruesa Hacendado~Paquete~16 rebanadas (820 g)~| 2,196 €/kg~1.8~/ud.~Panadería y pastelería >~Pan de molde y otras especialidades~https://tienda.mercadona.es/product/1699/pan-molde-blanco-rebanada-gruesa-hacendado-paquete~1699~2023-03-12 09:17:21.537133
Pan de molde sin gluten multicereales Beiker elaborado con masa madre~Paquete~300 g~| 9,167 €/kg~2.75~/ud.~Panadería y pastelería >~Pan de molde y otras especialidades~https://tienda.mercadona.es/product/82640/pan-molde-sin-gluten-multicereales-beiker-elaborado-con-masa-madre-paquete~82640~2023-03-12 09:17:22.057405
Pan de molde sin gluten blanco Hacendado~Paquete~12 rebanadas (440 g)~| 7,046 €/kg~3.1~/ud.~Panadería y pastelería >~Pan de molde y otras especialidades~https://tienda.mercadona.es/product/22101/pan-molde-sin-gluten-blanco-hacendado-paquete~22101~2023-03-12 09:17:22.653277
Pan redondo 5 semillas cortado~Paquete~500 g~| 3,50 €/kg~1.75~/ud.~Panadería y pastelería >~Pan de molde y otras especialidades~https://tienda.mercadona.es/product/83558/pan-redondo-5-semillas-cortado-paquete~83558~2023-03-12 09:17:23.176775
Barra de pan tradicional cortada~Paquete~700 g~| 1,929 €/kg~1.35~/ud.~Panadería y pastelería >~Pan de molde y otras especialidades~https://tienda.mercadona.es/product/83560/barra-pan-tradicional-cortada-paquete~83560~2023-03-12 09:17:23.710398
Barra de pan multifibras cortada~Paquete~600 g~| 2,334 €/kg~1.4~/ud.~Panadería y pastelería >~Pan de molde y otras especialidades~https://tienda.mercadona.es/product/83559/barra-pan-multifibras-cortada-paquete~83559~2023-03-12 09:17:24.224665
Pan de molde espelta 100% integral Hacendado natural~Paquete~10 rebanadas (400 g)~| 3,625 €/kg~1.45~/ud.~Panadería y pastelería >~Pan de molde y otras especialidades~https://tienda.mercadona.es/product/86467/pan-molde-espelta-100-integral-hacendado-natural-paquete~86467~2023-03-12 09:17:24.717871
Pan de molde con 35% avena Hacendado 0% azúcares añadidos con harina 100% integral~Paquete~12 rebanadas (460 g)~| 3,37 €/kg~1.55~/ud.~Panadería y pastelería >~Pan de molde y otras especialidades~https://tienda.mercadona.es/product/82295/pan-molde-con-35-avena-hacendado-0-azucares-anadidos-con-harina-100-integral-paquete~82295~2023-03-12 09:17:25.248653
Pan de molde semillas y pipas de calabaza Hacendado~Paquete~14 rebanadas (580 g)~| 3,19 €/kg~1.85~/ud.~Panadería y pastelería >~Pan de molde y otras especialidades~https://tienda.mercadona.es/product/83869/pan-molde-semillas-pipas-calabaza-hacendado-paquete~83869~2023-03-12 09:17:25.837249
Pan de sándwich cereales Hacendado~Paquete~8 ud. (310 g)~| 4,678 €/kg~1.45~/ud.~Panadería y pastelería >~Pan de molde y otras especialidades~https://tienda.mercadona.es/product/82576/pan-sandwich-cereales-hacendado-paquete~82576~2023-03-12 09:17:26.346018
Pan de molde con 52% centeno Hacendado~Paquete~14 rebanadas (720 g)~| 2,153 €/kg~1.55~/ud.~Panadería y pastelería >~Pan de molde y otras especialidades~https://tienda.mercadona.es/product/82302/pan-molde-con-52-centeno-hacendado-paquete~82302~2023-03-12 09:17:26.879700
Pan de molde 12 cereales y semillas Hacendado~Paquete~18 rebanadas (680 g)~| 2,648 €/kg~1.8~/ud.~Panadería y pastelería >~Pan de molde y otras especialidades~https://tienda.mercadona.es/product/83547/pan-molde-12-cereales-semillas-hacendado-paquete~83547~2023-03-12 09:17:27.408402
Hogaza sin gluten cortada~Paquete~300 g~| 9,934 €/kg~2.98~/ud.~Panadería y pastelería >~Pan de molde y otras especialidades~https://tienda.mercadona.es/product/82735/hogaza-sin-gluten-cortada-paquete~82735~2023-03-12 09:17:27.936972
Pan Brioche Hacendado~Paquete~400 g~| 5,875 €/kg~2.35~/ud.~Panadería y pastelería >~Pan de molde y otras especialidades~https://tienda.mercadona.es/product/22899/pan-brioche-hacendado-paquete~22899~2023-03-12 09:17:28.473306
Tortillas de trigo Hacendado~Paquete~10 ud. (360 g)~| 3,75 €/kg~1.35~/ud.~Panadería y pastelería >~Pan de molde y otras especialidades~https://tienda.mercadona.es/product/80859/tortillas-trigo-hacendado-paquete~80859~2023-03-12 09:17:28.952876
Pan hot dog Hacendado~Paquete~6 ud. (330 g)~| 2,879 €/kg~0.95~/ud.~Panadería y pastelería >~Pan de molde y otras especialidades~https://tienda.mercadona.es/product/82332/pan-hot-dog-hacendado-paquete~82332~2023-03-12 09:17:29.431350
Pan maxi hamburguesa Hacendado~Paquete~4 ud. (300 g)~| 3,00 €/kg~0.9~/ud.~Panadería y pastelería >~Pan de molde y otras especialidades~https://tienda.mercadona.es/product/13803/pan-maxi-hamburguesa-hacendado-paquete~13803~2023-03-12 09:17:29.935920
Tortillas de trigo integrales Hacendado~Paquete~10 ud. (360 g)~| 4,862 €/kg~1.75~/ud.~Panadería y pastelería >~Pan de molde y otras especialidades~https://tienda.mercadona.es/product/80942/tortillas-trigo-integrales-hacendado-paquete~80942~2023-03-12 09:17:30.403778
Pan de hamburguesa Brioche Hacendado~Paquete~2 ud. (110 g)~| 8,637 €/kg~0.95~/ud.~Panadería y pastelería >~Pan de molde y otras especialidades~https://tienda.mercadona.es/product/1811/pan-hamburguesa-brioche-hacendado-paquete~1811~2023-03-12 09:17:30.873827
Maxi tortillas de trigo Hacendado~Paquete~6 ud. (360 g)~| 4,445 €/kg~1.6~/ud.~Panadería y pastelería >~Pan de molde y otras especialidades~https://tienda.mercadona.es/product/80870/maxi-tortillas-trigo-hacendado-paquete~80870~2023-03-12 09:17:31.425614
Pan de Pita Original precocido~2 paquetes x 200 g~| 4,125 €/kg~Not available~1.65~/pack~Panadería y pastelería >~Pan de molde y otras especialidades~https://tienda.mercadona.es/product/82649/pan-pita-original-precocido-pack-2~82649~2023-03-12 09:17:31.899618
Pan de hamburguesa Hacendado sin sésamo~Paquete~4 ud. (220 g)~| 4,546 €/kg~1.0~/ud.~Panadería y pastelería >~Pan de molde y otras especialidades~https://tienda.mercadona.es/product/82331/pan-hamburguesa-hacendado-sin-sesamo-paquete~82331~2023-03-12 09:17:32.373570
Mini tortillas de trigo Hacendado~2 paquetes x 150 g~| 5,834 €/kg~Not available~1.75~/pack~Panadería y pastelería >~Pan de molde y otras especialidades~https://tienda.mercadona.es/product/80939/mini-tortillas-trigo-hacendado-paquete~80939~2023-03-12 09:17:32.847105
Piadinas pan estilo italiano Hacendado~Paquete~4 ud. (320 g)~| 6,875 €/kg~2.2~/ud.~Panadería y pastelería >~Pan de molde y otras especialidades~https://tienda.mercadona.es/product/80894/piadinas-pan-estilo-italiano-hacendado-paquete~80894~2023-03-12 09:17:33.352356
Mini bocados Hacendado~Paquete~8 ud. (165 g)~| 7,576 €/kg~1.25~/ud.~Panadería y pastelería >~Pan de molde y otras especialidades~https://tienda.mercadona.es/product/84429/mini-bocados-hacendado-paquete~84429~2023-03-12 09:17:33.835235
Tortillas de maíz sin gluten Old El Paso Mexicana street market~Paquete~10 ud. (208 g)~| 10,577 €/kg~2.2~/ud.~Panadería y pastelería >~Pan de molde y otras especialidades~https://tienda.mercadona.es/product/80879/tortillas-maiz-sin-gluten-old-paso-mexicana-street-market-paquete~80879~2023-03-12 09:17:34.334185
Pan de hamburguesa Hacendado Rústico 100% integral~Paquete~4 ud. (330 g)~| 3,788 €/kg~1.25~/ud.~Panadería y pastelería >~Pan de molde y otras especialidades~https://tienda.mercadona.es/product/60251/pan-hamburguesa-hacendado-rustico-100-integral-paquete~60251~2023-03-12 09:17:34.857580
Pan de hamburguesa sin gluten Hacendado~Paquete~2 ud. (160 g)~| 12,50 €/kg~2.0~/ud.~Panadería y pastelería >~Pan de molde y otras especialidades~https://tienda.mercadona.es/product/22319/pan-hamburguesa-sin-gluten-hacendado-paquete~22319~2023-03-12 09:17:35.356461
Pan tostado classic Hacendado~Paquete~6 packs (550 g)~| 3,273 €/kg~1.8~/ud.~Panadería y pastelería >~Pan tostado y rallado~https://tienda.mercadona.es/product/82287/pan-tostado-classic-hacendado-paquete~82287~2023-03-12 09:18:38.332873
Pan tostado cereales y semillas Hacendado~Paquete~6 packs (550 g)~| 4,273 €/kg~2.35~/ud.~Panadería y pastelería >~Pan tostado y rallado~https://tienda.mercadona.es/product/82290/pan-tostado-cereales-semillas-hacendado-paquete~82290~2023-03-12 09:18:38.816936
Pan tostado pasas Hacendado~Paquete~120 g~| 10,00 €/kg~1.2~/ud.~Panadería y pastelería >~Pan tostado y rallado~https://tienda.mercadona.es/product/82665/pan-tostado-pasas-hacendado-paquete~82665~2023-03-12 09:18:39.277797
Pan tostado 100% espelta integral Hacendado~Paquete~250 g~| 6,00 €/kg~1.5~/ud.~Panadería y pastelería >~Pan tostado y rallado~https://tienda.mercadona.es/product/82842/pan-tostado-100-espelta-integral-hacendado-paquete~82842~2023-03-12 09:18:39.729772
Panecillo tostado classic Hacendado~Paquete~300 g~| 3,50 €/kg~1.05~/ud.~Panadería y pastelería >~Pan tostado y rallado~https://tienda.mercadona.es/product/82277/panecillo-tostado-classic-hacendado-paquete~82277~2023-03-12 09:18:40.202126
Mini tostadas de trigo Minigrill extra finas~Caja~100 g~| 14,00 €/kg~1.4~/ud.~Panadería y pastelería >~Pan tostado y rallado~https://tienda.mercadona.es/product/82070/mini-tostadas-trigo-minigrill-extra-finas-caja~82070~2023-03-12 09:18:40.776336
Pan tostado 100% integral~Not available~Not available~Not available~1.9~/ud.~Not Available~Compartir~https://tienda.mercadona.es/product/86008/pan-tostado-100-integral-paquete~86008~2023-03-12 09:18:41.099806
Mini biscotes de trigo Minigrill~Not available~Not available~Not available~0.8~/ud.~Panadería y pastelería >~Pan tostado y rallado~https://tienda.mercadona.es/product/82117/mini-biscotes-trigo-minigrill-caja~82117~2023-03-12 09:18:41.564406
Panecillos tostados cereales y semillas Hacendado~Paquete~250 g~| 5,00 €/kg~1.25~/ud.~Panadería y pastelería >~Pan tostado y rallado~https://tienda.mercadona.es/product/82417/panecillos-tostados-cereales-semillas-hacendado-paquete~82417~2023-03-12 09:18:42.033508
Panecillo tostado 100% integral de trigo Hacendado~Paquete~300 g~| 3,667 €/kg~1.1~/ud.~Panadería y pastelería >~Pan tostado y rallado~https://tienda.mercadona.es/product/13445/panecillo-tostado-100-integral-trigo-hacendado-paquete~13445~2023-03-12 09:18:42.489324
Pan tostado 100% integral bajo en sal y en azúcares Hacendado~Paquete~6 packs (540 g)~| 4,352 €/kg~2.35~/ud.~Panadería y pastelería >~Pan tostado y rallado~https://tienda.mercadona.es/product/83789/pan-tostado-100-integral-bajo-sal-azucares-hacendado-paquete~83789~2023-03-12 09:18:42.946398
Pan tostado vitalité Wasa~Paquete~280 g~| 8,036 €/kg~2.25~/ud.~Panadería y pastelería >~Pan tostado y rallado~https://tienda.mercadona.es/product/82150/pan-tostado-vitalite-wasa-paquete~82150~2023-03-12 09:18:43.402057
Pan tostado con tomate Hacendado~Paquete~170 g~| 7,648 €/kg~1.3~/ud.~Panadería y pastelería >~Pan tostado y rallado~https://tienda.mercadona.es/product/82190/pan-tostado-con-tomate-hacendado-paquete~82190~2023-03-12 09:18:43.877192
Pan tostado con ajo y perejil Hacendado~Paquete~170 g~| 7,648 €/kg~1.3~/ud.~Panadería y pastelería >~Pan tostado y rallado~https://tienda.mercadona.es/product/82199/pan-tostado-con-ajo-perejil-hacendado-paquete~82199~2023-03-12 09:18:44.392725
Mini biscotes integrales Minigrill~Caja~60 ud. (120 g)~| 6,667 €/kg~0.8~/ud.~Panadería y pastelería >~Pan tostado y rallado~https://tienda.mercadona.es/product/82122/mini-biscotes-integrales-minigrill-caja~82122~2023-03-12 09:18:44.905263
Pan tostado +Proteínas Hacendado bajo en hidratos~Paquete~200 g~| 12,25 €/kg~2.45~/ud.~Panadería y pastelería >~Pan tostado y rallado~https://tienda.mercadona.es/product/86526/pan-tostado-proteinas-hacendado-bajo-hidratos-paquete~86526~2023-03-12 09:18:45.368563
Pan rallado Hacendado~Paquete~750 g~| 1,267 €/kg~0.95~/ud.~Panadería y pastelería >~Pan tostado y rallado~https://tienda.mercadona.es/product/82219/pan-rallado-hacendado-paquete~82219~2023-03-12 09:18:45.788626
Pan rallado crujiente Hacendado~Paquete~400 g~| 4,625 €/kg~1.85~/ud.~Panadería y pastelería >~Pan tostado y rallado~https://tienda.mercadona.es/product/22932/pan-rallado-crujiente-hacendado-paquete~22932~2023-03-12 09:18:46.234607
Pan rallado sin gluten Hacendado~Paquete~350 g~| 6,143 €/kg~2.15~/ud.~Panadería y pastelería >~Pan tostado y rallado~https://tienda.mercadona.es/product/82656/pan-rallado-sin-gluten-hacendado-paquete~82656~2023-03-12 09:18:46.687982
Pan rallado casero Hacendado~Paquete~500 g~| 2,40 €/kg~1.2~/ud.~Panadería y pastelería >~Pan tostado y rallado~https://tienda.mercadona.es/product/82352/pan-rallado-casero-hacendado-paquete~82352~2023-03-12 09:18:47.149148
Pan rallado con ajo y perejil Hacendado~Paquete~500 g~| 2,10 €/kg~1.05~/ud.~Panadería y pastelería >~Pan tostado y rallado~https://tienda.mercadona.es/product/82227/pan-rallado-con-ajo-perejil-hacendado-paquete~82227~2023-03-12 09:18:47.583495
Crackers integrales de espelta Bachman~Caja~4 paquetes (240 g)~| 7,292 €/kg~1.75~/ud.~Panadería y pastelería >~Pan tostado y rallado~https://tienda.mercadona.es/product/82626/crackers-integrales-espelta-bachman-caja~82626~2023-03-12 09:18:48.196910
Pan de fibra y sésamo Hacendado~Paquete~26 ud. (250 g)~| 5,00 €/kg~1.25~/ud.~Panadería y pastelería >~Pan tostado y rallado~https://tienda.mercadona.es/product/82655/pan-fibra-sesamo-hacendado-paquete~82655~2023-03-12 09:18:48.703854
Crakers tuc saladas Lu~Paquete~2 bolsitas (200 g)~| 11,25 €/kg~2.25~/ud.~Panadería y pastelería >~Pan tostado y rallado~https://tienda.mercadona.es/product/82255/crakers-tuc-saladas-lu-paquete~82255~2023-03-12 09:18:49.229964
Galletas saladas salpicks Galbusera~Paquete~16 bolsitas (400 g)~| 4,75 €/kg~1.9~/ud.~Panadería y pastelería >~Pan tostado y rallado~https://tienda.mercadona.es/product/82585/galletas-saladas-salpicks-galbusera-paquete~82585~2023-03-12 09:18:49.740075
Crackers 30% integral Galbusera~Paquete~14 bolsitas (500 g)~| 3,90 €/kg~1.95~/ud.~Panadería y pastelería >~Pan tostado y rallado~https://tienda.mercadona.es/product/82412/crackers-30-integral-galbusera-paquete~82412~2023-03-12 09:18:50.259511
Crackers con sal Galbusera~Paquete~14 bolsitas (500 g)~| 3,90 €/kg~1.95~/ud.~Panadería y pastelería >~Pan tostado y rallado~https://tienda.mercadona.es/product/82439/crackers-con-sal-galbusera-paquete~82439~2023-03-12 09:18:50.779536
Mini tartaletas Confiletas~Paquete~16 ud. (112 g)~| 15,625 €/kg~1.75~/ud.~Panadería y pastelería >~Pan tostado y rallado~https://tienda.mercadona.es/product/82907/mini-tartaletas-confiletas-paquete~82907~2023-03-12 09:18:51.295730
Crackers sin gluten Hacendado con romero~Paquete~6 bolsitas (200 g)~| 9,00 €/kg~1.8~/ud.~Panadería y pastelería >~Pan tostado y rallado~https://tienda.mercadona.es/product/82651/crackers-sin-gluten-hacendado-con-romero-paquete~82651~2023-03-12 09:18:51.807881
Tostadas sin gluten Hacendado~Caja~18 ud. (100 g)~| 14,50 €/kg~1.45~/ud.~Panadería y pastelería >~Pan tostado y rallado~https://tienda.mercadona.es/product/82839/tostadas-sin-gluten-hacendado-caja~82839~2023-03-12 09:18:52.368560
Picos saladitos Hacendado~Paquete~250 g~| 5,40 €/kg~1.35~/ud.~Panadería y pastelería >~Picos, rosquilletas y picatostes~https://tienda.mercadona.es/product/13631/picos-saladitos-hacendado-paquete~13631~2023-03-12 09:19:54.054748
Picos 100% integrales Hacendado~Paquete~250 g~| 3,40 €/kg~0.85~/ud.~Panadería y pastelería >~Picos, rosquilletas y picatostes~https://tienda.mercadona.es/product/86215/picos-100-integrales-hacendado-paquete~86215~2023-03-12 09:19:54.554366
Picos Hacendado~Paquete~250 g~| 3,40 €/kg~0.85~/ud.~Panadería y pastelería >~Picos, rosquilletas y picatostes~https://tienda.mercadona.es/product/82279/picos-hacendado-paquete~82279~2023-03-12 09:19:54.973857
Regañá Hacendado~Paquete~250 g~| 4,00 €/kg~1.0~/ud.~Panadería y pastelería >~Picos, rosquilletas y picatostes~https://tienda.mercadona.es/product/82365/regana-hacendado-paquete~82365~2023-03-12 09:19:55.386493
Piquitos bajos en sal Hacendado~Paquete~250 g~| 5,80 €/kg~1.45~/ud.~Panadería y pastelería >~Picos, rosquilletas y picatostes~https://tienda.mercadona.es/product/22249/piquitos-bajos-sal-hacendado-paquete~22249~2023-03-12 09:19:55.865338
Grissini palitos de pan con sésamo Hacendado~2 paquetes x 100 g~| 8,00 €/kg~Not available~1.6~/pack~Panadería y pastelería >~Picos, rosquilletas y picatostes~https://tienda.mercadona.es/product/82464/grissini-palitos-pan-con-sesamo-hacendado-pack-2~82464~2023-03-12 09:19:56.478655
Grissini palitos de pan Hacendado~Caja~4 ud. (250 g)~| 7,20 €/kg~1.8~/ud.~Panadería y pastelería >~Picos, rosquilletas y picatostes~https://tienda.mercadona.es/product/82599/grissini-palitos-pan-hacendado-caja~82599~2023-03-12 09:19:56.969561
Picos sin gluten Hacendado~Paquete~100 g~| 15,50 €/kg~1.55~/ud.~Panadería y pastelería >~Picos, rosquilletas y picatostes~https://tienda.mercadona.es/product/13450/picos-sin-gluten-hacendado-paquete~13450~2023-03-12 09:19:57.453395
Piquitos San Roque~Paquete~142 g~| 7,043 €/kg~1.0~/ud.~Panadería y pastelería >~Picos, rosquilletas y picatostes~https://tienda.mercadona.es/product/82220/piquitos-san-roque-paquete~82220~2023-03-12 09:19:57.928509
Picos camperos de Jerez Hacendado~Paquete~250 g~| 3,60 €/kg~0.9~/ud.~Panadería y pastelería >~Picos, rosquilletas y picatostes~https://tienda.mercadona.es/product/67953/picos-camperos-jerez-hacendado-paquete~67953~2023-03-12 09:19:58.359219
Palitos de pan con pipas Anitin~2 paquetes x 83 g~| 8,434 €/kg~Not available~1.4~/pack~Panadería y pastelería >~Picos, rosquilletas y picatostes~https://tienda.mercadona.es/product/82765/palitos-pan-con-pipas-anitin-pack-2~82765~2023-03-12 09:19:58.778464
Palitos con frutos secos Hacendado~2 paquetes x 60 g~| 9,584 €/kg~Not available~1.15~/pack~Panadería y pastelería >~Picos, rosquilletas y picatostes~https://tienda.mercadona.es/product/83864/palitos-con-frutos-secos-hacendado-pack-2~83864~2023-03-12 09:19:59.241950
Palitos de pan 100% trigo espelta integral Anitin~2 paquetes x 75 g~| 9,334 €/kg~Not available~1.4~/pack~Panadería y pastelería >~Picos, rosquilletas y picatostes~https://tienda.mercadona.es/product/86559/palitos-pan-100-trigo-espelta-integral-anitin-pack-2~86559~2023-03-12 09:19:59.717588
Palitos de pan con chocolate Anitin~2 paquetes x 86 g~| 8,14 €/kg~Not available~1.4~/pack~Panadería y pastelería >~Picos, rosquilletas y picatostes~https://tienda.mercadona.es/product/82728/palitos-pan-con-chocolate-anitin-pack-2~82728~2023-03-12 09:20:00.178484
Palitos de pan con queso Anitin~2 paquetes x 71 g~| 9,86 €/kg~Not available~1.4~/pack~Panadería y pastelería >~Picos, rosquilletas y picatostes~https://tienda.mercadona.es/product/82892/palitos-pan-con-queso-anitin-pack-2~82892~2023-03-12 09:20:00.656030
Panes especiales con tomate y orégano Hacendado Anitines~Paquete~80 g~| 12,50 €/kg~1.0~/ud.~Panadería y pastelería >~Picos, rosquilletas y picatostes~https://tienda.mercadona.es/product/22396/panes-especiales-con-tomate-oregano-hacendado-anitines-paquete~22396~2023-03-12 09:20:01.203969
Panes especiales sabor pizza con queso Hacendado Anitines~Paquete~80 g~| 12,50 €/kg~1.0~/ud.~Panadería y pastelería >~Picos, rosquilletas y picatostes~https://tienda.mercadona.es/product/22397/panes-especiales-sabor-pizza-con-queso-hacendado-anitines-paquete~22397~2023-03-12 09:20:01.702996
Panes especiales pipas calabaza Hacendado Anitines~Paquete~80 g~| 12,50 €/kg~1.0~/ud.~Panadería y pastelería >~Picos, rosquilletas y picatostes~https://tienda.mercadona.es/product/86835/panes-especiales-pipas-calabaza-hacendado-anitines-paquete~86835~2023-03-12 09:20:02.217137
Picatostes fritos Hacendado~Paquete~100 g~| 8,50 €/kg~0.85~/ud.~Panadería y pastelería >~Picos, rosquilletas y picatostes~https://tienda.mercadona.es/product/82786/picatostes-fritos-hacendado-paquete~82786~2023-03-12 09:20:02.704277
Picatostes fritos con ajo Hacendado~Paquete~100 g~| 8,50 €/kg~0.85~/ud.~Panadería y pastelería >~Picos, rosquilletas y picatostes~https://tienda.mercadona.es/product/82787/picatostes-fritos-con-ajo-hacendado-paquete~82787~2023-03-12 09:20:03.192989
Picatostes tostados Hacendado~Paquete~100 g~| 7,00 €/kg~0.7~/ud.~Panadería y pastelería >~Picos, rosquilletas y picatostes~https://tienda.mercadona.es/product/82788/picatostes-tostados-hacendado-paquete~82788~2023-03-12 09:20:03.668629
Tarta carrot cake Hacendado congelada bizcocho zanahoria con crema de queso~10 raciones (750 g)~| 14,667 €/kg~Not available~11.0~/ud.~Congelados >~Tartas y churros~https://tienda.mercadona.es/product/87677/tarta-carrot-cake-hacendado-congelada-bizcocho-zanahoria-con-crema-queso~87677~2023-03-12 09:21:03.091771
Tarta red velvet Hacendado congelada bizcocho con crema de queso~10 raciones (700 g)~| 13,572 €/kg~Not available~9.5~/ud.~Congelados >~Tartas y churros~https://tienda.mercadona.es/product/87607/tarta-red-velvet-hacendado-congelada-bizcocho-con-crema-queso~87607~2023-03-12 09:21:03.667273
Tarta Ferrer bombón crujiente Hacendado congelada rellena con trufa~8 raciones (675 g)~| 14,075 €/kg~Not available~9.5~/ud.~Congelados >~Tartas y churros~https://tienda.mercadona.es/product/86131/tarta-ferrer-bombon-crujiente-hacendado-congelada-rellena-con-trufa~86131~2023-03-12 09:21:04.155424
Tarta tres chocolates Hacendado congelada sin gluten~8 raciones (880 g)~| 10,228 €/kg~Not available~9.0~/ud.~Congelados >~Tartas y churros~https://tienda.mercadona.es/product/87599/tarta-tres-chocolates-hacendado-congelada-sin-gluten~87599~2023-03-12 09:21:04.624585
Mousse de queso Hacendado congelado con arándanos sin gluten~6 raciones (520 g)~| 14,424 €/kg~Not available~7.5~/ud.~Congelados >~Tartas y churros~https://tienda.mercadona.es/product/87601/mousse-queso-hacendado-congelado-con-arandanos-sin-gluten~87601~2023-03-12 09:21:05.126577
Tarta de tiramisú Hacendado congelada con queso mascarpone~6 raciones (500 g)~| 19,00 €/kg~Not available~9.5~/ud.~Congelados >~Tartas y churros~https://tienda.mercadona.es/product/87603/tarta-tiramisu-hacendado-congelada-con-queso-mascarpone~87603~2023-03-12 09:21:05.563726
Tarta de la abuela Hacendado congelada galleta con chocolate y nata~10 raciones (825 g)~| 10,304 €/kg~Not available~8.5~/ud.~Congelados >~Tartas y churros~https://tienda.mercadona.es/product/87692/tarta-abuela-hacendado-congelada-galleta-con-chocolate-nata~87692~2023-03-12 09:21:06.068822
Tarta San Marcos Hacendado congelada rellena con nata~24 raciones (1,65 kg)~| 7,273 €/kg~Not available~12.0~/ud.~Congelados >~Tartas y churros~https://tienda.mercadona.es/product/87598/tarta-san-marcos-hacendado-congelada-rellena-con-nata~87598~2023-03-12 09:21:06.542298
Tarta selva negra Hacendado congelada de trufa y crema de cacao~30 raciones (1,9 kg)~| 7,316 €/kg~Not available~13.9~/ud.~Congelados >~Tartas y churros~https://tienda.mercadona.es/product/87602/tarta-selva-negra-hacendado-congelada-trufa-crema-cacao~87602~2023-03-12 09:21:07.029215
Mousse de limón Hacendado congelado sin gluten~9 raciones (805 g)~| 13,665 €/kg~Not available~11.0~/ud.~Congelados >~Tartas y churros~https://tienda.mercadona.es/product/87604/mousse-limon-hacendado-congelado-sin-gluten~87604~2023-03-12 09:21:07.447065
Trenza hojaldre de mantequilla Hacendado congelada~Bandeja~430 g~| 17,442 €/kg~7.5~/ud.~Congelados >~Tartas y churros~https://tienda.mercadona.es/product/87616/trenza-hojaldre-mantequilla-hacendado-congelada-bandeja~87616~2023-03-12 09:21:07.915976
Tarta Reina Hacendado congelada~8 raciones (670 g)~| 13,433 €/kg~Not available~9.0~/ud.~Congelados >~Tartas y churros~https://tienda.mercadona.es/product/22551/tarta-reina-hacendado-congelada~22551~2023-03-12 09:21:08.346630
Tarta crema avellana blanca Hacendado congelada~10 raciones (880 g)~| 10,796 €/kg~Not available~9.5~/ud.~Congelados >~Tartas y churros~https://tienda.mercadona.es/product/67978/tarta-crema-avellana-blanca-hacendado-congelada~67978~2023-03-12 09:21:08.891389
Tarta infantil Avengers Hacendado congelada~8 raciones (635 g)~| 13,386 €/kg~Not available~8.5~/ud.~Congelados >~Tartas y churros~https://tienda.mercadona.es/product/87683/tarta-infantil-avengers-hacendado-congelada~87683~2023-03-12 09:21:09.390133
Tarta infantil Frozen II Hacendado congelada~8 raciones (635 g)~| 13,386 €/kg~Not available~8.5~/ud.~Congelados >~Tartas y churros~https://tienda.mercadona.es/product/87686/tarta-infantil-frozen-ii-hacendado-congelada~87686~2023-03-12 09:21:09.898459
Tarta infantil Paw Patrol Hacendado congelada~20 raciones (1,4 kg)~| 9,858 €/kg~Not available~13.8~/ud.~Congelados >~Tartas y churros~https://tienda.mercadona.es/product/86226/tarta-infantil-paw-patrol-hacendado-congelada~86226~2023-03-12 09:21:10.438244
Macarons congelados de limón, pistacho, café, fresa y chocolate~Bandeja~5 ud. (55 g)~| 36,364 €/kg~2.0~/ud.~Congelados >~Tartas y churros~https://tienda.mercadona.es/product/80462/macarons-congelados-limon-pistacho-cafe-fresa-chocolate-bandeja~80462~2023-03-12 09:21:10.932658
Lionesas de nata y trufa Hacendado congeladas~Bandeja~10 ud. (350 g)~| 20,00 €/kg~7.0~/ud.~Congelados >~Tartas y churros~https://tienda.mercadona.es/product/87540/lionesas-nata-trufa-hacendado-congeladas-bandeja~87540~2023-03-12 09:21:11.421284
Trufas de chocolate congeladas~Bandeja~12 ud. (204 g)~| 29,412 €/kg~6.0~/ud.~Congelados >~Tartas y churros~https://tienda.mercadona.es/product/87597/trufas-chocolate-congeladas-bandeja~87597~2023-03-12 09:21:11.902439
Pastel de queso congelado~Bandeja~380 g~| 13,948 €/kg~5.3~/ud.~Congelados >~Tartas y churros~https://tienda.mercadona.es/product/80455/pastel-queso-congelado-bandeja~80455~2023-03-12 09:21:12.399033
Bolsa pastelería~Bolsa~1 ud.~| 0,40 €/ud~0.4~/ud.~Panadería y pastelería >~Bollería de horno~https://tienda.mercadona.es/product/91722/bolsa-pasteleria-bolsa~91722~2023-03-12 09:21:12.828662
Vela de cumpleaños 0 Hacendado~Paquete~1 ud.~| 0,75 €/ud~0.75~/ud.~Panadería y pastelería >~Velas y decoración~https://tienda.mercadona.es/product/49970/vela-cumpleanos-0-hacendado-paquete~49970~2023-03-12 09:22:18.553737
Vela de cumpleaños 1 Hacendado~Paquete~1 ud.~| 0,75 €/ud~0.75~/ud.~Panadería y pastelería >~Velas y decoración~https://tienda.mercadona.es/product/49971/vela-cumpleanos-1-hacendado-paquete~49971~2023-03-12 09:22:19.079258
Vela de cumpleaños 2 Hacendado~Paquete~1 ud.~| 0,75 €/ud~0.75~/ud.~Panadería y pastelería >~Velas y decoración~https://tienda.mercadona.es/product/49972/vela-cumpleanos-2-hacendado-paquete~49972~2023-03-12 09:22:19.572551
Vela de cumpleaños 3 Hacendado~Paquete~1 ud.~| 0,75 €/ud~0.75~/ud.~Panadería y pastelería >~Velas y decoración~https://tienda.mercadona.es/product/49973/vela-cumpleanos-3-hacendado-paquete~49973~2023-03-12 09:22:20.056816
Vela de cumpleaños 4 Hacendado~Paquete~1 ud.~| 0,75 €/ud~0.75~/ud.~Panadería y pastelería >~Velas y decoración~https://tienda.mercadona.es/product/49974/vela-cumpleanos-4-hacendado-paquete~49974~2023-03-12 09:22:20.552504
Vela de cumpleaños 5 Hacendado~Paquete~1 ud.~| 0,75 €/ud~0.75~/ud.~Panadería y pastelería >~Velas y decoración~https://tienda.mercadona.es/product/49975/vela-cumpleanos-5-hacendado-paquete~49975~2023-03-12 09:22:21.118873
Vela de cumpleaños 6 Hacendado~Paquete~1 ud.~| 0,75 €/ud~0.75~/ud.~Panadería y pastelería >~Velas y decoración~https://tienda.mercadona.es/product/49976/vela-cumpleanos-6-hacendado-paquete~49976~2023-03-12 09:22:21.612579
Vela de cumpleaños 7 Hacendado~Paquete~1 ud.~| 0,75 €/ud~0.75~/ud.~Panadería y pastelería >~Velas y decoración~https://tienda.mercadona.es/product/49977/vela-cumpleanos-7-hacendado-paquete~49977~2023-03-12 09:22:22.125607
Vela de cumpleaños 8 Hacendado~Paquete~1 ud.~| 0,75 €/ud~0.75~/ud.~Panadería y pastelería >~Velas y decoración~https://tienda.mercadona.es/product/49978/vela-cumpleanos-8-hacendado-paquete~49978~2023-03-12 09:22:22.611205
Vela de cumpleaños 9 Hacendado~Paquete~1 ud.~| 0,75 €/ud~0.75~/ud.~Panadería y pastelería >~Velas y decoración~https://tienda.mercadona.es/product/49979/vela-cumpleanos-9-hacendado-paquete~49979~2023-03-12 09:22:23.106586
Velas de cumpleaños Hacendado~Paquete~20 velas~| 0,045 €/ud~0.9~/ud.~Panadería y pastelería >~Velas y decoración~https://tienda.mercadona.es/product/49157/velas-cumpleanos-hacendado-paquete~49157~2023-03-12 09:22:23.585694
Almendra molida Hacendado~Not available~Not available~Not available~2.07~/ud.~Not Available~Compartir~https://tienda.mercadona.es/product/34921/almendra-molida-hacendado-paquete~34921~2023-03-12 09:22:23.999491
Coco rallado Hacendado~Not available~Not available~Not available~1.01~/ud.~Not Available~Compartir~https://tienda.mercadona.es/product/34035/coco-rallado-hacendado-paquete~34035~2023-03-12 09:22:24.426810
Caramelo líquido Hacendado~Not available~Not available~Not available~1.75~/ud.~Not Available~Compartir~https://tienda.mercadona.es/product/32316/caramelo-liquido-hacendado-bote~32316~2023-03-12 09:22:24.790595
Fideos de chocolate Hacendado~Not available~Not available~Not available~1.45~/ud.~Not Available~Compartir~https://tienda.mercadona.es/product/32227/fideos-chocolate-hacendado-especial-reposteria-postres-paquete~32227~2023-03-12 09:22:25.142797
Azúcar vainillado Hacendado~Not available~Not available~Not available~0.7~/ud.~Not Available~Compartir~https://tienda.mercadona.es/product/32525/azucar-vainillado-hacendado-especial-reposteria-paquete~32525~2023-03-12 09:22:25.529010
Almendra cubitos Hacendado~Not available~Not available~Not available~2.07~/ud.~Not Available~Compartir~https://tienda.mercadona.es/product/34922/almendra-cubitos-hacendado-paquete~34922~2023-03-12 09:22:25.965321
Almendra laminada Hacendado~Not available~Not available~Not available~2.07~/ud.~Not Available~Compartir~https://tienda.mercadona.es/product/34923/almendra-laminada-hacendado-paquete~34923~2023-03-12 09:22:26.317772
Kit decoración Hacendado~Not available~Not available~Not available~1.6~/ud.~Not Available~Compartir~https://tienda.mercadona.es/product/49167/kit-decoracion-hacendado~49167~2023-03-12 09:22:26.668808
Cacahuete +Proteínas en polvo desgrasado Hacendado 14 g proteínas 70% reducido en grasa~Not available~Not available~Not available~2.75~/ud.~Not Available~Compartir~https://tienda.mercadona.es/product/13738/cacahuete-proteinas-polvo-desgrasado-hacendado-14-g-proteinas-70-reducido-grasa-paquete~13738~2023-03-12 09:22:27.023329
Pizza jamón y queso Hacendado~415 g~| 6,025 €/kg~Not available~2.5~/ud.~Pizzas y platos preparados >~Pizzas~https://tienda.mercadona.es/product/63581/pizza-jamon-queso-hacendado~63581~2023-03-12 09:28:39.816163
Pizza jamón y queso familiar Hacendado~600 g~| 5,834 €/kg~Not available~3.5~/ud.~Pizzas y platos preparados >~Pizzas~https://tienda.mercadona.es/product/63627/pizza-jamon-queso-familiar-hacendado~63627~2023-03-12 09:28:40.364927
Pizza jamón y queso Hacendado~2 ud. x 220 g~| 6,591 €/kg~Not available~2.9~/pack~Pizzas y platos preparados >~Pizzas~https://tienda.mercadona.es/product/63593/pizza-jamon-queso-hacendado-pack-2~63593~2023-03-12 09:28:40.843550
Pizza barbacoa Hacendado~415 g~| 6,025 €/kg~Not available~2.5~/ud.~Pizzas y platos preparados >~Pizzas~https://tienda.mercadona.es/product/63613/pizza-barbacoa-hacendado~63613~2023-03-12 09:28:41.324971
Pizza barbacoa familiar Hacendado~600 g~| 5,834 €/kg~Not available~3.5~/ud.~Pizzas y platos preparados >~Pizzas~https://tienda.mercadona.es/product/63629/pizza-barbacoa-familiar-hacendado~63629~2023-03-12 09:28:41.859820
Pizza 4 quesos Hacendado~410 g~| 7,074 €/kg~Not available~2.9~/ud.~Pizzas y platos preparados >~Pizzas~https://tienda.mercadona.es/product/63580/pizza-4-quesos-hacendado~63580~2023-03-12 09:28:42.337315
Pizza 4 quesos familiar Hacendado~580 g~| 6,035 €/kg~Not available~3.5~/ud.~Pizzas y platos preparados >~Pizzas~https://tienda.mercadona.es/product/63628/pizza-4-quesos-familiar-hacendado~63628~2023-03-12 09:28:42.850915
Pizza 4 quesos Hacendado~2 ud. x 210 g~| 6,905 €/kg~Not available~2.9~/pack~Pizzas y platos preparados >~Pizzas~https://tienda.mercadona.es/product/63592/pizza-4-quesos-hacendado-pack-2~63592~2023-03-12 09:28:43.477974
Pizza serrana Hacendado~400 g~| 7,25 €/kg~Not available~2.9~/ud.~Pizzas y platos preparados >~Pizzas~https://tienda.mercadona.es/product/63551/pizza-serrana-hacendado~63551~2023-03-12 09:28:44.022304
Pizza serrana Hacendado~Caja~400 g~| 10,00 €/kg~4.0~/ud.~Pizzas y platos preparados >~Pizzas~https://tienda.mercadona.es/product/63485/pizza-serrana-hacendado-caja~63485~2023-03-12 09:28:44.579600
Pizza carbonara Hacendado~430 g~| 6,745 €/kg~Not available~2.9~/ud.~Pizzas y platos preparados >~Pizzas~https://tienda.mercadona.es/product/63653/pizza-carbonara-hacendado~63653~2023-03-12 09:28:45.120312
Pizza carbonara familiar Hacendado~600 g~| 5,834 €/kg~Not available~3.5~/ud.~Pizzas y platos preparados >~Pizzas~https://tienda.mercadona.es/product/63632/pizza-carbonara-familiar-hacendado~63632~2023-03-12 09:28:45.651266
Pizza mediterránea Hacendado~430 g~| 6,745 €/kg~Not available~2.9~/ud.~Pizzas y platos preparados >~Pizzas~https://tienda.mercadona.es/product/63634/pizza-mediterranea-hacendado~63634~2023-03-12 09:28:46.214194
Pizza pepperoni Hacendado~410 g~| 7,074 €/kg~Not available~2.9~/ud.~Pizzas y platos preparados >~Pizzas~https://tienda.mercadona.es/product/63556/pizza-pepperoni-hacendado~63556~2023-03-12 09:28:46.735649
Pizza atún y bacón Hacendado~415 g~| 6,988 €/kg~Not available~2.9~/ud.~Pizzas y platos preparados >~Pizzas~https://tienda.mercadona.es/product/63582/pizza-atun-bacon-hacendado~63582~2023-03-12 09:28:47.356306
Pizza atún y bacón Hacendado~2 ud. x 220 g~| 6,591 €/kg~Not available~2.9~/pack~Pizzas y platos preparados >~Pizzas~https://tienda.mercadona.es/product/56647/pizza-atun-bacon-hacendado-pack-2~56647~2023-03-12 09:28:47.885142
Pizza pollo Hacendado~430 g~| 6,745 €/kg~Not available~2.9~/ud.~Pizzas y platos preparados >~Pizzas~https://tienda.mercadona.es/product/63529/pizza-pollo-hacendado~63529~2023-03-12 09:28:48.446437
Pizza romana Hacendado con champiñones salteados~430 g~| 6,745 €/kg~Not available~2.9~/ud.~Pizzas y platos preparados >~Pizzas~https://tienda.mercadona.es/product/63503/pizza-romana-hacendado-con-champinones-salteados~63503~2023-03-12 09:28:48.992850
Empanada calzone de pollo a la barbacoa Hacendado~2 ud. x 310 g~| 6,21 €/kg~Not available~3.85~/pack~Pizzas y platos preparados >~Pizzas~https://tienda.mercadona.es/product/63521/empanada-calzone-pollo-barbacoa-hacendado-pack-2~63521~2023-03-12 09:28:49.524543
Pizza margarita Hacendado~340 g~| 6,471 €/kg~Not available~2.2~/ud.~Pizzas y platos preparados >~Pizzas~https://tienda.mercadona.es/product/63585/pizza-margarita-hacendado~63585~2023-03-12 09:28:50.050404
Pizza margarita Hacendado~Caja~410 g~| 9,269 €/kg~3.8~/ud.~Pizzas y platos preparados >~Pizzas~https://tienda.mercadona.es/product/63486/pizza-margarita-hacendado-caja~63486~2023-03-12 09:28:50.592249
Pizza jamón y queso sin gluten y sin lactosa Hacendado~420 g~| 7,62 €/kg~Not available~3.2~/ud.~Pizzas y platos preparados >~Pizzas~https://tienda.mercadona.es/product/63514/pizza-jamon-queso-sin-gluten-sin-lactosa-hacendado~63514~2023-03-12 09:28:51.121534
Pizza pollo y bacón Hacendado~420 g~| 6,905 €/kg~Not available~2.9~/ud.~Pizzas y platos preparados >~Pizzas~https://tienda.mercadona.es/product/63645/pizza-pollo-bacon-hacendado~63645~2023-03-12 09:28:51.760292
Pizza Calzone con jamón cocido y queso Hacendado~Caja~400 g~| 9,50 €/kg~3.8~/ud.~Pizzas y platos preparados >~Pizzas~https://tienda.mercadona.es/product/22549/pizza-calzone-con-jamon-cocido-queso-hacendado-caja~22549~2023-03-12 09:28:52.333583
Pizza Prosciutto Hacendado jamón y queso~Caja~400 g~| 10,00 €/kg~4.0~/ud.~Pizzas y platos preparados >~Pizzas~https://tienda.mercadona.es/product/22343/pizza-prosciutto-hacendado-jamon-queso-caja~22343~2023-03-12 09:28:52.851779
Pizzas tomate y queso Hacendado ultracongeladas~2 ud. x 285 g~| 4,474 €/kg~Not available~2.55~/pack~Congelados >~Pizzas~https://tienda.mercadona.es/product/63597/pizzas-tomate-queso-hacendado-ultracongeladas-pack-2~63597~2023-03-12 09:28:53.356657
Pizza boloñesa Hacendado ultracongelada~400 g~| 6,50 €/kg~Not available~2.6~/ud.~Congelados >~Pizzas~https://tienda.mercadona.es/product/63559/pizza-bolonesa-hacendado-ultracongelada~63559~2023-03-12 09:28:53.845620
Pizza Pepperoni barbacoa Hacendado ultracongelada rellena de salsa de queso~540 g~| 6,852 €/kg~Not available~3.7~/ud.~Congelados >~Pizzas~https://tienda.mercadona.es/product/22648/pizza-pepperoni-barbacoa-hacendado-ultracongelada-rellena-salsa-queso~22648~2023-03-12 09:28:54.327425
Pizza masa fina 4 quesos Hacendado ultracongelada~390 g~| 6,667 €/kg~Not available~2.6~/ud.~Congelados >~Pizzas~https://tienda.mercadona.es/product/63340/pizza-masa-fina-4-quesos-hacendado-ultracongelada~63340~2023-03-12 09:28:54.816287
Pizza atún Hacendado ultracongelada~390 g~| 6,667 €/kg~Not available~2.6~/ud.~Congelados >~Pizzas~https://tienda.mercadona.es/product/63501/pizza-atun-hacendado-ultracongelada~63501~2023-03-12 09:28:55.313629
Pizza masa fina jamón Hacendado ultracongelada~400 g~| 6,50 €/kg~Not available~2.6~/ud.~Congelados >~Pizzas~https://tienda.mercadona.es/product/63339/pizza-masa-fina-jamon-hacendado-ultracongelada~63339~2023-03-12 09:28:55.832859
Pizza 4 quesos sin gluten y sin lactosa Hacendado ultracongelada~410 g~| 7,561 €/kg~Not available~3.1~/ud.~Congelados >~Pizzas~https://tienda.mercadona.es/product/63623/pizza-4-quesos-sin-gluten-sin-lactosa-hacendado-ultracongelada~63623~2023-03-12 09:28:56.323935
Pizza carbonara rellena de salsa de setas Hacendado ultracongelada~540 g~| 6,852 €/kg~Not available~3.7~/ud.~Congelados >~Pizzas~https://tienda.mercadona.es/product/63639/pizza-carbonara-rellena-salsa-setas-hacendado-ultracongelada~63639~2023-03-12 09:28:56.811153
Pizza masa fina Barbacoa Hacendado ultracongelada~390 g~| 6,667 €/kg~Not available~2.6~/ud.~Congelados >~Pizzas~https://tienda.mercadona.es/product/22649/pizza-masa-fina-barbacoa-hacendado-ultracongelada~22649~2023-03-12 09:28:57.315485
Bases de pizza artesanas extrafinas y crujientes Hacendado ultracongeladas con aceite de oliva~Paquete~3 ud. (420 g)~| 4,524 €/kg~1.9~/ud.~Congelados >~Pizzas~https://tienda.mercadona.es/product/63648/bases-pizza-artesanas-extrafinas-crujientes-hacendado-ultracongeladas-con-aceite-oliva-paquete~63648~2023-03-12 09:28:57.782040
Bases de pizza sin gluten sin lactosa Hacendado ultracongeladas~Paquete~2 ud. (400 g)~| 10,00 €/kg~4.0~/ud.~Congelados >~Pizzas~https://tienda.mercadona.es/product/63606/bases-pizza-sin-gluten-sin-lactosa-hacendado-ultracongeladas-paquete~63606~2023-03-12 09:28:58.266669
Piadinas pan estilo italiano Hacendado~Paquete~4 ud. (320 g)~| 6,875 €/kg~2.2~/ud.~Panadería y pastelería >~Pan de molde y otras especialidades~https://tienda.mercadona.es/product/80894/piadinas-pan-estilo-italiano-hacendado-paquete~80894~2023-03-12 09:28:58.769053
Masa fresca pizza Hacendado~2 paquetes x 260 g~| 4,808 €/kg~Not available~2.5~/pack~Pizzas y platos preparados >~Pizzas~https://tienda.mercadona.es/product/63460/masa-fresca-pizza-hacendado-pack-2~63460~2023-03-12 09:28:59.208496
Masa fresca pizza de cereales y semillas Hacendado~2 paquetes x 260 g~| 5,00 €/kg~Not available~2.6~/pack~Pizzas y platos preparados >~Pizzas~https://tienda.mercadona.es/product/63477/masa-fresca-pizza-cereales-semillas-hacendado-pack-2~63477~2023-03-12 09:28:59.817314
Rosca jamón serrano y queso emmental Hacendado~420 g~| 8,334 €/kg~Not available~3.5~/ud.~Pizzas y platos preparados >~Pizzas~https://tienda.mercadona.es/product/63544/rosca-jamon-serrano-queso-emmental-hacendado~63544~2023-03-12 09:29:00.477635
Quiche verduras Hacendado con calabacín y queso de cabra~390 g~| 7,693 €/kg~Not available~3.0~/ud.~Pizzas y platos preparados >~Pizzas~https://tienda.mercadona.es/product/63532/quiche-verduras-hacendado-con-calabacin-queso-cabra~63532~2023-03-12 09:29:01.028323
Rosca lomo, bacón y queso emmental Hacendado~450 g~| 7,778 €/kg~Not available~3.5~/ud.~Pizzas y platos preparados >~Pizzas~https://tienda.mercadona.es/product/63545/rosca-lomo-bacon-queso-emmental-hacendado~63545~2023-03-12 09:29:01.578881
Quiche york y bacón Hacendado~380 g~| 7,895 €/kg~Not available~3.0~/ud.~Pizzas y platos preparados >~Pizzas~https://tienda.mercadona.es/product/63526/quiche-york-bacon-hacendado~63526~2023-03-12 09:29:02.124296
Focaccia con queso, romero y tomillo Hacendado~2 ud. x 150 g~| 6,00 €/kg~Not available~1.8~/pack~Pizzas y platos preparados >~Pizzas~https://tienda.mercadona.es/product/63509/focaccia-con-queso-romero-tomillo-hacendado-pack-2~63509~2023-03-12 09:29:02.673064
Lasaña boloñesa familiar Hacendado~Bandeja~700 g~| 6,858 €/kg~4.8~/ud.~Pizzas y platos preparados >~Platos preparados calientes~https://tienda.mercadona.es/product/4488/lasana-bolonesa-familiar-hacendado-bandeja~4488~2023-03-12 09:35:19.520601
Lasaña boloñesa Hacendado~Bandeja~350 g~| 7,858 €/kg~2.75~/ud.~Pizzas y platos preparados >~Platos preparados calientes~https://tienda.mercadona.es/product/4487/lasana-bolonesa-hacendado-bandeja~4487~2023-03-12 09:35:20.206523
Lasaña de espinacas y requesón Hacendado~Bandeja~350 g~| 8,858 €/kg~3.1~/ud.~Pizzas y platos preparados >~Platos preparados calientes~https://tienda.mercadona.es/product/4491/lasana-espinacas-requeson-hacendado-bandeja~4491~2023-03-12 09:35:20.918949
Canelones de carne y boletus Hacendado~Bandeja~350 g~| 11,429 €/kg~4.0~/ud.~Pizzas y platos preparados >~Platos preparados calientes~https://tienda.mercadona.es/product/4493/canelones-carne-boletus-hacendado-bandeja~4493~2023-03-12 09:35:21.530056
Lasaña de salmón y brócoli Hacendado~Bandeja~350 g~| 11,429 €/kg~4.0~/ud.~Pizzas y platos preparados >~Platos preparados calientes~https://tienda.mercadona.es/product/4494/lasana-salmon-brocoli-hacendado-bandeja~4494~2023-03-12 09:35:22.142740
Pastel de calabacín con pollo Hacendado~Bandeja~300 g~| 11,00 €/kg~3.3~/ud.~Pizzas y platos preparados >~Platos preparados calientes~https://tienda.mercadona.es/product/15746/pastel-calabacin-con-pollo-hacendado-bandeja~15746~2023-03-12 09:35:22.743122
Spaghetti carbonara Hacendado~Bandeja~280 g~| 8,215 €/kg~2.3~/ud.~Pizzas y platos preparados >~Platos preparados calientes~https://tienda.mercadona.es/product/4265/spaghetti-carbonara-hacendado-bandeja~4265~2023-03-12 09:35:23.350727
Macarrones boloñesa Hacendado~Bandeja~280 g~| 8,929 €/kg~2.5~/ud.~Pizzas y platos preparados >~Platos preparados calientes~https://tienda.mercadona.es/product/4586/macarrones-bolonesa-hacendado-bandeja~4586~2023-03-12 09:35:24.029573
Canelones de carne Casa Mas~Bandeja~6 ud. (700 g)~| 7,858 €/kg~5.5~/ud.~Pizzas y platos preparados >~Platos preparados calientes~https://tienda.mercadona.es/product/35317/canelones-carne-casa-mas-bandeja~35317~2023-03-12 09:35:24.625342
Arroz cocido basmati Sabroz Brillante~2 vasitos x 125 g~| 4,80 €/kg~Not available~1.2~/pack~Arroz, legumbres y pasta >~Arroz~https://tienda.mercadona.es/product/22280/arroz-cocido-basmati-sabroz-brillante-pack-2~22280~2023-03-12 09:35:25.222752
Arroz cocido integral Sabroz Brillante~2 vasitos x 125 g~| 4,60 €/kg~Not available~1.15~/pack~Arroz, legumbres y pasta >~Arroz~https://tienda.mercadona.es/product/22281/arroz-cocido-integral-sabroz-brillante-pack-2~22281~2023-03-12 09:35:25.757030
Quinoa cocida blanca y roja Sabroz Brillante~2 vasitos x 125 g~| 6,00 €/kg~Not available~1.5~/pack~Arroz, legumbres y pasta >~Arroz~https://tienda.mercadona.es/product/22278/quinoa-cocida-blanca-roja-sabroz-brillante-pack-2~22278~2023-03-12 09:35:26.278961
Arroz cocido redondo Sabroz Brillante~2 vasitos x 125 g~| 4,60 €/kg~Not available~1.15~/pack~Arroz, legumbres y pasta >~Arroz~https://tienda.mercadona.es/product/22279/arroz-cocido-redondo-sabroz-brillante-pack-2~22279~2023-03-12 09:35:26.801984
Arroz de secreto ibérico con setas Hacendado~Bandeja~280 g~| 11,25 €/kg~3.15~/ud.~Pizzas y platos preparados >~Platos preparados calientes~https://tienda.mercadona.es/product/22767/arroz-secreto-iberico-con-setas-hacendado-bandeja~22767~2023-03-12 09:35:27.391325
Pollo al curry Hacendado con arroz basmati~Bandeja~280 g~| 10,179 €/kg~2.85~/ud.~Pizzas y platos preparados >~Platos preparados calientes~https://tienda.mercadona.es/product/4498/pollo-curry-hacendado-con-arroz-basmati-bandeja~4498~2023-03-12 09:35:27.993883
Pollo asado Hacendado~Paquete~1 kg aprox.~| 5,50 €/kg~5.5~/ud.~Pizzas y platos preparados >~Platos preparados calientes~https://tienda.mercadona.es/product/13706/pollo-asado-hacendado-paquete~13706~2023-03-12 09:35:28.541369
Roti de pollo relleno de jamón y queso Hacendado~Paquete~375 g~| 8,00 €/kg~3.0~/ud.~Pizzas y platos preparados >~Platos preparados calientes~https://tienda.mercadona.es/product/13713/roti-pollo-relleno-jamon-queso-hacendado-paquete~13713~2023-03-12 09:35:29.104481
Pollo asado troceado Hacendado~Paquete~1,3 kg aprox.~| 6,25 €/kg~8.13~/ud.~Pizzas y platos preparados >~Platos preparados calientes~https://tienda.mercadona.es/product/13707/pollo-asado-troceado-hacendado-paquete~13707~2023-03-12 09:35:29.743461
Codillo de cerdo asado Hacendado~Paquete~1 kg aprox.~| 6,50 €/kg~6.5~/ud.~Pizzas y platos preparados >~Platos preparados calientes~https://tienda.mercadona.es/product/13710/codillo-cerdo-asado-hacendado-paquete~13710~2023-03-12 09:35:30.332706
Alitas de pollo asadas Hacendado~Bote~500 g aprox.~| 8,10 €/kg~4.05~/ud.~Pizzas y platos preparados >~Platos preparados calientes~https://tienda.mercadona.es/product/80849/alitas-pollo-asadas-hacendado-bote~80849~2023-03-12 09:35:30.887272
Pollo asado Hacendado relleno con jamón, queso y huevo~Paquete~1 kg aprox.~| 10,20 €/kg~10.2~/ud.~Pizzas y platos preparados >~Platos preparados calientes~https://tienda.mercadona.es/product/13711/pollo-asado-hacendado-relleno-con-jamon-queso-huevo-paquete~13711~2023-03-12 09:35:31.431099
Albóndigas guisadas Hacendado~Bandeja~275 g~| 10,182 €/kg~2.8~/ud.~Pizzas y platos preparados >~Platos preparados calientes~https://tienda.mercadona.es/product/4797/albondigas-guisadas-hacendado-bandeja~4797~2023-03-12 09:35:31.984934
Costillas de cerdo a la barbacoa cortadas Hacendado~Bote~500 g aprox.~| 10,70 €/kg~5.35~/ud.~Pizzas y platos preparados >~Platos preparados calientes~https://tienda.mercadona.es/product/80884/costillas-cerdo-barbacoa-cortadas-hacendado-bote~80884~2023-03-12 09:35:32.530713
Pies de cerdo asados Noel~Paquete~900 g aprox.~| 5,85 €/kg~5.27~/ud.~Pizzas y platos preparados >~Platos preparados calientes~https://tienda.mercadona.es/product/4001/pies-cerdo-asados-noel-paquete~4001~2023-03-12 09:35:33.149051
Migas Hacendado~Bandeja~220 g~| 8,637 €/kg~1.9~/ud.~Pizzas y platos preparados >~Platos preparados calientes~https://tienda.mercadona.es/product/23289/migas-hacendado-bandeja~23289~2023-03-12 09:35:33.703964
Bacalao estilo pil pil~Bandeja~230 g~| 16,305 €/kg~3.75~/ud.~Marisco y pescado >~Pescado en bandeja~https://tienda.mercadona.es/product/82975/bacalao-estilo-pil-pil-bandeja~82975~2023-03-12 09:35:34.296638
Salmón al curry Hacendado~Bandeja~325 g~| 16,924 €/kg~5.5~/ud.~Marisco y pescado >~Pescado en bandeja~https://tienda.mercadona.es/product/82961/salmon-curry-hacendado-bandeja~82961~2023-03-12 09:35:34.865319
Salmón al curry con arroz~Bandeja~275 g~| 12,728 €/kg~3.5~/ud.~Marisco y pescado >~Pescado en bandeja~https://tienda.mercadona.es/product/83346/salmon-curry-con-arroz-bandeja~83346~2023-03-12 09:35:35.441650
Tortilla de patata y cebolla Hacendado con aceite de oliva~Bandeja~600 g~| 4,334 €/kg~2.6~/ud.~Pizzas y platos preparados >~Platos preparados calientes~https://tienda.mercadona.es/product/80895/tortilla-patata-cebolla-hacendado-con-aceite-oliva-bandeja~80895~2023-03-12 09:35:35.951421
Tortilla de patata Hacendado~Bandeja~600 g~| 4,334 €/kg~2.6~/ud.~Pizzas y platos preparados >~Platos preparados calientes~https://tienda.mercadona.es/product/80771/tortilla-patata-hacendado-bandeja~80771~2023-03-12 09:35:36.457748
Tortilla de patata con chorizo Hacendado con aceite de oliva~Bandeja~600 g~| 5,334 €/kg~3.2~/ud.~Pizzas y platos preparados >~Platos preparados calientes~https://tienda.mercadona.es/product/80773/tortilla-patata-con-chorizo-hacendado-con-aceite-oliva-bandeja~80773~2023-03-12 09:35:37.013513
Fideos orientales Yakisoba classic Gallina Blanca~Vaso~93 g~| 20,968 €/kg~1.95~/ud.~Arroz, legumbres y pasta >~Pasta y fideos~https://tienda.mercadona.es/product/8648/fideos-orientales-yakisoba-classic-gallina-blanca-vaso~8648~2023-03-12 09:35:37.592518
Fideos orientales Yatekomo sabor pollo Gallina Blanca~3 vasos x 60 g~| 21,945 €/kg~Not available~3.95~/pack~Arroz, legumbres y pasta >~Pasta y fideos~https://tienda.mercadona.es/product/8645/fideos-orientales-yatekomo-sabor-pollo-gallina-blanca-pack-3~8645~2023-03-12 09:35:38.153668
Fideos orientales Yatekomo sabor pollo Gallina Blanca~Vaso~60 g~| 25,834 €/kg~1.55~/ud.~Arroz, legumbres y pasta >~Pasta y fideos~https://tienda.mercadona.es/product/8618/fideos-orientales-yatekomo-sabor-pollo-gallina-blanca-vaso~8618~2023-03-12 09:35:38.745502
Fideos orientales Yakisoba sabor pollo Gallina Blanca~Vaso~93 g~| 20,968 €/kg~1.95~/ud.~Arroz, legumbres y pasta >~Pasta y fideos~https://tienda.mercadona.es/product/8647/fideos-orientales-yakisoba-sabor-pollo-gallina-blanca-vaso~8647~2023-03-12 09:35:39.317922
Fideos orientales Yakisoba sabor soja Hacendado~Vaso~80 g~| 16,25 €/kg~1.3~/ud.~Arroz, legumbres y pasta >~Pasta y fideos~https://tienda.mercadona.es/product/8727/fideos-orientales-yakisoba-sabor-soja-hacendado-vaso~8727~2023-03-12 09:35:39.903201
Fideos orientales Yakisoba sabor curry Hacendado~Vaso~80 g~| 16,25 €/kg~1.3~/ud.~Arroz, legumbres y pasta >~Pasta y fideos~https://tienda.mercadona.es/product/8729/fideos-orientales-yakisoba-sabor-curry-hacendado-vaso~8729~2023-03-12 09:35:40.472658
Pasta oriental sabor pollo Maggi~Paquete~71 g~| 12,677 €/kg~0.9~/ud.~Arroz, legumbres y pasta >~Pasta y fideos~https://tienda.mercadona.es/product/86514/pasta-oriental-sabor-pollo-maggi-paquete~86514~2023-03-12 09:35:41.044808
Fideos orientales Yakisoba sabor soja Hacendado~Paquete~90 g~| 10,00 €/kg~0.9~/ud.~Arroz, legumbres y pasta >~Pasta y fideos~https://tienda.mercadona.es/product/8730/fideos-orientales-yakisoba-sabor-soja-hacendado-paquete~8730~2023-03-12 09:35:41.564170
Fideos orientales sabor pollo Hacendado~Vaso~65 g~| 15,385 €/kg~1.0~/ud.~Arroz, legumbres y pasta >~Pasta y fideos~https://tienda.mercadona.es/product/22453/fideos-orientales-sabor-pollo-hacendado-vaso~22453~2023-03-12 09:35:42.216854
Fideos orientales sabor picante Hacendado~Vaso~65 g~| 15,385 €/kg~1.0~/ud.~Arroz, legumbres y pasta >~Pasta y fideos~https://tienda.mercadona.es/product/22455/fideos-orientales-sabor-picante-hacendado-vaso~22455~2023-03-12 09:35:42.879327
Fideos orientales Yakisoba classic Nissin Foods~Paquete~109 g~| 8,257 €/kg~0.9~/ud.~Arroz, legumbres y pasta >~Pasta y fideos~https://tienda.mercadona.es/product/16832/fideos-orientales-yakisoba-classic-nissin-foods-paquete~16832~2023-03-12 09:35:43.489156
Noodles Yakisoba con carne y verduras~Bol~300 g~| 15,00 €/kg~4.5~/ud.~Marisco y pescado >~Sushi~https://tienda.mercadona.es/product/84981/noodles-yakisoba-con-carne-verduras-bol~84981~2023-03-12 09:35:44.067183
Callos a la madrileña Hacendado~Lata~380 g~| 6,754 €/kg~2.6~/ud.~Pizzas y platos preparados >~Platos preparados calientes~https://tienda.mercadona.es/product/67786/callos-madrilena-hacendado-lata~67786~2023-03-12 09:35:44.647065
Fabada Hacendado~Bote~420 g~| 3,215 €/kg~1.35~/ud.~Pizzas y platos preparados >~Platos preparados calientes~https://tienda.mercadona.es/product/26107/fabada-hacendado-bote~26107~2023-03-12 09:35:45.228701
Lentejas a la riojana Hacendado~Bote~420 g~| 3,215 €/kg~1.35~/ud.~Pizzas y platos preparados >~Platos preparados calientes~https://tienda.mercadona.es/product/26101/lentejas-riojana-hacendado-bote~26101~2023-03-12 09:35:45.799748
Lentejas a la jardinera Hacendado~Bote~420 g~| 2,739 €/kg~1.15~/ud.~Pizzas y platos preparados >~Platos preparados calientes~https://tienda.mercadona.es/product/26116/lentejas-jardinera-hacendado-bote~26116~2023-03-12 09:35:46.372552
Fabada asturiana Litoral~Bote~420 g~| 5,953 €/kg~2.5~/ud.~Pizzas y platos preparados >~Platos preparados calientes~https://tienda.mercadona.es/product/22726/fabada-asturiana-litoral-bote~22726~2023-03-12 09:35:46.945425
Albóndigas en salsa Hacendado~Bote~420 g~| 4,048 €/kg~1.7~/ud.~Pizzas y platos preparados >~Platos preparados calientes~https://tienda.mercadona.es/product/23138/albondigas-salsa-hacendado-bote~23138~2023-03-12 09:35:47.533933
Alubias a la jardinera Hacendado~Bote~420 g~| 2,739 €/kg~1.15~/ud.~Pizzas y platos preparados >~Platos preparados calientes~https://tienda.mercadona.es/product/26114/alubias-jardinera-hacendado-bote~26114~2023-03-12 09:35:48.109139
Garbanzos a la riojana Hacendado~Bote~420 g~| 3,215 €/kg~1.35~/ud.~Pizzas y platos preparados >~Platos preparados calientes~https://tienda.mercadona.es/product/26174/garbanzos-riojana-hacendado-bote~26174~2023-03-12 09:35:48.723282
Garbanzos a la jardinera Hacendado~Bote~420 g~| 2,739 €/kg~1.15~/ud.~Pizzas y platos preparados >~Platos preparados calientes~https://tienda.mercadona.es/product/26110/garbanzos-jardinera-hacendado-bote~26110~2023-03-12 09:35:49.408324
Cocido madrileño Hacendado~Bote~420 g~| 4,286 €/kg~1.8~/ud.~Pizzas y platos preparados >~Platos preparados calientes~https://tienda.mercadona.es/product/26103/cocido-madrileno-hacendado-bote~26103~2023-03-12 09:35:50.062058
Albóndigas de pollo Hacendado~Bote~420 g~| 4,048 €/kg~1.7~/ud.~Pizzas y platos preparados >~Platos preparados calientes~https://tienda.mercadona.es/product/23139/albondigas-pollo-hacendado-bote~23139~2023-03-12 09:35:50.735390
Alubias con tomate Heinz~Bote~415 g~| 4,217 €/kg~1.75~/ud.~Pizzas y platos preparados >~Platos preparados calientes~https://tienda.mercadona.es/product/26138/alubias-con-tomate-heinz-bote~26138~2023-03-12 09:35:51.442916
Hamburguesa de ternera con bacon y queso Hacendado~Caja~220 g~| 12,273 €/kg~2.7~/ud.~Pizzas y platos preparados >~Platos preparados calientes~https://tienda.mercadona.es/product/22165/hamburguesa-ternera-con-bacon-queso-hacendado-caja~22165~2023-03-12 09:35:52.086394
Patatas bravas con allioli y salsa picante Hacendado~Bandeja~490 g~| 5,103 €/kg~2.5~/ud.~Pizzas y platos preparados >~Platos preparados calientes~https://tienda.mercadona.es/product/80707/patatas-bravas-con-allioli-salsa-picante-hacendado-bandeja~80707~2023-03-12 09:35:52.752040
Hamburguesas vegetales Hacendado con berenjenas~Paquete~2 ud. (200 g)~| 12,50 €/kg~2.5~/ud.~Pizzas y platos preparados >~Platos preparados calientes~https://tienda.mercadona.es/product/86510/hamburguesas-vegetales-hacendado-con-berenjenas-paquete~86510~2023-03-12 09:35:53.405191
Mini hamburguesas vegetales Hacendado con espinacas y zanahoria~Paquete~4 ud. (200 g)~| 12,50 €/kg~2.5~/ud.~Pizzas y platos preparados >~Platos preparados calientes~https://tienda.mercadona.es/product/86511/mini-hamburguesas-vegetales-hacendado-con-espinacas-zanahoria-paquete~86511~2023-03-12 09:35:54.058939
Seitán Hacendado~Paquete~250 g~| 11,20 €/kg~2.8~/ud.~Pizzas y platos preparados >~Platos preparados calientes~https://tienda.mercadona.es/product/86527/seitan-hacendado-paquete~86527~2023-03-12 09:35:54.717496
Empanados vegetales con proteina de soja Tivall~Bandeja~2 ud. (180 g)~| 16,667 €/kg~3.0~/ud.~Pizzas y platos preparados >~Platos preparados calientes~https://tienda.mercadona.es/product/23249/empanados-vegetales-con-proteina-soja-tivall-bandeja~23249~2023-03-12 09:35:55.407156
Bocados vegetales marinados Hacendado~Bandeja~180 g~| 17,50 €/kg~3.15~/ud.~Pizzas y platos preparados >~Platos preparados calientes~https://tienda.mercadona.es/product/67771/bocados-vegetales-marinados-hacendado-bandeja~67771~2023-03-12 09:35:56.054249
Papas locas Hacendado patatas fritas con carne mechada, jamón y queso~Bandeja~390 g~| 10,00 €/kg~3.9~/ud.~Pizzas y platos preparados >~Platos preparados calientes~https://tienda.mercadona.es/product/22540/papas-locas-hacendado-patatas-fritas-con-carne-mechada-jamon-queso-bandeja~22540~2023-03-12 09:35:56.723928
Caracoles en caldo Hacendado~Tarrina~500 g~| 7,00 €/kg~3.5~/ud.~Marisco y pescado >~Pescado en bandeja~https://tienda.mercadona.es/product/82619/caracoles-caldo-hacendado-tarrina~82619~2023-03-12 09:35:57.382068
Gazpacho tradicional Hacendado~3 mini bricks x 330 ml~| 2,172 €/L~Not available~2.15~/pack~Conservas, caldos y cremas >~Gazpacho y cremas~https://tienda.mercadona.es/product/39934/gazpacho-tradicional-hacendado-pack-3~39934~2023-03-12 09:36:40.957858
Gazpacho tradicional Hacendado~Botella~1 L~| 1,70 €/L~1.7~/ud.~Conservas, caldos y cremas >~Gazpacho y cremas~https://tienda.mercadona.es/product/15604/gazpacho-tradicional-hacendado-botella~15604~2023-03-12 09:36:41.591495
Salmorejo al estilo cordobés Hacendado~3 mini bricks x 330 ml~| 2,526 €/L~Not available~2.5~/pack~Conservas, caldos y cremas >~Gazpacho y cremas~https://tienda.mercadona.es/product/39903/salmorejo-estilo-cordobes-hacendado-pack-3~39903~2023-03-12 09:36:42.103142
Salmorejo al estilo cordobés Hacendado~Brick~1 L~| 2,15 €/L~2.15~/ud.~Conservas, caldos y cremas >~Gazpacho y cremas~https://tienda.mercadona.es/product/39902/salmorejo-estilo-cordobes-hacendado-brick~39902~2023-03-12 09:36:42.607924
Gazpacho fresco Hacendado~Botella~1 L~| 2,85 €/L~2.85~/ud.~Conservas, caldos y cremas >~Gazpacho y cremas~https://tienda.mercadona.es/product/39900/gazpacho-fresco-hacendado-botella~39900~2023-03-12 09:36:43.117381
Gazpacho fresco Hacendado~Botella~330 ml~| 3,182 €/L~1.05~/ud.~Conservas, caldos y cremas >~Gazpacho y cremas~https://tienda.mercadona.es/product/39965/gazpacho-fresco-hacendado-botella~39965~2023-03-12 09:36:43.640349
Salmorejo fresco Hacendado~Botella~1 L~| 3,15 €/L~3.15~/ud.~Conservas, caldos y cremas >~Gazpacho y cremas~https://tienda.mercadona.es/product/39901/salmorejo-fresco-hacendado-botella~39901~2023-03-12 09:36:44.148207
Salmorejo fresco Hacendado~Botella~330 ml~| 3,485 €/L~1.15~/ud.~Conservas, caldos y cremas >~Gazpacho y cremas~https://tienda.mercadona.es/product/39966/salmorejo-fresco-hacendado-botella~39966~2023-03-12 09:36:44.672970
Ensaladilla de cangrejo Hacendado~Tarrina~250 g~| 7,20 €/kg~1.8~/ud.~Pizzas y platos preparados >~Platos preparados fríos~https://tienda.mercadona.es/product/80782/ensaladilla-cangrejo-hacendado-tarrina~80782~2023-03-12 09:36:45.169106
Ensaladilla rusa Hacendado~Tarrina~500 g~| 6,00 €/kg~3.0~/ud.~Pizzas y platos preparados >~Platos preparados fríos~https://tienda.mercadona.es/product/80795/ensaladilla-rusa-hacendado-tarrina~80795~2023-03-12 09:36:45.680534
Ensaladilla rusa Hacendado~Tarrina~250 g~| 7,20 €/kg~1.8~/ud.~Pizzas y platos preparados >~Platos preparados fríos~https://tienda.mercadona.es/product/80784/ensaladilla-rusa-hacendado-tarrina~80784~2023-03-12 09:36:46.211846
Ensaladilla americana Hacendado~Tarrina~250 g~| 6,00 €/kg~1.5~/ud.~Pizzas y platos preparados >~Platos preparados fríos~https://tienda.mercadona.es/product/80781/ensaladilla-americana-hacendado-tarrina~80781~2023-03-12 09:36:46.707104
Patatas con allioli Hacendado~Tarrina~250 g~| 6,80 €/kg~1.7~/ud.~Pizzas y platos preparados >~Platos preparados fríos~https://tienda.mercadona.es/product/67798/patatas-con-allioli-hacendado-tarrina~67798~2023-03-12 09:36:47.211863
Untapán de cangrejo Hacendado~Tarrina~250 g~| 8,00 €/kg~2.0~/ud.~Pizzas y platos preparados >~Platos preparados fríos~https://tienda.mercadona.es/product/22770/untapan-cangrejo-hacendado-tarrina~22770~2023-03-12 09:36:47.709436
Hummus de garbanzos Hacendado receta clásica~Tarrina~240 g~| 5,00 €/kg~1.2~/ud.~Pizzas y platos preparados >~Platos preparados fríos~https://tienda.mercadona.es/product/80858/hummus-garbanzos-hacendado-receta-clasica-tarrina~80858~2023-03-12 09:36:48.245236
Hummus de garbanzos Hacendado con pimiento del piquillo asado~Tarrina~240 g~| 6,042 €/kg~1.45~/ud.~Pizzas y platos preparados >~Platos preparados fríos~https://tienda.mercadona.es/product/80862/hummus-garbanzos-hacendado-con-pimiento-piquillo-asado-tarrina~80862~2023-03-12 09:36:48.778485
Hummus de garbanzos Hacendado con olivas de kalamata~Tarrina~240 g~| 6,042 €/kg~1.45~/ud.~Pizzas y platos preparados >~Platos preparados fríos~https://tienda.mercadona.es/product/80892/hummus-garbanzos-hacendado-con-olivas-kalamata-tarrina~80892~2023-03-12 09:36:49.285569
Tofu firme Frias~Paquete~400 g (275 g escurrido)~| 7,273 €/kg~2.0~/ud.~Pizzas y platos preparados >~Platos preparados fríos~https://tienda.mercadona.es/product/51097/tofu-firme-frias-paquete~51097~2023-03-12 09:36:49.733794
Tabulé oriental Hacendado~Tarrina~250 g~| 6,00 €/kg~1.5~/ud.~Pizzas y platos preparados >~Platos preparados fríos~https://tienda.mercadona.es/product/80794/tabule-oriental-hacendado-tarrina~80794~2023-03-12 09:36:50.333238
Pastel de atún Hacendado~Bandeja~260 g~| 11,539 €/kg~3.0~/ud.~Pizzas y platos preparados >~Platos preparados fríos~https://tienda.mercadona.es/product/4798/pastel-atun-hacendado-bandeja~4798~2023-03-12 09:36:50.834873
Tsatsiki Hacendado~Tarrina~220 g~| 8,637 €/kg~1.9~/ud.~Pizzas y platos preparados >~Platos preparados fríos~https://tienda.mercadona.es/product/80980/tsatsiki-hacendado-tarrina~80980~2023-03-12 09:36:51.343920
Crema untar Tofu Hacendado~Tarrina~200 g~| 11,50 €/kg~2.3~/ud.~Pizzas y platos preparados >~Platos preparados fríos~https://tienda.mercadona.es/product/70721/crema-untar-tofu-hacendado-tarrina~70721~2023-03-12 09:36:51.830043
Poke de salmón~Bol~470 g~| 11,703 €/kg~5.5~/ud.~Fruta y verdura >~Lechuga y ensalada preparada~https://tienda.mercadona.es/product/84955/poke-salmon-bol~84955~2023-03-12 09:36:52.339602
Sándwich pollo y queso Hacendado~Paquete~185 g~| 10,541 €/kg~1.95~/ud.~Pizzas y platos preparados >~Platos preparados fríos~https://tienda.mercadona.es/product/86588/sandwich-pollo-queso-hacendado-paquete~86588~2023-03-12 09:36:52.847247
Sándwich atún, huevo y tomate Hacendado~Paquete~185 g~| 9,73 €/kg~1.8~/ud.~Pizzas y platos preparados >~Platos preparados fríos~https://tienda.mercadona.es/product/4106/sandwich-atun-huevo-tomate-hacendado-paquete~4106~2023-03-12 09:36:53.353546
Sándwiches jamón y queso Hacendado~Paquete~4 ud. (480 g)~| 5,834 €/kg~2.8~/ud.~Pizzas y platos preparados >~Platos preparados fríos~https://tienda.mercadona.es/product/59032/sandwiches-jamon-queso-hacendado-paquete~59032~2023-03-12 09:36:53.871439
Brioche Listo para Comer con jamón cocido, lechuga, huevo cocido y mayonesa~160 g~| 18,75 €/kg~Not available~3.0~/ud.~Pizzas y platos preparados >~Platos preparados fríos~https://tienda.mercadona.es/product/80361/brioche-listo-comer-con-jamon-cocido-lechuga-huevo-cocido-mayonesa~80361~2023-03-12 09:36:54.421023
Bífidus desnatado con nueces y cereales Hacendado 0% m.g.~4 ud. x 125 g~| 2,60 €/kg~Not available~1.3~/pack~Postres y yogures >~Bífidus~https://tienda.mercadona.es/product/21329/bifidus-desnatado-con-nueces-cereales-hacendado-0-mg-pack-4~21329~2023-03-12 09:38:03.813351
Bífidus desnatado probiótico con kiwi Hacendado 0% m.g. 0% sin azúcares añadidos~4 ud. x 125 g~| 2,60 €/kg~Not available~1.3~/pack~Postres y yogures >~Bífidus~https://tienda.mercadona.es/product/21318/bifidus-desnatado-probiotico-con-kiwi-hacendado-0-mg-0-sin-azucares-anadidos-pack-4~21318~2023-03-12 09:38:04.496901
Bífidus cremoso desnatado Tropical Hacendado 0% m.g. 0% sin azúcares añadidos~4 ud. x 125 g~| 2,60 €/kg~Not available~1.3~/pack~Postres y yogures >~Bífidus~https://tienda.mercadona.es/product/21319/bifidus-cremoso-desnatado-tropical-hacendado-0-mg-0-sin-azucares-anadidos-pack-4~21319~2023-03-12 09:38:04.995284
Bífidus desnatado probiótico con frutos silvestres Hacendado 0% m.g. 0% sin azúcares añadidos~4 ud. x 125 g~| 2,60 €/kg~Not available~1.3~/pack~Postres y yogures >~Bífidus~https://tienda.mercadona.es/product/21330/bifidus-desnatado-probiotico-con-frutos-silvestres-hacendado-0-mg-0-sin-azucares-anadidos-pack-4~21330~2023-03-12 09:38:05.419266
Bífidus probiótico con cereales y fibras Hacendado~4 ud. x 125 g~| 2,60 €/kg~Not available~1.3~/pack~Postres y yogures >~Bífidus~https://tienda.mercadona.es/product/21327/bifidus-probiotico-con-cereales-fibras-hacendado-pack-4~21327~2023-03-12 09:38:05.918419
Bífidus desnatado probiótico con piña Hacendado 0% m.g. 0% sin azúcares añadidos~4 ud. x 125 g~| 2,60 €/kg~Not available~1.3~/pack~Postres y yogures >~Bífidus~https://tienda.mercadona.es/product/21332/bifidus-desnatado-probiotico-con-pina-hacendado-0-mg-0-sin-azucares-anadidos-pack-4~21332~2023-03-12 09:38:06.392273
Bífidus desnatado probiótico con pera Hacendado 0% m.g. 0% sin azúcares añadidos~4 ud. x 125 g~| 2,60 €/kg~Not available~1.3~/pack~Postres y yogures >~Bífidus~https://tienda.mercadona.es/product/21331/bifidus-desnatado-probiotico-con-pera-hacendado-0-mg-0-sin-azucares-anadidos-pack-4~21331~2023-03-12 09:38:06.856392
Bífidus probiótico con mango Hacendado~4 ud. x 125 g~| 2,60 €/kg~Not available~1.3~/pack~Postres y yogures >~Bífidus~https://tienda.mercadona.es/product/21311/bifidus-probiotico-con-mango-hacendado-pack-4~21311~2023-03-12 09:38:07.328537
Bífidus probiótico con ciruelas pasas Hacendado~4 ud. x 125 g~| 2,60 €/kg~Not available~1.3~/pack~Postres y yogures >~Bífidus~https://tienda.mercadona.es/product/21312/bifidus-probiotico-con-ciruelas-pasas-hacendado~21312~2023-03-12 09:38:07.799723
Bífidus cremoso probiótico con coco Hacendado~4 ud. x 125 g~| 2,60 €/kg~Not available~1.3~/pack~Postres y yogures >~Bífidus~https://tienda.mercadona.es/product/67977/bifidus-cremoso-probiotico-con-coco-hacendado-pack-4~67977~2023-03-12 09:38:08.282921
Bífidus desnatado natural Hacendado 0% m.g 0% sin azúcares añadidos~6 ud. x 125 g~| 1,934 €/kg~Not available~1.45~/pack~Postres y yogures >~Bífidus~https://tienda.mercadona.es/product/21193/bifidus-desnatado-natural-hacendado-0-mg-0-sin-azucares-anadidos-pack-6~21193~2023-03-12 09:38:08.743624
Bífidus cremoso desnatado natural edulcorado Hacendado 0% m.g 0% sin azúcares añadidos~6 ud. x 125 g~| 2,134 €/kg~Not available~1.6~/pack~Postres y yogures >~Bífidus~https://tienda.mercadona.es/product/21377/bifidus-cremoso-desnatado-natural-edulcorado-hacendado-0-mg-0-sin-azucares-anadidos-pack-6~21377~2023-03-12 09:38:09.312138
Bífidus desnatado natural edulcorado Activia 0% m.g. Danone~8 ud. x 120 g~| 4,167 €/kg~Not available~4.0~/pack~Postres y yogures >~Bífidus~https://tienda.mercadona.es/product/23476/bifidus-desnatado-natural-edulcorado-activia-0-mg-danone-pack-8~23476~2023-03-12 09:38:09.806074
Bífidus natural Hacendado~6 ud. x 125 g~| 1,934 €/kg~Not available~1.45~/pack~Postres y yogures >~Bífidus~https://tienda.mercadona.es/product/21307/bifidus-natural-hacendado-pack-6~21307~2023-03-12 09:38:10.267385
Bífidus cremoso desnatado natural Hacendado 0% m.g 0% sin azúcares añadidos~6 ud. x 125 g~| 2,134 €/kg~Not available~1.6~/pack~Postres y yogures >~Bífidus~https://tienda.mercadona.es/product/21317/bifidus-cremoso-desnatado-natural-hacendado-0-mg-0-sin-azucares-anadidos-pack-6~21317~2023-03-12 09:38:10.736544
Bífidus desnatado natural Activia 0% m.g. Danone~8 ud. x 120 g~| 4,167 €/kg~Not available~4.0~/pack~Postres y yogures >~Bífidus~https://tienda.mercadona.es/product/23477/bifidus-desnatado-natural-activia-0-mg-danone-pack-8~23477~2023-03-12 09:38:11.208472
Bífidus natural probiótico azucarado Hacendado con cereales y fresas deshidratadas~Tarrina~170 g~| 7,059 €/kg~1.2~/ud.~Postres y yogures >~Bífidus~https://tienda.mercadona.es/product/20859/bifidus-natural-probiotico-azucarado-hacendado-con-cereales-fresas-deshidratadas-tarrina~20859~2023-03-12 09:38:11.691217
Bífidus natural probiótico Hacendado con coco, almendras y chocolate~Tarrina~180 g~| 7,223 €/kg~1.3~/ud.~Postres y yogures >~Bífidus~https://tienda.mercadona.es/product/21336/bifidus-natural-probiotico-hacendado-con-coco-almendras-chocolate-tarrina~21336~2023-03-12 09:38:12.232489
Flan de vainilla con caramelo Hacendado~6 ud. x 100 g~| 1,667 €/kg~Not available~1.0~/pack~Postres y yogures >~Flan y natillas~https://tienda.mercadona.es/product/68106/flan-vainilla-con-caramelo-hacendado-pack-6~68106~2023-03-12 09:39:13.535472
Flan de huevo Hacendado al baño María~9 ud. x 100 g~| 3,334 €/kg~Not available~3.0~/pack~Postres y yogures >~Flan y natillas~https://tienda.mercadona.es/product/68204/flan-huevo-hacendado-bano-maria-pack-9~68204~2023-03-12 09:39:14.027437
Flan de huevo Hacendado~4 ud. x 100 g~| 3,375 €/kg~Not available~1.35~/pack~Postres y yogures >~Flan y natillas~https://tienda.mercadona.es/product/68149/flan-huevo-hacendado-pack-4~68149~2023-03-12 09:39:14.469272
Flan de café Hacendado~4 ud. x 100 g~| 4,375 €/kg~Not available~1.75~/pack~Postres y yogures >~Flan y natillas~https://tienda.mercadona.es/product/67633/flan-cafe-hacendado-pack-4~67633~2023-03-12 09:39:14.906703
Flan de queso Hacendado al baño María~4 ud. x 100 g~| 5,00 €/kg~Not available~2.0~/pack~Postres y yogures >~Flan y natillas~https://tienda.mercadona.es/product/68116/flan-queso-hacendado-bano-maria-pack-4~68116~2023-03-12 09:39:15.364836
Flan de huevo sin azúcares añadidos Hacendado~4 ud. x 100 g~| 4,00 €/kg~Not available~1.6~/pack~Postres y yogures >~Flan y natillas~https://tienda.mercadona.es/product/68265/flan-huevo-sin-azucares-anadidos-hacendado-pack-4~68265~2023-03-12 09:39:15.847271
Natillas sabor vainilla Hacendado~4 ud. x 125 g~| 2,10 €/kg~Not available~1.05~/pack~Postres y yogures >~Flan y natillas~https://tienda.mercadona.es/product/68137/natillas-sabor-vainilla-hacendado-pack-4~68137~2023-03-12 09:39:16.238959
Natillas sabor vainilla con galleta Hacendado~4 ud. x 125 g~| 2,40 €/kg~Not available~1.2~/pack~Postres y yogures >~Flan y natillas~https://tienda.mercadona.es/product/68266/natillas-sabor-vainilla-con-galleta-hacendado-pack-4~68266~2023-03-12 09:39:16.722441
Natillas de chocolate con leche Hacendado~4 ud. x 125 g~| 2,10 €/kg~Not available~1.05~/pack~Postres y yogures >~Flan y natillas~https://tienda.mercadona.es/product/68138/natillas-chocolate-con-leche-hacendado-pack-4~68138~2023-03-12 09:39:17.157878
Natillas de vainilla Danet Danone~4 ud. x 120 g~| 5,00 €/kg~Not available~2.4~/pack~Postres y yogures >~Flan y natillas~https://tienda.mercadona.es/product/86245/natillas-vainilla-danet-danone-pack-4~86245~2023-03-12 09:39:17.605784
Natillas de chocolate Danet Danone~4 ud. x 120 g~| 5,00 €/kg~Not available~2.4~/pack~Postres y yogures >~Flan y natillas~https://tienda.mercadona.es/product/68243/natillas-chocolate-danet-danone-pack-4~68243~2023-03-12 09:39:18.046619
Natillas +Proteínas sabor vainilla Hacendado 12 g proteínas~4 ud. x 120 g~| 3,855 €/kg~Not available~1.85~/pack~Postres y yogures >~Flan y natillas~https://tienda.mercadona.es/product/22311/natillas-proteinas-sabor-vainilla-hacendado-12-g-proteinas-pack-4~22311~2023-03-12 09:39:18.480339
Natillas +Proteínas chocolate Hacendado 1,3 g m.g 10 g proteínas~4 ud. x 120 g~| 3,855 €/kg~Not available~1.85~/pack~Postres y yogures >~Flan y natillas~https://tienda.mercadona.es/product/21061/natillas-proteinas-chocolate-hacendado-13-g-mg-10-g-proteinas-pack-4~21061~2023-03-12 09:39:18.875907
Gelatina sabor fresa Hacendado Gellytina~6 ud. x 100 g~| 1,75 €/kg~Not available~1.05~/pack~Postres y yogures >~Gelatina y otros postres~https://tienda.mercadona.es/product/68172/gelatina-sabor-fresa-hacendado-gellytina-pack-6~68172~2023-03-12 09:40:23.940830
Gelatina 0% azúcar sabor fresa Hacendado Gellytina~6 ud. x 100 g~| 1,834 €/kg~Not available~1.1~/pack~Postres y yogures >~Gelatina y otros postres~https://tienda.mercadona.es/product/68187/gelatina-0-azucar-sabor-fresa-hacendado-gellytina-pack-6~68187~2023-03-12 09:40:24.549218
Gelatina sabores limón, multifrutas y naranja Hacendado Gellytina~6 ud. x 100 g~| 1,75 €/kg~Not available~1.05~/pack~Postres y yogures >~Gelatina y otros postres~https://tienda.mercadona.es/product/68193/gelatina-sabores-limon-multifrutas-naranja-hacendado-gellytina-pack-6~68193~2023-03-12 09:40:25.049183
Gelatina +Proteínas sabor a frutos silvestres Hacendado 0% m.g 6 g proteínas~4 ud. x 100 g~| 3,125 €/kg~Not available~1.25~/pack~Postres y yogures >~Gelatina y otros postres~https://tienda.mercadona.es/product/68274/gelatina-proteinas-sabor-frutos-silvestres-hacendado-0-mg-6-g-proteinas-pack-4~68274~2023-03-12 09:40:25.571630
Gelatina 0% azúcar sabores fresa, multifrutas y limón Hacendado Gellytina~6 ud. x 100 g~| 1,834 €/kg~Not available~1.1~/pack~Postres y yogures >~Gelatina y otros postres~https://tienda.mercadona.es/product/68275/gelatina-0-azucar-sabores-fresa-multifrutas-limon-hacendado-gellytina-pack-6~68275~2023-03-12 09:40:26.073875
Copa crema de chocolate y nata Hacendado~4 ud. x 115 g~| 3,044 €/kg~Not available~1.4~/pack~Postres y yogures >~Gelatina y otros postres~https://tienda.mercadona.es/product/20593/copa-crema-chocolate-nata-hacendado-pack-4~20593~2023-03-12 09:40:26.560054
Arroz con leche Hacendado~4 ud. x 115 g~| 2,827 €/kg~Not available~1.3~/pack~Postres y yogures >~Gelatina y otros postres~https://tienda.mercadona.es/product/68343/arroz-con-leche-hacendado-pack-4~68343~2023-03-12 09:40:27.041959
Mousse de chocolate Hacendado~4 ud. x 62,5 g~| 4,40 €/kg~Not available~1.1~/pack~Postres y yogures >~Gelatina y otros postres~https://tienda.mercadona.es/product/68350/mousse-chocolate-hacendado-pack-4~68350~2023-03-12 09:40:27.525374
Tiramisú Hacendado~2 ud. x 90 g~| 7,223 €/kg~Not available~1.3~/pack~Postres y yogures >~Gelatina y otros postres~https://tienda.mercadona.es/product/68170/tiramisu-hacendado-pack-2~68170~2023-03-12 09:40:28.006796
Yogur azucarado YogoMix Hacendado variado de copos maíz, bolitas y disquitos chocolateados~6 ud. x 150 g~| 3,667 €/kg~Not available~3.3~/pack~Postres y yogures >~Gelatina y otros postres~https://tienda.mercadona.es/product/28496/yogur-azucarado-yogomix-hacendado-variado-copos-maiz-bolitas-disquitos-chocolateados-pack-6~28496~2023-03-12 09:40:28.560345
Yogur azucarado YogoMix Bolitas Hacendado con bolitas chocolateadas~2 ud. x 150 g~| 4,00 €/kg~Not available~1.2~/pack~Postres y yogures >~Gelatina y otros postres~https://tienda.mercadona.es/product/20499/yogur-azucarado-yogomix-bolitas-hacendado-con-bolitas-chocolateadas-pack-2~20499~2023-03-12 09:40:29.074567
Panna Cotta con caramelo Hacendado~4 ud. x 100 g~| 3,125 €/kg~Not available~1.25~/pack~Postres y yogures >~Gelatina y otros postres~https://tienda.mercadona.es/product/68188/panna-cotta-con-caramelo-hacendado-pack-4~68188~2023-03-12 09:40:29.555177
Cuajada Hacendado~4 ud. x 125 g~| 2,50 €/kg~Not available~1.25~/pack~Postres y yogures >~Gelatina y otros postres~https://tienda.mercadona.es/product/68322/cuajada-hacendado-pack-4~68322~2023-03-12 09:40:30.072612
Cheesecake con arándanos Hacendado~2 ud. x 95 g~| 8,685 €/kg~Not available~1.65~/pack~Postres y yogures >~Gelatina y otros postres~https://tienda.mercadona.es/product/21219/cheesecake-con-arandanos-hacendado-pack-2~21219~2023-03-12 09:40:30.618180
Tarta de queso Hacendado~Tarrina~180 g~| 10,00 €/kg~1.8~/ud.~Postres y yogures >~Gelatina y otros postres~https://tienda.mercadona.es/product/21366/tarta-queso-hacendado-tarrina~21366~2023-03-12 09:40:31.149052
Coulant de chocolate Hacendado~2 ud. (180 g)~| 11,667 €/kg~Not available~2.1~/ud.~Postres y yogures >~Gelatina y otros postres~https://tienda.mercadona.es/product/82938/coulant-chocolate-hacendado~82938~2023-03-12 09:40:31.652489
Crema catalana Hacendado~4 ud. x 100 g~| 6,00 €/kg~Not available~2.4~/pack~Postres y yogures >~Gelatina y otros postres~https://tienda.mercadona.es/product/67634/crema-catalana-hacendado-pack-4~67634~2023-03-12 09:40:32.142015
Cuajada Danone~2 ud. x 135 g~| 5,556 €/kg~Not available~1.5~/pack~Postres y yogures >~Gelatina y otros postres~https://tienda.mercadona.es/product/68335/cuajada-danone-pack-2~68335~2023-03-12 09:40:32.620573
Arroz con leche Hacendado~Tarrina~450 g~| 3,334 €/kg~1.5~/ud.~Postres y yogures >~Gelatina y otros postres~https://tienda.mercadona.es/product/68331/arroz-con-leche-hacendado-tarrina~68331~2023-03-12 09:40:33.123707
Tocino de cielo Hacendado~2 ud. x 100 g~| 7,50 €/kg~Not available~1.5~/pack~Postres y yogures >~Gelatina y otros postres~https://tienda.mercadona.es/product/68348/tocino-cielo-hacendado-pack-2~68348~2023-03-12 09:40:33.604508
Mousse +Proteínas sabor chocolate Hacendado 20 g proteínas~Bote~200 g~| 7,25 €/kg~1.45~/ud.~Postres y yogures >~Gelatina y otros postres~https://tienda.mercadona.es/product/15802/mousse-proteinas-sabor-chocolate-hacendado-20-g-proteinas-bote~15802~2023-03-12 09:40:34.154503
Mousse +Proteínas sabor vainilla Hacendado 20 g proteínas~Bote~200 g~| 7,25 €/kg~1.45~/ud.~Postres y yogures >~Gelatina y otros postres~https://tienda.mercadona.es/product/15803/mousse-proteinas-sabor-vainilla-hacendado-20-g-proteinas-bote~15803~2023-03-12 09:40:34.648120
Natillas +Proteínas chocolate Hacendado 1,3 g m.g 10 g proteínas~4 ud. x 120 g~| 3,855 €/kg~Not available~1.85~/pack~Postres y yogures >~Flan y natillas~https://tienda.mercadona.es/product/21061/natillas-proteinas-chocolate-hacendado-13-g-mg-10-g-proteinas-pack-4~21061~2023-03-12 09:40:35.095350
Natillas +Proteínas sabor vainilla Hacendado 12 g proteínas~4 ud. x 120 g~| 3,855 €/kg~Not available~1.85~/pack~Postres y yogures >~Flan y natillas~https://tienda.mercadona.es/product/22311/natillas-proteinas-sabor-vainilla-hacendado-12-g-proteinas-pack-4~22311~2023-03-12 09:40:35.539052
Postre crema de turrón Hacendado~4 ud. x 125 g~| 4,00 €/kg~Not available~2.0~/pack~Postres y yogures >~Gelatina y otros postres~https://tienda.mercadona.es/product/15912/postre-crema-turron-hacendado-pack-4~15912~2023-03-12 09:40:36.026470
Pudding +Proteínas caramelo Hacendado 12 g proteínas~4 ud. x 120 g~| 4,063 €/kg~Not available~1.95~/pack~Postres y yogures >~Gelatina y otros postres~https://tienda.mercadona.es/product/60956/pudding-proteinas-caramelo-hacendado-12-g-proteinas-pack-4~60956~2023-03-12 09:40:36.531744
Yogur azucarado YogoMix Discos Hacendado con disquitos chocolateados~2 ud. x 150 g~| 4,00 €/kg~Not available~1.2~/pack~Postres y yogures >~Gelatina y otros postres~https://tienda.mercadona.es/product/67766/yogur-azucarado-yogomix-discos-hacendado-con-disquitos-chocolateados-pack-2~67766~2023-03-12 09:40:37.105476
Copa de chocolate y nata +Proteínas Hacendado 15 g proteínas~Bote~150 g~| 8,00 €/kg~1.2~/ud.~Postres y yogures >~Gelatina y otros postres~https://tienda.mercadona.es/product/67980/copa-chocolate-nata-proteinas-hacendado-15-g-proteinas-bote~67980~2023-03-12 09:40:37.636305
Postre de soja Hacendado sabor chocolate~4 ud. x 100 g~| 3,50 €/kg~Not available~1.4~/pack~Postres y yogures >~Postres de soja~https://tienda.mercadona.es/product/20408/postre-soja-hacendado-sabor-chocolate-pack-4~20408~2023-03-12 09:41:34.476507
Postre de soja Hacendado sabor vainilla~4 ud. x 100 g~| 3,50 €/kg~Not available~1.4~/pack~Postres y yogures >~Postres de soja~https://tienda.mercadona.es/product/13446/postre-soja-hacendado-sabor-vainilla-pack-4~13446~2023-03-12 09:41:34.970877
Postre de soja natural Alpro con coco~Bote~500 g~| 4,40 €/kg~2.2~/ud.~Postres y yogures >~Postres de soja~https://tienda.mercadona.es/product/21172/postre-soja-natural-alpro-con-coco-bote~21172~2023-03-12 09:41:35.424109
Postre de soja sabor mango Alpro sin azúcares añadidos~Bote~400 g~| 5,50 €/kg~2.2~/ud.~Postres y yogures >~Postres de soja~https://tienda.mercadona.es/product/21369/postre-soja-sabor-mango-alpro-sin-azucares-anadidos-bote~21369~2023-03-12 09:41:35.866825
Postre de soja Hacendado natural~4 ud. x 100 g~| 3,00 €/kg~Not available~1.2~/pack~Postres y yogures >~Postres de soja~https://tienda.mercadona.es/product/20200/postre-soja-hacendado-natural-pack-4~20200~2023-03-12 09:41:36.306403
Postre de coco natural Alpro~Bote~350 g~| 6,286 €/kg~2.2~/ud.~Postres y yogures >~Postres de soja~https://tienda.mercadona.es/product/22981/postre-coco-natural-alpro-bote~22981~2023-03-12 09:41:36.752802
Postre de soja Alpro Skyr Style sabor fresa high protein~Bote~400 g~| 5,50 €/kg~2.2~/ud.~Postres y yogures >~Postres de soja~https://tienda.mercadona.es/product/22980/postre-soja-alpro-skyr-style-sabor-fresa-high-protein-bote~22980~2023-03-12 09:41:37.232772
Postre de soja sabor frutos rojos con dátiles Alpro sin azúcares añadidos~Bote~400 g~| 5,50 €/kg~2.2~/ud.~Postres y yogures >~Postres de soja~https://tienda.mercadona.es/product/23478/postre-soja-sabor-frutos-rojos-con-datiles-alpro-sin-azucares-anadidos-bote~23478~2023-03-12 09:41:37.684120
Yogur natural edulcorado Hacendado 0% m.g 0% sin azúcares añadidos Linnea V~6 ud. x 125 g~| 1,467 €/kg~Not available~1.1~/pack~Postres y yogures >~Yogures desnatados~https://tienda.mercadona.es/product/20221/yogur-natural-edulcorado-hacendado-0-mg-0-sin-azucares-anadidos-linnea-v-pack-6~20221~2023-03-12 09:42:31.994289
Yogur cremoso natural edulcorado Hacendado 0% m.g 0% sin azúcares añadidos Linnea V~6 ud. x 125 g~| 2,067 €/kg~Not available~1.55~/pack~Postres y yogures >~Yogures desnatados~https://tienda.mercadona.es/product/20830/yogur-cremoso-natural-edulcorado-hacendado-0-mg-0-sin-azucares-anadidos-linnea-v-pack-6~20830~2023-03-12 09:42:32.433133
Postre lácteo +Proteínas con fresa Hacendado 0% m.g 10 g proteínas~4 ud. x 120 g~| 3,646 €/kg~Not available~1.75~/pack~Postres y yogures >~Yogures desnatados~https://tienda.mercadona.es/product/20996/postre-lacteo-proteinas-con-fresa-hacendado-0-mg-10-g-proteinas-pack-4~20996~2023-03-12 09:42:32.795318
Yogur natural Hacendado 0% m.g 0% sin azúcares~6 ud. x 125 g~| 1,467 €/kg~Not available~1.1~/pack~Postres y yogures >~Yogures desnatados~https://tienda.mercadona.es/product/20210/yogur-natural-hacendado-0-mg-0-sin-azucares-pack-6~20210~2023-03-12 09:42:33.163034
Postre lácteo +Proteínas con arándanos Hacendado 0% m.g 10 g proteínas~4 ud. x 120 g~| 3,646 €/kg~Not available~1.75~/pack~Postres y yogures >~Yogures desnatados~https://tienda.mercadona.es/product/21073/postre-lacteo-proteinas-con-arandanos-hacendado-0-mg-10-g-proteinas-pack-4~21073~2023-03-12 09:42:33.581794
Yogur con fruta Hacendado 0% m.g 0% sin azúcares añadidos 2 piña, 2 frutos silvestres, 2 fresa y 2 manzana~8 ud. x 125 g~| 2,00 €/kg~Not available~2.0~/pack~Postres y yogures >~Yogures desnatados~https://tienda.mercadona.es/product/22702/yogur-con-fruta-hacendado-0-mg-0-sin-azucares-anadidos-2-pina-2-frutos-silvestres-2-fresa-2-manzana-pack-8~22702~2023-03-12 09:42:33.967946
Yogur sabor coco Hacendado 0% m.g 0% sin azúcares añadidos~4 ud. x 125 g~| 1,90 €/kg~Not available~0.95~/pack~Postres y yogures >~Yogures desnatados~https://tienda.mercadona.es/product/21363/yogur-sabor-coco-hacendado-0-mg-0-sin-azucares-anadidos-pack-4~21363~2023-03-12 09:42:34.432876
Yogur sabor fresa Hacendado 0% m.g 0% sin azúcares añadidos~4 ud. x 125 g~| 1,90 €/kg~Not available~0.95~/pack~Postres y yogures >~Yogures desnatados~https://tienda.mercadona.es/product/21199/yogur-sabor-fresa-hacendado-0-mg-0-sin-azucares-anadidos-pack-4~21199~2023-03-12 09:42:34.907759
Yogur sabor limón Hacendado 0% m.g 0% sin azúcares añadidos~4 ud. x 125 g~| 1,90 €/kg~Not available~0.95~/pack~Postres y yogures >~Yogures desnatados~https://tienda.mercadona.es/product/21362/yogur-sabor-limon-hacendado-0-mg-0-sin-azucares-anadidos-pack-4~21362~2023-03-12 09:42:35.339369
Yogur sin lactosa natural Hacendado 0% m.g 0% sin azúcares añadidos~Not available~Not available~Not available~1.45~/pack~Not Available~Compartir~https://tienda.mercadona.es/product/20164/yogur-sin-lactosa-natural-hacendado-0-mg-0-sin-azucares-anadidos-pack-4~20164~2023-03-12 09:42:35.742551
Postre lácteo +Proteínas con puré mango y maracuya Hacendado 0% m.g 10 g proteínas~Not available~Not available~Not available~1.75~/pack~Not Available~Compartir~https://tienda.mercadona.es/product/21151/postre-lacteo-proteinas-con-pure-mango-maracuya-hacendado-0-mg-10-g-proteinas-pack-4~21151~2023-03-12 09:42:36.112562
Postre lácteo +Proteínas natural Hacendado 0% m.g 10 g proteínas~Not available~Not available~Not available~1.6~/ud.~Not Available~Compartir~https://tienda.mercadona.es/product/21256/postre-lacteo-proteinas-natural-hacendado-0-mg-10-g-proteinas-bote~21256~2023-03-12 09:42:36.564519
Postre lácteo +Proteínas natural Hacendado 0% m.g 12 g proteínas~Not available~Not available~Not available~1.6~/pack~Not Available~Compartir~https://tienda.mercadona.es/product/20908/postre-lacteo-proteinas-natural-hacendado-0-mg-12-g-proteinas-pack-4~20908~2023-03-12 09:42:36.924208
Postre lácteo +Proteínas con limón Hacendado 0% m.g 10 g proteínas~Not available~Not available~Not available~1.75~/pack~Not Available~Compartir~https://tienda.mercadona.es/product/22312/postre-lacteo-proteinas-con-limon-hacendado-0-mg-10-g-proteinas-pack-4~22312~2023-03-12 09:42:37.242018
Yogur griego natural azucarado Hacendado~Not available~Not available~Not available~1.5~/pack~Not Available~Compartir~https://tienda.mercadona.es/product/20558/yogur-griego-natural-azucarado-hacendado-pack-6~20558~2023-03-12 09:43:14.098630
Yogur griego natural Hacendado~Not available~Not available~Not available~1.45~/pack~Not Available~Compartir~https://tienda.mercadona.es/product/20559/yogur-griego-natural-hacendado-pack-6~20559~2023-03-12 09:43:14.456699
Yogur griego stracciatella Hacendado~Not available~Not available~Not available~1.9~/pack~Not Available~Compartir~https://tienda.mercadona.es/product/20571/yogur-griego-stracciatella-hacendado-pack-6~20571~2023-03-12 09:43:14.821737
Yogur griego sabor fresa Hacendado sin trozos~Not available~Not available~Not available~1.85~/pack~Not Available~Compartir~https://tienda.mercadona.es/product/20504/yogur-griego-sabor-fresa-hacendado-sin-trozos-pack-6~20504~2023-03-12 09:43:15.158459
Yogur griego natural Hacendado~Not available~Not available~Not available~2.45~/ud.~Not Available~Compartir~https://tienda.mercadona.es/product/20512/yogur-griego-natural-hacendado-bote~20512~2023-03-12 09:43:15.524772
Yogur griego con fresa Hacendado~Not available~Not available~Not available~1.7~/pack~Not Available~Compartir~https://tienda.mercadona.es/product/20531/yogur-griego-con-fresa-hacendado-pack-4~20531~2023-03-12 09:43:15.863290
Yogur griego natural Hacendado con azúcar de caña~Not available~Not available~Not available~2.45~/ud.~Not Available~Compartir~https://tienda.mercadona.es/product/20682/yogur-griego-natural-hacendado-con-azucar-cana-bote~20682~2023-03-12 09:43:16.198386
Yogur griego con mango Hacendado~Not available~Not available~Not available~1.7~/pack~Not Available~Compartir~https://tienda.mercadona.es/product/21160/yogur-griego-con-mango-hacendado-pack-4~21160~2023-03-12 09:43:16.537019
Yogur griego ligero natural Hacendado 2% m.g~Not available~Not available~Not available~2.45~/ud.~Not Available~Compartir~https://tienda.mercadona.es/product/21358/yogur-griego-ligero-natural-hacendado-2-mg-bote~21358~2023-03-12 09:43:16.869087
Yogur griego sabor limón Hacendado~Not available~Not available~Not available~1.85~/pack~Not Available~Compartir~https://tienda.mercadona.es/product/22651/yogur-griego-sabor-limon-hacendado-pack-6~22651~2023-03-12 09:43:17.201815
Yogur griego con chocolate Valor Oikos Danone~Not available~Not available~Not available~1.7~/pack~Not Available~Compartir~https://tienda.mercadona.es/product/35596/yogur-griego-con-chocolate-valor-oikos-danone-pack-2~35596~2023-03-12 09:43:17.555876
Bebida láctea de fresa y plátano Hacendado~Botella~1 kg~| 1,35 €/kg~1.35~/ud.~Postres y yogures >~Yogures líquidos~https://tienda.mercadona.es/product/20613/bebida-lactea-fresa-platano-hacendado-botella~20613~2023-03-12 09:59:47.395646
Yogur líquido desnatado de Fresa Hacendado 0% m.g 0% sin azúcares añadidos~Botella~1 kg~| 1,50 €/kg~1.5~/ud.~Postres y yogures >~Yogures líquidos~https://tienda.mercadona.es/product/15659/yogur-liquido-desnatado-fresa-hacendado-0-mg-0-sin-azucares-anadidos-botella~15659~2023-03-12 09:59:47.955298
Bebida láctea de piña y coco Hacendado~Botella~1 kg~| 1,35 €/kg~1.35~/ud.~Postres y yogures >~Yogures líquidos~https://tienda.mercadona.es/product/20629/bebida-lactea-pina-coco-hacendado-botella~20629~2023-03-12 09:59:48.489002
Bebida láctea de frutas del bosque Hacendado~Botella~1,5 kg~| 1,467 €/kg~2.2~/ud.~Postres y yogures >~Yogures líquidos~https://tienda.mercadona.es/product/20476/bebida-lactea-frutas-bosque-hacendado-botella~20476~2023-03-12 09:59:49.016047
Bebida láctea con fresa y plátano Hacendado~Botella~1,5 kg~| 1,467 €/kg~2.2~/ud.~Postres y yogures >~Yogures líquidos~https://tienda.mercadona.es/product/20108/bebida-lactea-con-fresa-platano-hacendado-botella~20108~2023-03-12 09:59:49.543741
Yogur líquido natural Hacendado con azúcar de caña~12 mini botellas x 115 g~| 1,848 €/kg~Not available~2.55~/pack~Postres y yogures >~Yogures líquidos~https://tienda.mercadona.es/product/20968/yogur-liquido-natural-hacendado-con-azucar-cana-pack-12~20968~2023-03-12 09:59:50.057349
Yogur líquido desnatado Piña y Coco Hacendado 0% m.g 0% sin azúcares añadidos~Botella~1 kg~| 1,50 €/kg~1.5~/ud.~Postres y yogures >~Yogures líquidos~https://tienda.mercadona.es/product/15660/yogur-liquido-desnatado-pina-coco-hacendado-0-mg-0-sin-azucares-anadidos-botella~15660~2023-03-12 09:59:50.565653
Yogur líquido desnatado Frutos Silvestres Hacendado 0% m.g 0% sin azúcares añadidos~Botella~1 kg~| 1,50 €/kg~1.5~/ud.~Postres y yogures >~Yogures líquidos~https://tienda.mercadona.es/product/15661/yogur-liquido-desnatado-frutos-silvestres-hacendado-0-mg-0-sin-azucares-anadidos-botella~15661~2023-03-12 09:59:51.059366
Bebida láctea natural azucarada Hacendado~Botella~1,5 kg~| 1,467 €/kg~2.2~/ud.~Postres y yogures >~Yogures líquidos~https://tienda.mercadona.es/product/20107/bebida-lactea-natural-azucarada-hacendado-botella~20107~2023-03-12 09:59:51.529877
Yogur líquido +Proteínas desnatado sabor plátano Hacendado 0% m.g 20 g proteínas~Botella~280 g~| 4,286 €/kg~1.2~/ud.~Postres y yogures >~Yogures líquidos~https://tienda.mercadona.es/product/21334/yogur-liquido-proteinas-desnatado-sabor-platano-hacendado-0-mg-20-g-proteinas-botella~21334~2023-03-12 09:59:52.094189
Yogur líquido +Proteínas desnatado sabor fresa Hacendado 0% m.g 20 g proteínas~Botella~280 g~| 4,286 €/kg~1.2~/ud.~Postres y yogures >~Yogures líquidos~https://tienda.mercadona.es/product/21333/yogur-liquido-proteinas-desnatado-sabor-fresa-hacendado-0-mg-20-g-proteinas-botella~21333~2023-03-12 09:59:52.568530
Bebida láctea +Proteínas sabor chocolate Hacendado 26 g proteínas~Brick~330 ml~| 3,94 €/L~1.3~/ud.~Postres y yogures >~Yogures líquidos~https://tienda.mercadona.es/product/10670/bebida-lactea-proteinas-sabor-chocolate-hacendado-26-g-proteinas-brick~10670~2023-03-12 09:59:53.039613
Bebida láctea +Proteínas sabor vainilla Hacendado 26 g proteínas~Brick~330 ml~| 3,94 €/L~1.3~/ud.~Postres y yogures >~Yogures líquidos~https://tienda.mercadona.es/product/16671/bebida-lactea-proteinas-sabor-vainilla-hacendado-26-g-proteinas-brick~16671~2023-03-12 09:59:53.514134
Yogur líquido +Proteínas desnatado sabor tropical Hacendado 0% m.g 20 g proteínas~Botella~280 g~| 4,286 €/kg~1.2~/ud.~Postres y yogures >~Yogures líquidos~https://tienda.mercadona.es/product/21378/yogur-liquido-proteinas-desnatado-sabor-tropical-hacendado-0-mg-20-g-proteinas-botella~21378~2023-03-12 09:59:53.983170
Bebida láctea de fresa L-casei Hacendado~12 mini botellas x 100 g~| 2,25 €/kg~Not available~2.7~/pack~Postres y yogures >~Yogures líquidos~https://tienda.mercadona.es/product/20627/bebida-lactea-fresa-l-casei-hacendado-pack-12~20627~2023-03-12 09:59:54.462087
Bebida láctea sabores L-casei 6 fresa/plátano y 6 piña/coco Hacendado~12 mini botellas x 100 g~| 2,25 €/kg~Not available~2.7~/pack~Postres y yogures >~Yogures líquidos~https://tienda.mercadona.es/product/20640/bebida-lactea-sabores-l-casei-6-fresaplatano-6-pinacoco-hacendado-pack-12~20640~2023-03-12 09:59:54.909185
Bebida láctea natural azucarada L-casei Hacendado~12 mini botellas x 100 g~| 2,25 €/kg~Not available~2.7~/pack~Postres y yogures >~Yogures líquidos~https://tienda.mercadona.es/product/22126/bebida-lactea-natural-azucarada-l-casei-hacendado-pack-12~22126~2023-03-12 09:59:55.361552
Bebida láctea de fresa Cuidacol 0% azúcares añadidos Hacendado~8 mini botellas x 100 g~| 3,375 €/kg~Not available~2.7~/pack~Postres y yogures >~Yogures líquidos~https://tienda.mercadona.es/product/22002/bebida-lactea-fresa-cuidacol-0-azucares-anadidos-hacendado-pack-8~22002~2023-03-12 09:59:55.811346
Bebida láctea de fresa L-casei 0% m.g 0% azúcares añadidos Hacendado~6 mini botellas x 100 g~| 3,334 €/kg~Not available~2.0~/pack~Postres y yogures >~Yogures líquidos~https://tienda.mercadona.es/product/20658/bebida-lactea-fresa-l-casei-0-mg-0-azucares-anadidos-hacendado-pack-6~20658~2023-03-12 09:59:56.272957
Bebida láctea natural Actimel Danone~12 mini botellas x 100 g~| 5,00 €/kg~Not available~6.0~/pack~Postres y yogures >~Yogures líquidos~https://tienda.mercadona.es/product/20738/bebida-lactea-natural-actimel-danone-pack-12~20738~2023-03-12 09:59:56.719795
Bebida láctea de fresa Danacol 0% azúcares añadidos Danone~10 mini botellas x 100 g~| 6,10 €/kg~Not available~6.1~/pack~Postres y yogures >~Yogures líquidos~https://tienda.mercadona.es/product/20941/bebida-lactea-fresa-danacol-0-azucares-anadidos-danone-pack-10~20941~2023-03-12 09:59:57.227731
Bebida láctea natural Danacol 0% azúcares añadidos Danone~10 mini botellas x 100 g~| 6,10 €/kg~Not available~6.1~/pack~Postres y yogures >~Yogures líquidos~https://tienda.mercadona.es/product/20940/bebida-lactea-natural-danacol-0-azucares-anadidos-danone-pack-10~20940~2023-03-12 09:59:57.735584
Bebida láctea natural L-casei 0% m.g 0% azúcares añadidos Hacendado~6 mini botellas x 100 g~| 3,334 €/kg~Not available~2.0~/pack~Postres y yogures >~Yogures líquidos~https://tienda.mercadona.es/product/20657/bebida-lactea-natural-l-casei-0-mg-0-azucares-anadidos-hacendado-pack-6~20657~2023-03-12 09:59:58.250407
Bebida láctea tropical Danacol 0% azúcares añadidos Danone~10 mini botellas x 100 g~| 6,10 €/kg~Not available~6.1~/pack~Postres y yogures >~Yogures líquidos~https://tienda.mercadona.es/product/20942/bebida-lactea-tropical-danacol-0-azucares-anadidos-danone-pack-10~20942~2023-03-12 09:59:58.788628
Bebida láctea natural Cuidacol 0% azúcares añadidos Hacendado~8 mini botellas x 100 g~| 3,375 €/kg~Not available~2.7~/pack~Postres y yogures >~Yogures líquidos~https://tienda.mercadona.es/product/22001/bebida-lactea-natural-cuidacol-0-azucares-anadidos-hacendado-pack-8~22001~2023-03-12 09:59:59.292044
Bebida láctea natural Actimel 0% m.g Danone~12 mini botellas x 100 g~| 5,00 €/kg~Not available~6.0~/pack~Postres y yogures >~Yogures líquidos~https://tienda.mercadona.es/product/20709/bebida-lactea-natural-actimel-0-mg-danone-pack-12~20709~2023-03-12 09:59:59.906300
Bebida láctea sabor fresa Densia 0% m.g Vitalinea~4 mini botellas x 100 g~| 5,25 €/kg~Not available~2.1~/pack~Postres y yogures >~Yogures líquidos~https://tienda.mercadona.es/product/20961/bebida-lactea-sabor-fresa-densia-0-mg-vitalinea-pack-4~20961~2023-03-12 10:00:00.577552
Bebida láctea de fresa Cuidacol 0% azúcares añadidos Hacendado~8 mini botellas x 100 g~| 3,375 €/kg~Not available~2.7~/pack~Postres y yogures >~Yogures líquidos~https://tienda.mercadona.es/product/22002/bebida-lactea-fresa-cuidacol-0-azucares-anadidos-hacendado-pack-8~22002~2023-03-12 10:00:01.055290
Bebida láctea de fresa Danacol 0% azúcares añadidos Danone~10 mini botellas x 100 g~| 6,10 €/kg~Not available~6.1~/pack~Postres y yogures >~Yogures líquidos~https://tienda.mercadona.es/product/20941/bebida-lactea-fresa-danacol-0-azucares-anadidos-danone-pack-10~20941~2023-03-12 10:00:01.522847
Bebida láctea natural Danacol 0% azúcares añadidos Danone~10 mini botellas x 100 g~| 6,10 €/kg~Not available~6.1~/pack~Postres y yogures >~Yogures líquidos~https://tienda.mercadona.es/product/20940/bebida-lactea-natural-danacol-0-azucares-anadidos-danone-pack-10~20940~2023-03-12 10:00:01.998726
Bebida láctea tropical Danacol 0% azúcares añadidos Danone~10 mini botellas x 100 g~| 6,10 €/kg~Not available~6.1~/pack~Postres y yogures >~Yogures líquidos~https://tienda.mercadona.es/product/20942/bebida-lactea-tropical-danacol-0-azucares-anadidos-danone-pack-10~20942~2023-03-12 10:00:02.461500
Bebida láctea natural Cuidacol 0% azúcares añadidos Hacendado~8 mini botellas x 100 g~| 3,375 €/kg~Not available~2.7~/pack~Postres y yogures >~Yogures líquidos~https://tienda.mercadona.es/product/22001/bebida-lactea-natural-cuidacol-0-azucares-anadidos-hacendado-pack-8~22001~2023-03-12 10:00:02.946928
Bebida láctea sabor fresa Densia 0% m.g Vitalinea~4 mini botellas x 100 g~| 5,25 €/kg~Not available~2.1~/pack~Postres y yogures >~Yogures líquidos~https://tienda.mercadona.es/product/20961/bebida-lactea-sabor-fresa-densia-0-mg-vitalinea-pack-4~20961~2023-03-12 10:00:03.424714
Bebida Kéfir de coco Hacendado~Botella~250 g~| 4,80 €/kg~1.2~/ud.~Postres y yogures >~Yogures líquidos~https://tienda.mercadona.es/product/15664/bebida-kefir-coco-hacendado-botella~15664~2023-03-12 10:00:03.896334
Kéfir bebible natural Hacendado 0% m.g~Botella~250 g~| 4,00 €/kg~1.0~/ud.~Postres y yogures >~Yogures líquidos~https://tienda.mercadona.es/product/15662/kefir-bebible-natural-hacendado-0-mg-botella~15662~2023-03-12 10:00:04.387970
Yogur natural con azúcar de caña Hacendado~6 ud. x 125 g~| 1,467 €/kg~Not available~1.1~/pack~Postres y yogures >~Yogures naturales y sabores~https://tienda.mercadona.es/product/20584/yogur-natural-con-azucar-cana-hacendado-pack-6~20584~2023-03-12 10:00:53.144652
Yogur natural azucarado La Fageda~4 ud. x 125 g~| 4,00 €/kg~Not available~2.0~/pack~Postres y yogures >~Yogures naturales y sabores~https://tienda.mercadona.es/product/20248/yogur-natural-azucarado-fageda-pack-4~20248~2023-03-12 10:00:53.639355
Yogur sin lactosa Hacendado cremoso, natural y azucarado~4 ud. x 125 g~| 3,10 €/kg~Not available~1.55~/pack~Postres y yogures >~Yogures naturales y sabores~https://tienda.mercadona.es/product/20849/yogur-sin-lactosa-hacendado-cremoso-natural-azucarado-pack-4~20849~2023-03-12 10:00:54.082933
Yogur natural Hacendado~6 ud. x 125 g~| 1,40 €/kg~Not available~1.05~/pack~Postres y yogures >~Yogures naturales y sabores~https://tienda.mercadona.es/product/22313/yogur-natural-hacendado-pack-6~22313~2023-03-12 10:00:54.464149
Yogur natural La Fageda~4 ud. x 125 g~| 4,00 €/kg~Not available~2.0~/pack~Postres y yogures >~Yogures naturales y sabores~https://tienda.mercadona.es/product/20247/yogur-natural-fageda-pack-4~20247~2023-03-12 10:00:54.862845
Yogur natural Danone~8 ud. x 120 g~| 1,98 €/kg~Not available~1.9~/pack~Postres y yogures >~Yogures naturales y sabores~https://tienda.mercadona.es/product/20260/yogur-natural-danone-pack-8~20260~2023-03-12 10:00:55.376178
Kéfir natural sabor suave~Bote~500 g~| 2,90 €/kg~1.45~/ud.~Postres y yogures >~Yogures naturales y sabores~https://tienda.mercadona.es/product/20029/kefir-natural-sabor-suave-bote~20029~2023-03-12 10:00:55.805518
Yogur natural de cabra Hacendado~4 ud. x 125 g~| 4,40 €/kg~Not available~2.2~/pack~Postres y yogures >~Yogures naturales y sabores~https://tienda.mercadona.es/product/20287/yogur-natural-cabra-hacendado-pack-4~20287~2023-03-12 10:00:56.271650
Yogur sabores Hacendado 2 fresa, 2 plátano, 2 frambuesa, 2 coco, 2 limón, 2 piña, 2 vainilla y 2 galleta~16 ud. x 125 g~| 1,35 €/kg~Not available~2.7~/pack~Postres y yogures >~Yogures naturales y sabores~https://tienda.mercadona.es/product/20001/yogur-sabores-hacendado-2-fresa-2-platano-2-frambuesa-2-coco-2-limon-2-pina-2-vainilla-2-galleta-pack-16~20001~2023-03-12 10:00:56.703735
Yogur sabor fresa Hacendado~4 ud. x 125 g~| 1,60 €/kg~Not available~0.8~/pack~Postres y yogures >~Yogures naturales y sabores~https://tienda.mercadona.es/product/20040/yogur-sabor-fresa-hacendado-pack-4~20040~2023-03-12 10:00:57.165243
Yogur sabor limón Hacendado~4 ud. x 125 g~| 1,60 €/kg~Not available~0.8~/pack~Postres y yogures >~Yogures naturales y sabores~https://tienda.mercadona.es/product/20041/yogur-sabor-limon-hacendado-pack-4~20041~2023-03-12 10:00:57.670871
Yogur sabor macedonia Hacendado~4 ud. x 125 g~| 1,60 €/kg~Not available~0.8~/pack~Postres y yogures >~Yogures naturales y sabores~https://tienda.mercadona.es/product/20033/yogur-sabor-macedonia-hacendado-pack-4~20033~2023-03-12 10:00:58.146808
Yogur sabor fresa Danone~4 ud. x 120 g~| 2,084 €/kg~Not available~1.0~/pack~Postres y yogures >~Yogures naturales y sabores~https://tienda.mercadona.es/product/20031/yogur-sabor-fresa-danone-pack-4~20031~2023-03-12 10:00:58.596125
Yogur cremoso Hacendado con frutos silvestres~Bote~500 g~| 2,40 €/kg~1.2~/ud.~Postres y yogures >~Yogures naturales y sabores~https://tienda.mercadona.es/product/20376/yogur-cremoso-hacendado-con-frutos-silvestres-bote~20376~2023-03-12 10:00:59.098737
Yogur cremoso Hacendado con melocotón y maracuya~Bote~500 g~| 2,40 €/kg~1.2~/ud.~Postres y yogures >~Yogures naturales y sabores~https://tienda.mercadona.es/product/20379/yogur-cremoso-hacendado-con-melocoton-maracuya-bote~20379~2023-03-12 10:00:59.584589
Yogur sabor macedonia Danone~4 ud. x 120 g~| 2,084 €/kg~Not available~1.0~/pack~Postres y yogures >~Yogures naturales y sabores~https://tienda.mercadona.es/product/20037/yogur-sabor-macedonia-danone-pack-4~20037~2023-03-12 10:01:00.111722
Yogur sabor coco Hacendado~4 ud. x 125 g~| 1,60 €/kg~Not available~0.8~/pack~Postres y yogures >~Yogures naturales y sabores~https://tienda.mercadona.es/product/20032/yogur-sabor-coco-hacendado-pack-4~20032~2023-03-12 10:01:00.609292
Yogur con frutas Hacendado 2 con melocotón, 2 con fresas, 2 con pera y 2 con frutos silvestres~8 ud. x 125 g~| 2,10 €/kg~Not available~2.1~/pack~Postres y yogures >~Yogures naturales y sabores~https://tienda.mercadona.es/product/60955/yogur-con-frutas-hacendado-2-con-melocoton-2-con-fresas-2-con-pera-2-con-frutos-silvestres-pack-8~60955~2023-03-12 10:01:01.088128
Yogur sabor limón Danone~4 ud. x 120 g~| 2,084 €/kg~Not available~1.0~/pack~Postres y yogures >~Yogures naturales y sabores~https://tienda.mercadona.es/product/20042/yogur-sabor-limon-danone-pack-4~20042~2023-03-12 10:01:01.696897
Yogur sabor coco Danone~4 ud. x 120 g~| 2,084 €/kg~Not available~1.0~/pack~Postres y yogures >~Yogures naturales y sabores~https://tienda.mercadona.es/product/20057/yogur-sabor-coco-danone-pack-4~20057~2023-03-12 10:01:02.174027
Yogur sabor plátano Hacendado~4 ud. x 125 g~| 1,60 €/kg~Not available~0.8~/pack~Postres y yogures >~Yogures naturales y sabores~https://tienda.mercadona.es/product/21198/yogur-sabor-platano-hacendado-pack-4~21198~2023-03-12 10:01:02.660247
Yogur sin lactosa sabor fresa Hacendado~4 ud. x 125 g~| 3,10 €/kg~Not available~1.55~/pack~Postres y yogures >~Yogures naturales y sabores~https://tienda.mercadona.es/product/22799/yogur-sin-lactosa-sabor-fresa-hacendado-pack-4~22799~2023-03-12 10:01:03.134497
Danonino sabor fresa Danone~6 ud. x 50 g~| 4,80 €/kg~Not available~1.44~/pack~Postres y yogures >~Yogures y postres infantiles~https://tienda.mercadona.es/product/68124/danonino-sabor-fresa-danone-pack-6~68124~2023-03-12 10:01:55.547492
Danonino sabor fresa y plátano Danone~6 ud. x 50 g~| 4,80 €/kg~Not available~1.44~/pack~Postres y yogures >~Yogures y postres infantiles~https://tienda.mercadona.es/product/68125/danonino-sabor-fresa-platano-danone-pack-6~68125~2023-03-12 10:01:56.088608
Petit sabores Hacendado~12 ud. x 60 g~| 1,806 €/kg~Not available~1.3~/pack~Postres y yogures >~Yogures y postres infantiles~https://tienda.mercadona.es/product/20536/petit-sabores-hacendado-pack-12~20536~2023-03-12 10:01:56.505322
Petit Nesquik Nestlé~6 ud. x 60 g~| 4,445 €/kg~Not available~1.6~/pack~Postres y yogures >~Yogures y postres infantiles~https://tienda.mercadona.es/product/68029/petit-nesquik-nestle-pack-6~68029~2023-03-12 10:01:56.941331
Yogur líquido infantil de fresa y plátano Go-Lácteo +8 meses Hacendado~Caja~4 ud. (360 g)~| 7,639 €/kg~2.75~/ud.~Bebé >~Alimentación infantil~https://tienda.mercadona.es/product/9426/yogur-liquido-infantil-fresa-platano-go-lacteo-8-meses-hacendado-caja~9426~2023-03-12 10:01:57.393342
Yogur líquido infantil de pera Go-Lácteo +6 meses Hacendado~Caja~4 ud. (360 g)~| 7,639 €/kg~2.75~/ud.~Bebé >~Alimentación infantil~https://tienda.mercadona.es/product/9427/yogur-liquido-infantil-pera-go-lacteo-6-meses-hacendado-caja~9427~2023-03-12 10:01:57.847391
Yogur líquido infantil con cereales y miel Go-Lácteo +8 meses Hacendado~Caja~4 ud. (360 g)~| 7,639 €/kg~2.75~/ud.~Bebé >~Alimentación infantil~https://tienda.mercadona.es/product/9456/yogur-liquido-infantil-con-cereales-miel-go-lacteo-8-meses-hacendado-caja~9456~2023-03-12 10:01:58.289217
Yogur líquido infantil natural Go-Lácteo +6 meses Hacendado~Caja~4 ud. (360 g)~| 7,639 €/kg~2.75~/ud.~Bebé >~Alimentación infantil~https://tienda.mercadona.es/product/9425/yogur-liquido-infantil-natural-go-lacteo-6-meses-hacendado-caja~9425~2023-03-12 10:01:58.747517
Postre lácteo infantil de fresa Yogolino +8 meses Nestlé~4 ud. x 100 g~| 7,375 €/kg~Not available~2.95~/pack~Bebé >~Alimentación infantil~https://tienda.mercadona.es/product/9192/postre-lacteo-infantil-fresa-yogolino-8-meses-nestle-pack-4~9192~2023-03-12 10:01:59.280715
Postre lácteo infantil de plátano Yogolino +6 meses Nestlé~4 ud. x 100 g~| 7,375 €/kg~Not available~2.95~/pack~Bebé >~Alimentación infantil~https://tienda.mercadona.es/product/9193/postre-lacteo-infantil-platano-yogolino-6-meses-nestle-pack-4~9193~2023-03-12 10:01:59.704097
Postre lácteo infantil de natillas Yogolino +6 meses~4 ud. x 100 g~| 8,625 €/kg~Not available~3.45~/pack~Bebé >~Alimentación infantil~https://tienda.mercadona.es/product/35403/postre-lacteo-infantil-natillas-yogolino-6-meses-pack-4~35403~2023-03-12 10:02:00.175661
Fruta + leche tropical Hacendado~Brick~1 L~| 1,00 €/L~1.0~/ud.~Zumos >~Fruta variada~https://tienda.mercadona.es/product/10231/fruta-leche-tropical-hacendado-brick~10231~2023-03-12 10:02:56.018526
Fruta + leche tropical Hacendado~3 mini bricks x 330 ml~| 1,011 €/L~Not available~1.0~/pack~Zumos >~Fruta variada~https://tienda.mercadona.es/product/10190/fruta-leche-tropical-hacendado-pack-3~10190~2023-03-12 10:02:56.610875
Fruta + leche tropical Hacendado~6 mini bricks x 200 ml~| 1,042 €/L~Not available~1.25~/pack~Zumos >~Fruta variada~https://tienda.mercadona.es/product/10152/fruta-leche-tropical-hacendado-pack-6~10152~2023-03-12 10:02:57.041645
Fruta + leche Mediterráneo Hacendado~Brick~1 L~| 1,00 €/L~1.0~/ud.~Zumos >~Fruta variada~https://tienda.mercadona.es/product/10226/fruta-leche-mediterraneo-hacendado-brick~10226~2023-03-12 10:02:57.526357
Fruta + leche Mediterráneo Hacendado~3 mini bricks x 330 ml~| 1,011 €/L~Not available~1.0~/pack~Zumos >~Fruta variada~https://tienda.mercadona.es/product/10219/fruta-leche-mediterraneo-hacendado-pack-3~10219~2023-03-12 10:02:58.045988
Fruta + leche Mediterráneo Hacendado~6 mini bricks x 200 ml~| 1,042 €/L~Not available~1.25~/pack~Zumos >~Fruta variada~https://tienda.mercadona.es/product/10093/fruta-leche-mediterraneo-hacendado-pack-6~10093~2023-03-12 10:02:58.473380
Fruta + leche Caribe Hacendado~6 mini bricks x 200 ml~| 1,042 €/L~Not available~1.25~/pack~Zumos >~Fruta variada~https://tienda.mercadona.es/product/10151/fruta-leche-caribe-hacendado-pack-6~10151~2023-03-12 10:02:58.907034
Fruta + leche tropical Bifrutas Pascual~6 mini bricks x 200 ml~| 2,075 €/L~Not available~2.49~/pack~Zumos >~Fruta variada~https://tienda.mercadona.es/product/10126/fruta-leche-tropical-bifrutas-pascual-pack-6~10126~2023-03-12 10:02:59.374136
Fruta + leche tropical Bifrutas Pascual~3 mini bricks x 330 ml~| 2,516 €/L~Not available~2.49~/pack~Zumos >~Fruta variada~https://tienda.mercadona.es/product/10362/fruta-leche-tropical-bifrutas-pascual-pack-3~10362~2023-03-12 10:02:59.981148
Fruta + leche Caribe Don Simón zero materia grasa~6 mini bricks x 200 ml~| 1,375 €/L~Not available~1.65~/pack~Zumos >~Fruta variada~https://tienda.mercadona.es/product/10106/fruta-leche-caribe-don-simon-zero-materia-grasa-pack-6~10106~2023-03-12 10:03:00.466446
Fruta + leche melón y sandía Hacendado~Brick~1 L~| 1,20 €/L~1.2~/ud.~Zumos >~Fruta variada~https://tienda.mercadona.es/product/10246/fruta-leche-melon-sandia-hacendado-brick~10246~2023-03-12 10:03:00.954716
Fruta + leche melón y sandía Hacendado~6 mini bricks x 200 ml~| 1,209 €/L~Not available~1.45~/pack~Zumos >~Fruta variada~https://tienda.mercadona.es/product/86119/fruta-leche-melon-sandia-hacendado-pack-6~86119~2023-03-12 10:03:01.437692
Bebida Bahamas Hacendado~Brick~2 L~| 0,65 €/L~1.3~/ud.~Zumos >~Fruta variada~https://tienda.mercadona.es/product/39109/bebida-bahamas-hacendado-brick~39109~2023-03-12 10:03:01.907398
Bebida tropical Hacendado sin azúcares añadidos~Brick~1 L~| 0,65 €/L~0.65~/ud.~Zumos >~Fruta variada~https://tienda.mercadona.es/product/39606/bebida-tropical-hacendado-sin-azucares-anadidos-brick~39606~2023-03-12 10:03:02.386198
Bebida de zumo de naranja, mango y zanahoria La Verja sin azúcares añadidos~Botella~1,5 L~| 1,00 €/L~1.5~/ud.~Zumos >~Fruta variada~https://tienda.mercadona.es/product/39650/bebida-zumo-naranja-mango-zanahoria-verja-sin-azucares-anadidos-botella~39650~2023-03-12 10:03:02.878361
Bebida 5 frutas Hacendado sin azúcares añadidos~6 mini bricks x 200 ml~| 1,375 €/L~Not available~1.65~/pack~Zumos >~Fruta variada~https://tienda.mercadona.es/product/39224/bebida-5-frutas-hacendado-sin-azucares-anadidos-pack-6~39224~2023-03-12 10:03:03.356873
Bebida de arándanos y frutas rojas Hacendado sin azúcares añadidos~Brick~1 L~| 1,65 €/L~1.65~/ud.~Zumos >~Fruta variada~https://tienda.mercadona.es/product/39627/bebida-arandanos-frutas-rojas-hacendado-sin-azucares-anadidos-brick~39627~2023-03-12 10:03:03.909880
Bebida de frutas rojas antioxidante Hacendado sin azúcares añadidos~Brick~1 L~| 1,65 €/L~1.65~/ud.~Zumos >~Fruta variada~https://tienda.mercadona.es/product/39640/bebida-frutas-rojas-antioxidante-hacendado-sin-azucares-anadidos-brick~39640~2023-03-12 10:03:04.423675
Bebida multivitaminas Hacendado sin azúcares añadidos~Brick~1 L~| 1,00 €/L~1.0~/ud.~Zumos >~Fruta variada~https://tienda.mercadona.es/product/39651/bebida-multivitaminas-hacendado-sin-azucares-anadidos-brick~39651~2023-03-12 10:03:04.914934
Zumo fresh maracuyá & chía Hacendado~Botella~750 ml~| 3,667 €/L~2.75~/ud.~Zumos >~Fruta variada~https://tienda.mercadona.es/product/39988/zumo-fresh-maracuya-chia-hacendado-botella~39988~2023-03-12 10:03:05.417372
Smoothie fresa Hacendado~Botella~250 ml~| 6,40 €/L~1.6~/ud.~Zumos >~Fruta variada~https://tienda.mercadona.es/product/39980/smoothie-fresa-hacendado-botella~39980~2023-03-12 10:03:05.947479
Zumo fresh jengibre & manzana Hacendado~Botella~250 ml~| 6,40 €/L~1.6~/ud.~Zumos >~Fruta variada~https://tienda.mercadona.es/product/39975/zumo-fresh-jengibre-manzana-hacendado-botella~39975~2023-03-12 10:03:06.441416
Zumo de frutas y jengibre Active Hacendado~Botella~60 ml~| 22,50 €/L~1.35~/ud.~Zumos >~Fruta variada~https://tienda.mercadona.es/product/39973/zumo-frutas-jengibre-active-hacendado-botella~39973~2023-03-12 10:03:06.918865
Zumo de melocotón y uva Hacendado~Brick~1 L~| 1,20 €/L~1.2~/ud.~Zumos >~Melocotón y piña~https://tienda.mercadona.es/product/39292/zumo-melocoton-uva-hacendado-brick~39292~2023-03-12 10:03:55.809444
Zumo de melocotón y uva Hacendado~6 mini bricks x 200 ml~| 1,334 €/L~Not available~1.6~/pack~Zumos >~Melocotón y piña~https://tienda.mercadona.es/product/39216/zumo-melocoton-uva-hacendado-pack-6~39216~2023-03-12 10:03:56.331314
Bebida de melocotón Hacendado sin azúcares añadidos~Brick~1 L~| 1,00 €/L~1.0~/ud.~Zumos >~Melocotón y piña~https://tienda.mercadona.es/product/39219/bebida-melocoton-hacendado-sin-azucares-anadidos-brick~39219~2023-03-12 10:03:56.792460
Bebida de melocotón Hacendado sin azúcares añadidos~6 mini bricks x 200 ml~| 1,25 €/L~Not available~1.5~/pack~Zumos >~Melocotón y piña~https://tienda.mercadona.es/product/39226/bebida-melocoton-hacendado-sin-azucares-anadidos-pack-6~39226~2023-03-12 10:03:57.274060
Néctar de melocotón Granini~3 mini bricks x 200 ml~| 2,65 €/L~Not available~1.59~/pack~Zumos >~Melocotón y piña~https://tienda.mercadona.es/product/39293/nectar-melocoton-granini-pack-3~39293~2023-03-12 10:03:57.706326
Zumo de piña y uva Hacendado~Brick~1 L~| 0,90 €/L~0.9~/ud.~Zumos >~Melocotón y piña~https://tienda.mercadona.es/product/39129/zumo-pina-uva-hacendado-brick~39129~2023-03-12 10:03:58.146556
Zumo de piña y uva Hacendado~6 mini bricks x 200 ml~| 1,167 €/L~Not available~1.4~/pack~Zumos >~Melocotón y piña~https://tienda.mercadona.es/product/39130/zumo-pina-uva-hacendado-pack-6~39130~2023-03-12 10:03:58.554065
Bebida de piña Hacendado sin azúcares añadidos~Brick~1 L~| 0,90 €/L~0.9~/ud.~Zumos >~Melocotón y piña~https://tienda.mercadona.es/product/39119/bebida-pina-hacendado-sin-azucares-anadidos-brick~39119~2023-03-12 10:03:59.020888
Bebida de piña Hacendado sin azúcares añadidos~6 mini bricks x 200 ml~| 1,125 €/L~Not available~1.35~/pack~Zumos >~Melocotón y piña~https://tienda.mercadona.es/product/39106/bebida-pina-hacendado-sin-azucares-anadidos-pack-6~39106~2023-03-12 10:03:59.458150
Zumo de piña Hacendado~Brick~1 L~| 1,25 €/L~1.25~/ud.~Zumos >~Melocotón y piña~https://tienda.mercadona.es/product/39191/zumo-pina-hacendado-brick~39191~2023-03-12 10:03:59.909893
Zumo de piña selección Hacendado~Brick~1 L~| 2,00 €/L~2.0~/ud.~Zumos >~Melocotón y piña~https://tienda.mercadona.es/product/39946/zumo-pina-seleccion-hacendado-brick~39946~2023-03-12 10:04:00.442682
Zumo de piña selección Hacendado~3 mini bricks x 330 ml~| 2,324 €/L~Not available~2.3~/pack~Zumos >~Melocotón y piña~https://tienda.mercadona.es/product/39910/zumo-pina-seleccion-hacendado-pack-3~39910~2023-03-12 10:04:00.919225
Néctar de piña La Verja~Botella~1,5 L~| 1,00 €/L~1.5~/ud.~Zumos >~Melocotón y piña~https://tienda.mercadona.es/product/39100/nectar-pina-verja-botella~39100~2023-03-12 10:04:01.374267
Zumo de naranja recién exprimido Hacendado~Botella~250 ml~| 6,36 €/L~1.59~/ud.~Zumos >~Naranja~https://tienda.mercadona.es/product/5250/zumo-naranja-recien-exprimido-hacendado-botella~5250~2023-03-12 10:04:57.099064
Zumo de naranja recién exprimido Hacendado~Botella~500 ml~| 5,18 €/L~2.59~/ud.~Zumos >~Naranja~https://tienda.mercadona.es/product/3363/zumo-naranja-recien-exprimido-hacendado-botella~3363~2023-03-12 10:04:57.632107
Zumo de naranja recién exprimido Hacendado~Botella~1 L~| 3,99 €/L~3.99~/ud.~Zumos >~Naranja~https://tienda.mercadona.es/product/3362/zumo-naranja-recien-exprimido-hacendado-botella~3362~2023-03-12 10:04:58.034346
Zumo pura naranja Hacendado~Brick~1 L~| 1,20 €/L~1.2~/ud.~Zumos >~Naranja~https://tienda.mercadona.es/product/39010/zumo-pura-naranja-hacendado-brick~39010~2023-03-12 10:04:58.424802
Zumo pura naranja Hacendado~6 mini bricks x 200 ml~| 1,834 €/L~Not available~2.2~/pack~Zumos >~Naranja~https://tienda.mercadona.es/product/39033/zumo-pura-naranja-hacendado-pack-6~39033~2023-03-12 10:04:58.892513
Zumo pura naranja con pulpa Hacendado~Brick~1 L~| 1,20 €/L~1.2~/ud.~Zumos >~Naranja~https://tienda.mercadona.es/product/39032/zumo-pura-naranja-con-pulpa-hacendado-brick~39032~2023-03-12 10:04:59.320516
Zumo de naranja selección Hacendado~Brick~1 L~| 1,40 €/L~1.4~/ud.~Zumos >~Naranja~https://tienda.mercadona.es/product/39919/zumo-naranja-seleccion-hacendado-brick~39919~2023-03-12 10:04:59.768213
Zumo de naranja selección Hacendado~3 mini bricks x 330 ml~| 2,021 €/L~Not available~2.0~/pack~Zumos >~Naranja~https://tienda.mercadona.es/product/39908/zumo-naranja-seleccion-hacendado-pack-3~39908~2023-03-12 10:05:00.212329
Bebida Florida Hacendado~Brick~2 L~| 0,65 €/L~1.3~/ud.~Zumos >~Naranja~https://tienda.mercadona.es/product/39127/bebida-florida-hacendado-brick~39127~2023-03-12 10:05:00.669623
Néctar de naranja Granini~Botella~1 L~| 2,69 €/L~2.69~/ud.~Zumos >~Naranja~https://tienda.mercadona.es/product/39000/nectar-naranja-granini-botella~39000~2023-03-12 10:05:01.129595
Bebida de naranja Hacendado sin azúcares añadidos~Brick~1 L~| 0,70 €/L~0.7~/ud.~Zumos >~Naranja~https://tienda.mercadona.es/product/39019/bebida-naranja-hacendado-sin-azucares-anadidos-brick~39019~2023-03-12 10:05:01.690444
Bebida de naranja Hacendado sin azúcares añadidos~6 mini bricks x 200 ml~| 1,25 €/L~Not available~1.5~/pack~Zumos >~Naranja~https://tienda.mercadona.es/product/39012/bebida-naranja-hacendado-sin-azucares-anadidos-pack-6~39012~2023-03-12 10:05:02.134294
Zumo de clementina selección Hacendado~Brick~1 L~| 1,40 €/L~1.4~/ud.~Zumos >~Naranja~https://tienda.mercadona.es/product/39924/zumo-clementina-seleccion-hacendado-brick~39924~2023-03-12 10:05:02.631076
Zumo de tomate Hacendado~Brick~1 L~| 1,05 €/L~1.05~/ud.~Zumos >~Tomate y otros sabores~https://tienda.mercadona.es/product/39394/zumo-tomate-hacendado-brick~39394~2023-03-12 10:05:42.300963
Zumo de tomate Hacendado~4 botellas x 200 ml~| 1,75 €/L~Not available~1.4~/pack~Zumos >~Tomate y otros sabores~https://tienda.mercadona.es/product/39395/zumo-tomate-hacendado-pack-4~39395~2023-03-12 10:05:42.779675
Zumo de manzana Hacendado~Brick~1 L~| 0,65 €/L~0.65~/ud.~Zumos >~Tomate y otros sabores~https://tienda.mercadona.es/product/39403/zumo-manzana-hacendado-brick~39403~2023-03-12 10:05:43.274101
Zumo de manzana Hacendado~6 mini bricks x 200 ml~| 0,934 €/L~Not available~1.12~/pack~Zumos >~Tomate y otros sabores~https://tienda.mercadona.es/product/39404/zumo-manzana-hacendado-pack-6~39404~2023-03-12 10:05:43.709133
Néctar de maracuyá Hacendado fruta de la pasión, mango, uva y manzana~Brick~1 L~| 0,81 €/L~0.81~/ud.~Zumos >~Tomate y otros sabores~https://tienda.mercadona.es/product/39643/nectar-maracuya-hacendado-fruta-pasion-mango-uva-manzana-brick~39643~2023-03-12 10:05:44.134758
Bebida de mango Hacendado sin azúcares añadidos~Brick~1 L~| 1,25 €/L~1.25~/ud.~Zumos >~Tomate y otros sabores~https://tienda.mercadona.es/product/39132/bebida-mango-hacendado-sin-azucares-anadidos-brick~39132~2023-03-12 10:05:44.574238
Bebida de pomelo Hacendado sin azúcares añadidos~Not available~Not available~Not available~1.25~/ud.~Not Available~Compartir~https://tienda.mercadona.es/product/39604/bebida-pomelo-hacendado-sin-azucares-anadidos-brick~39604~2023-03-12 10:05:44.970111
Bebida guayaba Hacendado sin azúcares añadidos~Not available~Not available~Not available~1.3~/ud.~Not Available~Compartir~https://tienda.mercadona.es/product/39659/bebida-guayaba-hacendado-sin-azucares-anadidos-brick~39659~2023-03-12 10:05:45.366446
Bebida de pera Hacendado sin azúcares añadidos~Not available~Not available~Not available~1.1~/ud.~Not Available~Compartir~https://tienda.mercadona.es/product/39628/bebida-pera-hacendado-sin-azucares-anadidos-brick~39628~2023-03-12 10:05:45.766966
Zumo de pomelo Hacendado~Not available~Not available~Not available~1.45~/ud.~Not Available~Compartir~https://tienda.mercadona.es/product/39696/zumo-pomelo-hacendado-brick~39696~2023-03-12 10:05:46.170104
Zumo de manzana selección Hacendado~Not available~Not available~Not available~1.5~/ud.~Not Available~Compartir~https://tienda.mercadona.es/product/39922/zumo-manzana-seleccion-hacendado-brick~39922~2023-03-12 10:05:46.515096
