categoria,subcategoria,descripcion,unidades,precio,marca
Despensa,Aperitivos y frutos secos,Aceitunas Negras sin Hueso Lata 150 Gr,"7,93 € / 1 Kg","1,29 €
1,19 €",CONSUM
Despensa,Aperitivos y frutos secos,Aceitunas Negras sin Hueso Lata 150 Gr,"7,93 € / 1 Kg","1,29 €
1,19 €",CONSUM
Despensa,Aperitivos y frutos secos,Aceitunas Negras sin Hueso Lata 150 Gr,"7,93 € / 1 Kg","1,29 €
1,19 €",CONSUM
Despensa,Aperitivos y frutos secos,Aceitunas Negras sin Hueso Lata 150 Gr,"7,93 € / 1 Kg","1,29 €
1,19 €",CONSUM
Despensa,Aperitivos y frutos secos,Aceitunas Negras sin Hueso Lata 150 Gr,"7,93 € / 1 Kg","1,29 €
1,19 €",CONSUM
Despensa,Aperitivos y frutos secos,Aceitunas Negras sin Hueso Lata 150 Gr,"7,93 € / 1 Kg","1,29 €
1,19 €",CONSUM
Despensa,Aperitivos y frutos secos,Aceitunas Negras sin Hueso Lata 150 Gr,"7,93 € / 1 Kg","1,29 €
1,19 €",CONSUM
Despensa,Aperitivos y frutos secos,Aceitunas Negras sin Hueso Lata 150 Gr,"7,93 € / 1 Kg","1,29 €
1,19 €",CONSUM
Despensa,Aperitivos y frutos secos,Aceitunas Negras sin Hueso Lata 150 Gr,"7,93 € / 1 Kg","1,29 €
1,19 €",CONSUM
Despensa,Aperitivos y frutos secos,Aceitunas Negras sin Hueso Lata 150 Gr,"7,93 € / 1 Kg","1,29 €
1,19 €",CONSUM
Despensa,Aperitivos y frutos secos,Aceitunas Negras sin Hueso Lata 150 Gr,"7,93 € / 1 Kg","1,29 €
1,19 €",CONSUM
Despensa,Aperitivos y frutos secos,Aceitunas Negras sin Hueso Lata 150 Gr,"7,93 € / 1 Kg","1,29 €
1,19 €",CONSUM
Despensa,Aperitivos y frutos secos,Aceitunas Negras sin Hueso Lata 150 Gr,"7,93 € / 1 Kg","1,29 €
1,19 €",CONSUM
Despensa,Aperitivos y frutos secos,Aceitunas Negras sin Hueso Lata 150 Gr,"7,93 € / 1 Kg","1,29 €
1,19 €",CONSUM
Despensa,Aperitivos y frutos secos,Aceitunas Negras sin Hueso Lata 150 Gr,"7,93 € / 1 Kg","1,29 €
1,19 €",CONSUM
Despensa,Aperitivos y frutos secos,Aceitunas Negras sin Hueso Lata 150 Gr,"7,93 € / 1 Kg","1,29 €
1,19 €",CONSUM
Despensa,Aperitivos y frutos secos,Aceitunas Negras sin Hueso Lata 150 Gr,"7,93 € / 1 Kg","1,29 €
1,19 €",CONSUM
Despensa,Aperitivos y frutos secos,Aceitunas Negras sin Hueso Lata 150 Gr,"7,93 € / 1 Kg","1,29 €
1,19 €",CONSUM
Despensa,Aperitivos y frutos secos,Aceitunas Negras sin Hueso Lata 150 Gr,"7,93 € / 1 Kg","1,29 €
1,19 €",CONSUM
Despensa,Aperitivos y frutos secos,Aceitunas Negras sin Hueso Lata 150 Gr,"7,93 € / 1 Kg","1,29 €
1,19 €",CONSUM
Despensa,Aperitivos y frutos secos,Patatas Fritas Lisas Churrería Bolsa 150 Gr,"11,67 € / 1 Kg","1,75 €",SANTA ANA
Despensa,Aperitivos y frutos secos,Patatas Fritas Lisas Churrería Bolsa 150 Gr,"11,67 € / 1 Kg","1,75 €",SANTA ANA
Despensa,Aperitivos y frutos secos,Patatas Fritas Lisas Churrería Bolsa 150 Gr,"11,67 € / 1 Kg","1,75 €",SANTA ANA
Despensa,Aperitivos y frutos secos,Patatas Fritas Lisas Churrería Bolsa 150 Gr,"11,67 € / 1 Kg","1,75 €",SANTA ANA
Despensa,Aperitivos y frutos secos,Patatas Fritas Lisas Churrería Bolsa 150 Gr,"11,67 € / 1 Kg","1,75 €",SANTA ANA
Despensa,Aperitivos y frutos secos,Patatas Fritas Lisas Churrería Bolsa 150 Gr,"11,67 € / 1 Kg","1,75 €",SANTA ANA
Despensa,Aperitivos y frutos secos,Patatas Fritas Lisas Churrería Bolsa 150 Gr,"11,67 € / 1 Kg","1,75 €",SANTA ANA
Despensa,Aperitivos y frutos secos,Patatas Fritas Lisas Churrería Bolsa 150 Gr,"11,67 € / 1 Kg","1,75 €",SANTA ANA
Despensa,Aperitivos y frutos secos,Patatas Fritas Lisas Churrería Bolsa 150 Gr,"11,67 € / 1 Kg","1,75 €",SANTA ANA
Despensa,Aperitivos y frutos secos,Patatas Fritas Lisas Churrería Bolsa 150 Gr,"11,67 € / 1 Kg","1,75 €",SANTA ANA
Despensa,Aperitivos y frutos secos,Patatas Fritas Lisas Churrería Bolsa 150 Gr,"11,67 € / 1 Kg","1,75 €",SANTA ANA
Despensa,Aperitivos y frutos secos,Patatas Fritas Lisas Churrería Bolsa 150 Gr,"11,67 € / 1 Kg","1,75 €",SANTA ANA
Despensa,Aperitivos y frutos secos,Patatas Fritas Lisas Churrería Bolsa 150 Gr,"11,67 € / 1 Kg","1,75 €",SANTA ANA
Despensa,Aperitivos y frutos secos,Patatas Fritas Lisas Churrería Bolsa 150 Gr,"11,67 € / 1 Kg","1,75 €",SANTA ANA
Despensa,Aperitivos y frutos secos,Patatas Fritas Lisas Churrería Bolsa 150 Gr,"11,67 € / 1 Kg","1,75 €",SANTA ANA
Despensa,Aperitivos y frutos secos,Patatas Fritas Lisas Churrería Bolsa 150 Gr,"11,67 € / 1 Kg","1,75 €",SANTA ANA
Despensa,Aperitivos y frutos secos,Patatas Fritas Lisas Churrería Bolsa 150 Gr,"11,67 € / 1 Kg","1,75 €",SANTA ANA
Despensa,Aperitivos y frutos secos,Patatas Fritas Lisas Churrería Bolsa 150 Gr,"11,67 € / 1 Kg","1,75 €",SANTA ANA
Despensa,Aperitivos y frutos secos,Patatas Fritas Lisas Churrería Bolsa 150 Gr,"11,67 € / 1 Kg","1,75 €",SANTA ANA
Despensa,Aperitivos y frutos secos,Patatas Fritas Lisas Churrería Bolsa 150 Gr,"11,67 € / 1 Kg","1,75 €",SANTA ANA
Despensa,Aperitivos y frutos secos,Nuez Cáscara Granel,"5,99 € / 1 Kg","5,99 €",
Despensa,Aperitivos y frutos secos,Nuez Cáscara Granel,"5,99 € / 1 Kg","5,99 €",
Despensa,Aperitivos y frutos secos,Nuez Cáscara Granel,"5,99 € / 1 Kg","5,99 €",
Despensa,Aperitivos y frutos secos,Nuez Cáscara Granel,"5,99 € / 1 Kg","5,99 €",
Despensa,Aperitivos y frutos secos,Nuez Cáscara Granel,"5,99 € / 1 Kg","5,99 €",
Despensa,Aperitivos y frutos secos,Nuez Cáscara Granel,"5,99 € / 1 Kg","5,99 €",
Despensa,Aperitivos y frutos secos,Nuez Cáscara Granel,"5,99 € / 1 Kg","5,99 €",
Despensa,Aperitivos y frutos secos,Nuez Cáscara Granel,"5,99 € / 1 Kg","5,99 €",
Despensa,Aperitivos y frutos secos,Nuez Cáscara Granel,"5,99 € / 1 Kg","5,99 €",
Despensa,Aperitivos y frutos secos,Nuez Cáscara Granel,"5,99 € / 1 Kg","5,99 €",
Despensa,Aperitivos y frutos secos,Nuez Cáscara Granel,"5,99 € / 1 Kg","5,99 €",
Despensa,Aperitivos y frutos secos,Nuez Cáscara Granel,"5,99 € / 1 Kg","5,99 €",
Despensa,Aperitivos y frutos secos,Nuez Cáscara Granel,"5,99 € / 1 Kg","5,99 €",
Despensa,Aperitivos y frutos secos,Nuez Cáscara Granel,"5,99 € / 1 Kg","5,99 €",
Despensa,Aperitivos y frutos secos,Nuez Cáscara Granel,"5,99 € / 1 Kg","5,99 €",
Despensa,Aperitivos y frutos secos,Nuez Cáscara Granel,"5,99 € / 1 Kg","5,99 €",
Despensa,Aperitivos y frutos secos,Nuez Cáscara Granel,"5,99 € / 1 Kg","5,99 €",
Despensa,Aperitivos y frutos secos,Nuez Cáscara Granel,"5,99 € / 1 Kg","5,99 €",
Despensa,Aperitivos y frutos secos,Nuez Cáscara Granel,"5,99 € / 1 Kg","5,99 €",
Despensa,Aperitivos y frutos secos,Nuez Cáscara Granel,"5,99 € / 1 Kg","5,99 €",
Despensa,Aperitivos y frutos secos,Patatas Fritas Onduladas Jamón Bolsa 170 Gr,"7,94 € / 1 Kg","1,35 €",CONSUM
Despensa,Aperitivos y frutos secos,Patatas Fritas Onduladas Jamón Bolsa 170 Gr,"7,94 € / 1 Kg","1,35 €",CONSUM
Despensa,Aperitivos y frutos secos,Patatas Fritas Onduladas Jamón Bolsa 170 Gr,"7,94 € / 1 Kg","1,35 €",CONSUM
Despensa,Aperitivos y frutos secos,Patatas Fritas Onduladas Jamón Bolsa 170 Gr,"7,94 € / 1 Kg","1,35 €",CONSUM
Despensa,Aperitivos y frutos secos,Patatas Fritas Onduladas Jamón Bolsa 170 Gr,"7,94 € / 1 Kg","1,35 €",CONSUM
Despensa,Aperitivos y frutos secos,Patatas Fritas Onduladas Jamón Bolsa 170 Gr,"7,94 € / 1 Kg","1,35 €",CONSUM
Despensa,Aperitivos y frutos secos,Patatas Fritas Onduladas Jamón Bolsa 170 Gr,"7,94 € / 1 Kg","1,35 €",CONSUM
Despensa,Aperitivos y frutos secos,Patatas Fritas Onduladas Jamón Bolsa 170 Gr,"7,94 € / 1 Kg","1,35 €",CONSUM
Despensa,Aperitivos y frutos secos,Patatas Fritas Onduladas Jamón Bolsa 170 Gr,"7,94 € / 1 Kg","1,35 €",CONSUM
Despensa,Aperitivos y frutos secos,Patatas Fritas Onduladas Jamón Bolsa 170 Gr,"7,94 € / 1 Kg","1,35 €",CONSUM
Despensa,Aperitivos y frutos secos,Patatas Fritas Onduladas Jamón Bolsa 170 Gr,"7,94 € / 1 Kg","1,35 €",CONSUM
Despensa,Aperitivos y frutos secos,Patatas Fritas Onduladas Jamón Bolsa 170 Gr,"7,94 € / 1 Kg","1,35 €",CONSUM
Despensa,Aperitivos y frutos secos,Patatas Fritas Onduladas Jamón Bolsa 170 Gr,"7,94 € / 1 Kg","1,35 €",CONSUM
Despensa,Aperitivos y frutos secos,Patatas Fritas Onduladas Jamón Bolsa 170 Gr,"7,94 € / 1 Kg","1,35 €",CONSUM
Despensa,Aperitivos y frutos secos,Patatas Fritas Onduladas Jamón Bolsa 170 Gr,"7,94 € / 1 Kg","1,35 €",CONSUM
Despensa,Aperitivos y frutos secos,Patatas Fritas Onduladas Jamón Bolsa 170 Gr,"7,94 € / 1 Kg","1,35 €",CONSUM
Despensa,Aperitivos y frutos secos,Patatas Fritas Onduladas Jamón Bolsa 170 Gr,"7,94 € / 1 Kg","1,35 €",CONSUM
Despensa,Aperitivos y frutos secos,Patatas Fritas Onduladas Jamón Bolsa 170 Gr,"7,94 € / 1 Kg","1,35 €",CONSUM
Despensa,Aperitivos y frutos secos,Patatas Fritas Onduladas Jamón Bolsa 170 Gr,"7,94 € / 1 Kg","1,35 €",CONSUM
Despensa,Aperitivos y frutos secos,Patatas Fritas Onduladas Jamón Bolsa 170 Gr,"7,94 € / 1 Kg","1,35 €",CONSUM
Despensa,Aperitivos y frutos secos,Nuez Cascara Bolsa 600 Gr,"5,42 € / 1 Kg","3,25 €",CONSUM
Despensa,Aperitivos y frutos secos,Nuez Cascara Bolsa 600 Gr,"5,42 € / 1 Kg","3,25 €",CONSUM
Despensa,Aperitivos y frutos secos,Nuez Cascara Bolsa 600 Gr,"5,42 € / 1 Kg","3,25 €",CONSUM
Despensa,Aperitivos y frutos secos,Nuez Cascara Bolsa 600 Gr,"5,42 € / 1 Kg","3,25 €",CONSUM
Despensa,Aperitivos y frutos secos,Nuez Cascara Bolsa 600 Gr,"5,42 € / 1 Kg","3,25 €",CONSUM
Despensa,Aperitivos y frutos secos,Nuez Cascara Bolsa 600 Gr,"5,42 € / 1 Kg","3,25 €",CONSUM
Despensa,Aperitivos y frutos secos,Nuez Cascara Bolsa 600 Gr,"5,42 € / 1 Kg","3,25 €",CONSUM
Despensa,Aperitivos y frutos secos,Nuez Cascara Bolsa 600 Gr,"5,42 € / 1 Kg","3,25 €",CONSUM
Despensa,Aperitivos y frutos secos,Nuez Cascara Bolsa 600 Gr,"5,42 € / 1 Kg","3,25 €",CONSUM
Despensa,Aperitivos y frutos secos,Nuez Cascara Bolsa 600 Gr,"5,42 € / 1 Kg","3,25 €",CONSUM
Despensa,Aperitivos y frutos secos,Nuez Cascara Bolsa 600 Gr,"5,42 € / 1 Kg","3,25 €",CONSUM
Despensa,Aperitivos y frutos secos,Nuez Cascara Bolsa 600 Gr,"5,42 € / 1 Kg","3,25 €",CONSUM
Despensa,Aperitivos y frutos secos,Nuez Cascara Bolsa 600 Gr,"5,42 € / 1 Kg","3,25 €",CONSUM
Despensa,Aperitivos y frutos secos,Nuez Cascara Bolsa 600 Gr,"5,42 € / 1 Kg","3,25 €",CONSUM
Despensa,Aperitivos y frutos secos,Nuez Cascara Bolsa 600 Gr,"5,42 € / 1 Kg","3,25 €",CONSUM
Despensa,Aperitivos y frutos secos,Nuez Cascara Bolsa 600 Gr,"5,42 € / 1 Kg","3,25 €",CONSUM
Despensa,Aperitivos y frutos secos,Nuez Cascara Bolsa 600 Gr,"5,42 € / 1 Kg","3,25 €",CONSUM
Despensa,Aperitivos y frutos secos,Nuez Cascara Bolsa 600 Gr,"5,42 € / 1 Kg","3,25 €",CONSUM
Despensa,Aperitivos y frutos secos,Nuez Cascara Bolsa 600 Gr,"5,42 € / 1 Kg","3,25 €",CONSUM
Despensa,Aperitivos y frutos secos,Nuez Cascara Bolsa 600 Gr,"5,42 € / 1 Kg","3,25 €",CONSUM
Despensa,Aperitivos y frutos secos,Aceitunas Manzanilla sin Hueso en Frasco 400 Gr,"6,48 € / 1 Kg","2,59 €",CONSUM
Despensa,Aperitivos y frutos secos,Aceitunas Manzanilla sin Hueso en Frasco 400 Gr,"6,48 € / 1 Kg","2,59 €",CONSUM
Despensa,Aperitivos y frutos secos,Aceitunas Manzanilla sin Hueso en Frasco 400 Gr,"6,48 € / 1 Kg","2,59 €",CONSUM
Despensa,Aperitivos y frutos secos,Aceitunas Manzanilla sin Hueso en Frasco 400 Gr,"6,48 € / 1 Kg","2,59 €",CONSUM
Despensa,Aperitivos y frutos secos,Aceitunas Manzanilla sin Hueso en Frasco 400 Gr,"6,48 € / 1 Kg","2,59 €",CONSUM
Despensa,Aperitivos y frutos secos,Aceitunas Manzanilla sin Hueso en Frasco 400 Gr,"6,48 € / 1 Kg","2,59 €",CONSUM
Despensa,Aperitivos y frutos secos,Aceitunas Manzanilla sin Hueso en Frasco 400 Gr,"6,48 € / 1 Kg","2,59 €",CONSUM
Despensa,Aperitivos y frutos secos,Aceitunas Manzanilla sin Hueso en Frasco 400 Gr,"6,48 € / 1 Kg","2,59 €",CONSUM
Despensa,Aperitivos y frutos secos,Aceitunas Manzanilla sin Hueso en Frasco 400 Gr,"6,48 € / 1 Kg","2,59 €",CONSUM
Despensa,Aperitivos y frutos secos,Aceitunas Manzanilla sin Hueso en Frasco 400 Gr,"6,48 € / 1 Kg","2,59 €",CONSUM
Despensa,Aperitivos y frutos secos,Aceitunas Manzanilla sin Hueso en Frasco 400 Gr,"6,48 € / 1 Kg","2,59 €",CONSUM
Despensa,Aperitivos y frutos secos,Aceitunas Manzanilla sin Hueso en Frasco 400 Gr,"6,48 € / 1 Kg","2,59 €",CONSUM
Despensa,Aperitivos y frutos secos,Aceitunas Manzanilla sin Hueso en Frasco 400 Gr,"6,48 € / 1 Kg","2,59 €",CONSUM
Despensa,Aperitivos y frutos secos,Aceitunas Manzanilla sin Hueso en Frasco 400 Gr,"6,48 € / 1 Kg","2,59 €",CONSUM
Despensa,Aperitivos y frutos secos,Aceitunas Manzanilla sin Hueso en Frasco 400 Gr,"6,48 € / 1 Kg","2,59 €",CONSUM
Despensa,Aperitivos y frutos secos,Aceitunas Manzanilla sin Hueso en Frasco 400 Gr,"6,48 € / 1 Kg","2,59 €",CONSUM
Despensa,Aperitivos y frutos secos,Aceitunas Manzanilla sin Hueso en Frasco 400 Gr,"6,48 € / 1 Kg","2,59 €",CONSUM
Despensa,Aperitivos y frutos secos,Aceitunas Manzanilla sin Hueso en Frasco 400 Gr,"6,48 € / 1 Kg","2,59 €",CONSUM
Despensa,Aperitivos y frutos secos,Aceitunas Manzanilla sin Hueso en Frasco 400 Gr,"6,48 € / 1 Kg","2,59 €",CONSUM
Despensa,Aperitivos y frutos secos,Aceitunas Manzanilla sin Hueso en Frasco 400 Gr,"6,48 € / 1 Kg","2,59 €",CONSUM
Despensa,Aperitivos y frutos secos,Coctel Frutos Secos Cáscara Bolsa 250 Gr,"7,00 € / 1 Kg","1,75 €",CONSUM
Despensa,Aperitivos y frutos secos,Coctel Frutos Secos Cáscara Bolsa 250 Gr,"7,00 € / 1 Kg","1,75 €",CONSUM
Despensa,Aperitivos y frutos secos,Coctel Frutos Secos Cáscara Bolsa 250 Gr,"7,00 € / 1 Kg","1,75 €",CONSUM
Despensa,Aperitivos y frutos secos,Coctel Frutos Secos Cáscara Bolsa 250 Gr,"7,00 € / 1 Kg","1,75 €",CONSUM
Despensa,Aperitivos y frutos secos,Coctel Frutos Secos Cáscara Bolsa 250 Gr,"7,00 € / 1 Kg","1,75 €",CONSUM
Despensa,Aperitivos y frutos secos,Coctel Frutos Secos Cáscara Bolsa 250 Gr,"7,00 € / 1 Kg","1,75 €",CONSUM
Despensa,Aperitivos y frutos secos,Coctel Frutos Secos Cáscara Bolsa 250 Gr,"7,00 € / 1 Kg","1,75 €",CONSUM
Despensa,Aperitivos y frutos secos,Coctel Frutos Secos Cáscara Bolsa 250 Gr,"7,00 € / 1 Kg","1,75 €",CONSUM
Despensa,Aperitivos y frutos secos,Coctel Frutos Secos Cáscara Bolsa 250 Gr,"7,00 € / 1 Kg","1,75 €",CONSUM
Despensa,Aperitivos y frutos secos,Coctel Frutos Secos Cáscara Bolsa 250 Gr,"7,00 € / 1 Kg","1,75 €",CONSUM
Despensa,Aperitivos y frutos secos,Coctel Frutos Secos Cáscara Bolsa 250 Gr,"7,00 € / 1 Kg","1,75 €",CONSUM
Despensa,Aperitivos y frutos secos,Coctel Frutos Secos Cáscara Bolsa 250 Gr,"7,00 € / 1 Kg","1,75 €",CONSUM
Despensa,Aperitivos y frutos secos,Coctel Frutos Secos Cáscara Bolsa 250 Gr,"7,00 € / 1 Kg","1,75 €",CONSUM
Despensa,Aperitivos y frutos secos,Coctel Frutos Secos Cáscara Bolsa 250 Gr,"7,00 € / 1 Kg","1,75 €",CONSUM
Despensa,Aperitivos y frutos secos,Coctel Frutos Secos Cáscara Bolsa 250 Gr,"7,00 € / 1 Kg","1,75 €",CONSUM
Despensa,Aperitivos y frutos secos,Coctel Frutos Secos Cáscara Bolsa 250 Gr,"7,00 € / 1 Kg","1,75 €",CONSUM
Despensa,Aperitivos y frutos secos,Coctel Frutos Secos Cáscara Bolsa 250 Gr,"7,00 € / 1 Kg","1,75 €",CONSUM
Despensa,Aperitivos y frutos secos,Coctel Frutos Secos Cáscara Bolsa 250 Gr,"7,00 € / 1 Kg","1,75 €",CONSUM
Despensa,Aperitivos y frutos secos,Coctel Frutos Secos Cáscara Bolsa 250 Gr,"7,00 € / 1 Kg","1,75 €",CONSUM
Despensa,Aperitivos y frutos secos,Coctel Frutos Secos Cáscara Bolsa 250 Gr,"7,00 € / 1 Kg","1,75 €",CONSUM
Despensa,Aperitivos y frutos secos,Tortilla Nachips Bolsa 185 Gr,"14,86 € / 1 Kg","2,75 €",OLD EL PASO
Despensa,Aperitivos y frutos secos,Tortilla Nachips Bolsa 185 Gr,"14,86 € / 1 Kg","2,75 €",OLD EL PASO
Despensa,Aperitivos y frutos secos,Tortilla Nachips Bolsa 185 Gr,"14,86 € / 1 Kg","2,75 €",OLD EL PASO
Despensa,Aperitivos y frutos secos,Tortilla Nachips Bolsa 185 Gr,"14,86 € / 1 Kg","2,75 €",OLD EL PASO
Despensa,Aperitivos y frutos secos,Tortilla Nachips Bolsa 185 Gr,"14,86 € / 1 Kg","2,75 €",OLD EL PASO
Despensa,Aperitivos y frutos secos,Tortilla Nachips Bolsa 185 Gr,"14,86 € / 1 Kg","2,75 €",OLD EL PASO
Despensa,Aperitivos y frutos secos,Tortilla Nachips Bolsa 185 Gr,"14,86 € / 1 Kg","2,75 €",OLD EL PASO
Despensa,Aperitivos y frutos secos,Tortilla Nachips Bolsa 185 Gr,"14,86 € / 1 Kg","2,75 €",OLD EL PASO
Despensa,Aperitivos y frutos secos,Tortilla Nachips Bolsa 185 Gr,"14,86 € / 1 Kg","2,75 €",OLD EL PASO
Despensa,Aperitivos y frutos secos,Tortilla Nachips Bolsa 185 Gr,"14,86 € / 1 Kg","2,75 €",OLD EL PASO
Despensa,Aperitivos y frutos secos,Tortilla Nachips Bolsa 185 Gr,"14,86 € / 1 Kg","2,75 €",OLD EL PASO
Despensa,Aperitivos y frutos secos,Tortilla Nachips Bolsa 185 Gr,"14,86 € / 1 Kg","2,75 €",OLD EL PASO
Despensa,Aperitivos y frutos secos,Tortilla Nachips Bolsa 185 Gr,"14,86 € / 1 Kg","2,75 €",OLD EL PASO
Despensa,Aperitivos y frutos secos,Tortilla Nachips Bolsa 185 Gr,"14,86 € / 1 Kg","2,75 €",OLD EL PASO
Despensa,Aperitivos y frutos secos,Tortilla Nachips Bolsa 185 Gr,"14,86 € / 1 Kg","2,75 €",OLD EL PASO
Despensa,Aperitivos y frutos secos,Tortilla Nachips Bolsa 185 Gr,"14,86 € / 1 Kg","2,75 €",OLD EL PASO
Despensa,Aperitivos y frutos secos,Tortilla Nachips Bolsa 185 Gr,"14,86 € / 1 Kg","2,75 €",OLD EL PASO
Despensa,Aperitivos y frutos secos,Tortilla Nachips Bolsa 185 Gr,"14,86 € / 1 Kg","2,75 €",OLD EL PASO
Despensa,Aperitivos y frutos secos,Tortilla Nachips Bolsa 185 Gr,"14,86 € / 1 Kg","2,75 €",OLD EL PASO
Despensa,Aperitivos y frutos secos,Tortilla Nachips Bolsa 185 Gr,"14,86 € / 1 Kg","2,75 €",OLD EL PASO
Despensa,Aperitivos y frutos secos,Aceituna Partida de la Abuela Antequera 550 Gr,"6,82 € / 1 Kg","3,75 €",CHICÓN
Despensa,Aperitivos y frutos secos,Aceituna Partida de la Abuela Antequera 550 Gr,"6,82 € / 1 Kg","3,75 €",CHICÓN
Despensa,Aperitivos y frutos secos,Aceituna Partida de la Abuela Antequera 550 Gr,"6,82 € / 1 Kg","3,75 €",CHICÓN
Despensa,Aperitivos y frutos secos,Aceituna Partida de la Abuela Antequera 550 Gr,"6,82 € / 1 Kg","3,75 €",CHICÓN
Despensa,Aperitivos y frutos secos,Aceituna Partida de la Abuela Antequera 550 Gr,"6,82 € / 1 Kg","3,75 €",CHICÓN
Despensa,Aperitivos y frutos secos,Aceituna Partida de la Abuela Antequera 550 Gr,"6,82 € / 1 Kg","3,75 €",CHICÓN
Despensa,Aperitivos y frutos secos,Aceituna Partida de la Abuela Antequera 550 Gr,"6,82 € / 1 Kg","3,75 €",CHICÓN
Despensa,Aperitivos y frutos secos,Aceituna Partida de la Abuela Antequera 550 Gr,"6,82 € / 1 Kg","3,75 €",CHICÓN
Despensa,Aperitivos y frutos secos,Aceituna Partida de la Abuela Antequera 550 Gr,"6,82 € / 1 Kg","3,75 €",CHICÓN
Despensa,Aperitivos y frutos secos,Aceituna Partida de la Abuela Antequera 550 Gr,"6,82 € / 1 Kg","3,75 €",CHICÓN
Despensa,Aperitivos y frutos secos,Aceituna Partida de la Abuela Antequera 550 Gr,"6,82 € / 1 Kg","3,75 €",CHICÓN
Despensa,Aperitivos y frutos secos,Aceituna Partida de la Abuela Antequera 550 Gr,"6,82 € / 1 Kg","3,75 €",CHICÓN
Despensa,Aperitivos y frutos secos,Aceituna Partida de la Abuela Antequera 550 Gr,"6,82 € / 1 Kg","3,75 €",CHICÓN
Despensa,Aperitivos y frutos secos,Aceituna Partida de la Abuela Antequera 550 Gr,"6,82 € / 1 Kg","3,75 €",CHICÓN
Despensa,Aperitivos y frutos secos,Aceituna Partida de la Abuela Antequera 550 Gr,"6,82 € / 1 Kg","3,75 €",CHICÓN
Despensa,Aperitivos y frutos secos,Aceituna Partida de la Abuela Antequera 550 Gr,"6,82 € / 1 Kg","3,75 €",CHICÓN
Despensa,Aperitivos y frutos secos,Aceituna Partida de la Abuela Antequera 550 Gr,"6,82 € / 1 Kg","3,75 €",CHICÓN
Despensa,Aperitivos y frutos secos,Aceituna Partida de la Abuela Antequera 550 Gr,"6,82 € / 1 Kg","3,75 €",CHICÓN
Despensa,Aperitivos y frutos secos,Aceituna Partida de la Abuela Antequera 550 Gr,"6,82 € / 1 Kg","3,75 €",CHICÓN
Despensa,Aperitivos y frutos secos,Aceituna Partida de la Abuela Antequera 550 Gr,"6,82 € / 1 Kg","3,75 €",CHICÓN
Despensa,Aperitivos y frutos secos,Snack Papadelta Sabor Jamón Bolsa 73 Gr,"23,15 € / 1 Kg","1,69 €",GREFUSA
Despensa,Aperitivos y frutos secos,Snack Papadelta Sabor Jamón Bolsa 73 Gr,"23,15 € / 1 Kg","1,69 €",GREFUSA
Despensa,Aperitivos y frutos secos,Snack Papadelta Sabor Jamón Bolsa 73 Gr,"23,15 € / 1 Kg","1,69 €",GREFUSA
Despensa,Aperitivos y frutos secos,Snack Papadelta Sabor Jamón Bolsa 73 Gr,"23,15 € / 1 Kg","1,69 €",GREFUSA
Despensa,Aperitivos y frutos secos,Snack Papadelta Sabor Jamón Bolsa 73 Gr,"23,15 € / 1 Kg","1,69 €",GREFUSA
Despensa,Aperitivos y frutos secos,Snack Papadelta Sabor Jamón Bolsa 73 Gr,"23,15 € / 1 Kg","1,69 €",GREFUSA
Despensa,Aperitivos y frutos secos,Snack Papadelta Sabor Jamón Bolsa 73 Gr,"23,15 € / 1 Kg","1,69 €",GREFUSA
Despensa,Aperitivos y frutos secos,Snack Papadelta Sabor Jamón Bolsa 73 Gr,"23,15 € / 1 Kg","1,69 €",GREFUSA
Despensa,Aperitivos y frutos secos,Snack Papadelta Sabor Jamón Bolsa 73 Gr,"23,15 € / 1 Kg","1,69 €",GREFUSA
Despensa,Aperitivos y frutos secos,Snack Papadelta Sabor Jamón Bolsa 73 Gr,"23,15 € / 1 Kg","1,69 €",GREFUSA
Despensa,Aperitivos y frutos secos,Snack Papadelta Sabor Jamón Bolsa 73 Gr,"23,15 € / 1 Kg","1,69 €",GREFUSA
Despensa,Aperitivos y frutos secos,Snack Papadelta Sabor Jamón Bolsa 73 Gr,"23,15 € / 1 Kg","1,69 €",GREFUSA
Despensa,Aperitivos y frutos secos,Snack Papadelta Sabor Jamón Bolsa 73 Gr,"23,15 € / 1 Kg","1,69 €",GREFUSA
Despensa,Aperitivos y frutos secos,Snack Papadelta Sabor Jamón Bolsa 73 Gr,"23,15 € / 1 Kg","1,69 €",GREFUSA
Despensa,Aperitivos y frutos secos,Snack Papadelta Sabor Jamón Bolsa 73 Gr,"23,15 € / 1 Kg","1,69 €",GREFUSA
Despensa,Aperitivos y frutos secos,Snack Papadelta Sabor Jamón Bolsa 73 Gr,"23,15 € / 1 Kg","1,69 €",GREFUSA
Despensa,Aperitivos y frutos secos,Snack Papadelta Sabor Jamón Bolsa 73 Gr,"23,15 € / 1 Kg","1,69 €",GREFUSA
Despensa,Aperitivos y frutos secos,Snack Papadelta Sabor Jamón Bolsa 73 Gr,"23,15 € / 1 Kg","1,69 €",GREFUSA
Despensa,Aperitivos y frutos secos,Snack Papadelta Sabor Jamón Bolsa 73 Gr,"23,15 € / 1 Kg","1,69 €",GREFUSA
Despensa,Aperitivos y frutos secos,Snack Papadelta Sabor Jamón Bolsa 73 Gr,"23,15 € / 1 Kg","1,69 €",GREFUSA
Despensa,Aperitivos y frutos secos,Avellana Natural Piel DoyPack 200 Gr,"13,50 € / 1 Kg","2,70 €",CONSUM
Despensa,Aperitivos y frutos secos,Avellana Natural Piel DoyPack 200 Gr,"13,50 € / 1 Kg","2,70 €",CONSUM
Despensa,Aperitivos y frutos secos,Avellana Natural Piel DoyPack 200 Gr,"13,50 € / 1 Kg","2,70 €",CONSUM
Despensa,Aperitivos y frutos secos,Avellana Natural Piel DoyPack 200 Gr,"13,50 € / 1 Kg","2,70 €",CONSUM
Despensa,Aperitivos y frutos secos,Avellana Natural Piel DoyPack 200 Gr,"13,50 € / 1 Kg","2,70 €",CONSUM
Despensa,Aperitivos y frutos secos,Avellana Natural Piel DoyPack 200 Gr,"13,50 € / 1 Kg","2,70 €",CONSUM
Despensa,Aperitivos y frutos secos,Avellana Natural Piel DoyPack 200 Gr,"13,50 € / 1 Kg","2,70 €",CONSUM
Despensa,Aperitivos y frutos secos,Avellana Natural Piel DoyPack 200 Gr,"13,50 € / 1 Kg","2,70 €",CONSUM
Despensa,Aperitivos y frutos secos,Avellana Natural Piel DoyPack 200 Gr,"13,50 € / 1 Kg","2,70 €",CONSUM
Despensa,Aperitivos y frutos secos,Avellana Natural Piel DoyPack 200 Gr,"13,50 € / 1 Kg","2,70 €",CONSUM
Despensa,Aperitivos y frutos secos,Avellana Natural Piel DoyPack 200 Gr,"13,50 € / 1 Kg","2,70 €",CONSUM
Despensa,Aperitivos y frutos secos,Avellana Natural Piel DoyPack 200 Gr,"13,50 € / 1 Kg","2,70 €",CONSUM
Despensa,Aperitivos y frutos secos,Avellana Natural Piel DoyPack 200 Gr,"13,50 € / 1 Kg","2,70 €",CONSUM
Despensa,Aperitivos y frutos secos,Avellana Natural Piel DoyPack 200 Gr,"13,50 € / 1 Kg","2,70 €",CONSUM
Despensa,Aperitivos y frutos secos,Avellana Natural Piel DoyPack 200 Gr,"13,50 € / 1 Kg","2,70 €",CONSUM
Despensa,Aperitivos y frutos secos,Avellana Natural Piel DoyPack 200 Gr,"13,50 € / 1 Kg","2,70 €",CONSUM
Despensa,Aperitivos y frutos secos,Avellana Natural Piel DoyPack 200 Gr,"13,50 € / 1 Kg","2,70 €",CONSUM
Despensa,Aperitivos y frutos secos,Avellana Natural Piel DoyPack 200 Gr,"13,50 € / 1 Kg","2,70 €",CONSUM
Despensa,Aperitivos y frutos secos,Avellana Natural Piel DoyPack 200 Gr,"13,50 € / 1 Kg","2,70 €",CONSUM
Despensa,Aperitivos y frutos secos,Avellana Natural Piel DoyPack 200 Gr,"13,50 € / 1 Kg","2,70 €",CONSUM
Despensa,Aperitivos y frutos secos,Patatas Campesinas Bolsa 150 Gr,"13,27 € / 1 Kg","1,99 €",LAY'S
Despensa,Aperitivos y frutos secos,Patatas Campesinas Bolsa 150 Gr,"13,27 € / 1 Kg","1,99 €",LAY'S
Despensa,Aperitivos y frutos secos,Patatas Campesinas Bolsa 150 Gr,"13,27 € / 1 Kg","1,99 €",LAY'S
Despensa,Aperitivos y frutos secos,Patatas Campesinas Bolsa 150 Gr,"13,27 € / 1 Kg","1,99 €",LAY'S
Despensa,Aperitivos y frutos secos,Patatas Campesinas Bolsa 150 Gr,"13,27 € / 1 Kg","1,99 €",LAY'S
Despensa,Aperitivos y frutos secos,Patatas Campesinas Bolsa 150 Gr,"13,27 € / 1 Kg","1,99 €",LAY'S
Despensa,Aperitivos y frutos secos,Patatas Campesinas Bolsa 150 Gr,"13,27 € / 1 Kg","1,99 €",LAY'S
Despensa,Aperitivos y frutos secos,Patatas Campesinas Bolsa 150 Gr,"13,27 € / 1 Kg","1,99 €",LAY'S
Despensa,Aperitivos y frutos secos,Patatas Campesinas Bolsa 150 Gr,"13,27 € / 1 Kg","1,99 €",LAY'S
Despensa,Aperitivos y frutos secos,Patatas Campesinas Bolsa 150 Gr,"13,27 € / 1 Kg","1,99 €",LAY'S
Despensa,Aperitivos y frutos secos,Patatas Campesinas Bolsa 150 Gr,"13,27 € / 1 Kg","1,99 €",LAY'S
Despensa,Aperitivos y frutos secos,Patatas Campesinas Bolsa 150 Gr,"13,27 € / 1 Kg","1,99 €",LAY'S
Despensa,Aperitivos y frutos secos,Patatas Campesinas Bolsa 150 Gr,"13,27 € / 1 Kg","1,99 €",LAY'S
Despensa,Aperitivos y frutos secos,Patatas Campesinas Bolsa 150 Gr,"13,27 € / 1 Kg","1,99 €",LAY'S
Despensa,Aperitivos y frutos secos,Patatas Campesinas Bolsa 150 Gr,"13,27 € / 1 Kg","1,99 €",LAY'S
Despensa,Aperitivos y frutos secos,Patatas Campesinas Bolsa 150 Gr,"13,27 € / 1 Kg","1,99 €",LAY'S
Despensa,Aperitivos y frutos secos,Patatas Campesinas Bolsa 150 Gr,"13,27 € / 1 Kg","1,99 €",LAY'S
Despensa,Aperitivos y frutos secos,Patatas Campesinas Bolsa 150 Gr,"13,27 € / 1 Kg","1,99 €",LAY'S
Despensa,Aperitivos y frutos secos,Patatas Campesinas Bolsa 150 Gr,"13,27 € / 1 Kg","1,99 €",LAY'S
Despensa,Aperitivos y frutos secos,Patatas Campesinas Bolsa 150 Gr,"13,27 € / 1 Kg","1,99 €",LAY'S
Despensa,Aperitivos y frutos secos,Snack de Patata Pom-Bear 80 Gr,"21,13 € / 1 Kg","1,69 €",GREFUSA
Despensa,Aperitivos y frutos secos,Snack de Patata Pom-Bear 80 Gr,"21,13 € / 1 Kg","1,69 €",GREFUSA
Despensa,Aperitivos y frutos secos,Snack de Patata Pom-Bear 80 Gr,"21,13 € / 1 Kg","1,69 €",GREFUSA
Despensa,Aperitivos y frutos secos,Snack de Patata Pom-Bear 80 Gr,"21,13 € / 1 Kg","1,69 €",GREFUSA
Despensa,Aperitivos y frutos secos,Snack de Patata Pom-Bear 80 Gr,"21,13 € / 1 Kg","1,69 €",GREFUSA
Despensa,Aperitivos y frutos secos,Snack de Patata Pom-Bear 80 Gr,"21,13 € / 1 Kg","1,69 €",GREFUSA
Despensa,Aperitivos y frutos secos,Snack de Patata Pom-Bear 80 Gr,"21,13 € / 1 Kg","1,69 €",GREFUSA
Despensa,Aperitivos y frutos secos,Snack de Patata Pom-Bear 80 Gr,"21,13 € / 1 Kg","1,69 €",GREFUSA
Despensa,Aperitivos y frutos secos,Snack de Patata Pom-Bear 80 Gr,"21,13 € / 1 Kg","1,69 €",GREFUSA
Despensa,Aperitivos y frutos secos,Snack de Patata Pom-Bear 80 Gr,"21,13 € / 1 Kg","1,69 €",GREFUSA
Despensa,Aperitivos y frutos secos,Snack de Patata Pom-Bear 80 Gr,"21,13 € / 1 Kg","1,69 €",GREFUSA
Despensa,Aperitivos y frutos secos,Snack de Patata Pom-Bear 80 Gr,"21,13 € / 1 Kg","1,69 €",GREFUSA
Despensa,Aperitivos y frutos secos,Snack de Patata Pom-Bear 80 Gr,"21,13 € / 1 Kg","1,69 €",GREFUSA
Despensa,Aperitivos y frutos secos,Snack de Patata Pom-Bear 80 Gr,"21,13 € / 1 Kg","1,69 €",GREFUSA
Despensa,Aperitivos y frutos secos,Snack de Patata Pom-Bear 80 Gr,"21,13 € / 1 Kg","1,69 €",GREFUSA
Despensa,Aperitivos y frutos secos,Snack de Patata Pom-Bear 80 Gr,"21,13 € / 1 Kg","1,69 €",GREFUSA
Despensa,Aperitivos y frutos secos,Snack de Patata Pom-Bear 80 Gr,"21,13 € / 1 Kg","1,69 €",GREFUSA
Despensa,Aperitivos y frutos secos,Snack de Patata Pom-Bear 80 Gr,"21,13 € / 1 Kg","1,69 €",GREFUSA
Despensa,Aperitivos y frutos secos,Snack de Patata Pom-Bear 80 Gr,"21,13 € / 1 Kg","1,69 €",GREFUSA
Despensa,Aperitivos y frutos secos,Snack de Patata Pom-Bear 80 Gr,"21,13 € / 1 Kg","1,69 €",GREFUSA
Despensa,Aperitivos y frutos secos,Pistacho Tostado con Cáscara y sin Sal 250 Gr,"13,40 € / 1 Kg","3,35 €",CONSUM
Despensa,Aperitivos y frutos secos,Pistacho Tostado con Cáscara y sin Sal 250 Gr,"13,40 € / 1 Kg","3,35 €",CONSUM
Despensa,Aperitivos y frutos secos,Pistacho Tostado con Cáscara y sin Sal 250 Gr,"13,40 € / 1 Kg","3,35 €",CONSUM
Despensa,Aperitivos y frutos secos,Pistacho Tostado con Cáscara y sin Sal 250 Gr,"13,40 € / 1 Kg","3,35 €",CONSUM
Despensa,Aperitivos y frutos secos,Pistacho Tostado con Cáscara y sin Sal 250 Gr,"13,40 € / 1 Kg","3,35 €",CONSUM
Despensa,Aperitivos y frutos secos,Pistacho Tostado con Cáscara y sin Sal 250 Gr,"13,40 € / 1 Kg","3,35 €",CONSUM
Despensa,Aperitivos y frutos secos,Pistacho Tostado con Cáscara y sin Sal 250 Gr,"13,40 € / 1 Kg","3,35 €",CONSUM
Despensa,Aperitivos y frutos secos,Pistacho Tostado con Cáscara y sin Sal 250 Gr,"13,40 € / 1 Kg","3,35 €",CONSUM
Despensa,Aperitivos y frutos secos,Pistacho Tostado con Cáscara y sin Sal 250 Gr,"13,40 € / 1 Kg","3,35 €",CONSUM
Despensa,Aperitivos y frutos secos,Pistacho Tostado con Cáscara y sin Sal 250 Gr,"13,40 € / 1 Kg","3,35 €",CONSUM
Despensa,Aperitivos y frutos secos,Pistacho Tostado con Cáscara y sin Sal 250 Gr,"13,40 € / 1 Kg","3,35 €",CONSUM
Despensa,Aperitivos y frutos secos,Pistacho Tostado con Cáscara y sin Sal 250 Gr,"13,40 € / 1 Kg","3,35 €",CONSUM
Despensa,Aperitivos y frutos secos,Pistacho Tostado con Cáscara y sin Sal 250 Gr,"13,40 € / 1 Kg","3,35 €",CONSUM
Despensa,Aperitivos y frutos secos,Pistacho Tostado con Cáscara y sin Sal 250 Gr,"13,40 € / 1 Kg","3,35 €",CONSUM
Despensa,Aperitivos y frutos secos,Pistacho Tostado con Cáscara y sin Sal 250 Gr,"13,40 € / 1 Kg","3,35 €",CONSUM
Despensa,Aperitivos y frutos secos,Pistacho Tostado con Cáscara y sin Sal 250 Gr,"13,40 € / 1 Kg","3,35 €",CONSUM
Despensa,Aperitivos y frutos secos,Pistacho Tostado con Cáscara y sin Sal 250 Gr,"13,40 € / 1 Kg","3,35 €",CONSUM
Despensa,Aperitivos y frutos secos,Pistacho Tostado con Cáscara y sin Sal 250 Gr,"13,40 € / 1 Kg","3,35 €",CONSUM
Despensa,Aperitivos y frutos secos,Pistacho Tostado con Cáscara y sin Sal 250 Gr,"13,40 € / 1 Kg","3,35 €",CONSUM
Despensa,Aperitivos y frutos secos,Pistacho Tostado con Cáscara y sin Sal 250 Gr,"13,40 € / 1 Kg","3,35 €",CONSUM
Despensa,Aperitivos y frutos secos,Nuez Grano Bolsa 300 Gr,"9,97 € / 1 Kg","2,99 €",BORGES
Despensa,"Arroz, pastas, legumbres",Penne Rigate Caja 500 Gr,"3,58 € / 1 Kg","1,79 €",BARILLA
Despensa,"Arroz, pastas, legumbres",Penne Rigate Caja 500 Gr,"3,58 € / 1 Kg","1,79 €",BARILLA
Despensa,"Arroz, pastas, legumbres",Penne Rigate Caja 500 Gr,"3,58 € / 1 Kg","1,79 €",BARILLA
Despensa,"Arroz, pastas, legumbres",Penne Rigate Caja 500 Gr,"3,58 € / 1 Kg","1,79 €",BARILLA
Despensa,"Arroz, pastas, legumbres",Penne Rigate Caja 500 Gr,"3,58 € / 1 Kg","1,79 €",BARILLA
Despensa,"Arroz, pastas, legumbres",Penne Rigate Caja 500 Gr,"3,58 € / 1 Kg","1,79 €",BARILLA
Despensa,"Arroz, pastas, legumbres",Penne Rigate Caja 500 Gr,"3,58 € / 1 Kg","1,79 €",BARILLA
Despensa,"Arroz, pastas, legumbres",Penne Rigate Caja 500 Gr,"3,58 € / 1 Kg","1,79 €",BARILLA
Despensa,"Arroz, pastas, legumbres",Penne Rigate Caja 500 Gr,"3,58 € / 1 Kg","1,79 €",BARILLA
Despensa,"Arroz, pastas, legumbres",Penne Rigate Caja 500 Gr,"3,58 € / 1 Kg","1,79 €",BARILLA
Despensa,"Arroz, pastas, legumbres",Penne Rigate Caja 500 Gr,"3,58 € / 1 Kg","1,79 €",BARILLA
Despensa,"Arroz, pastas, legumbres",Penne Rigate Caja 500 Gr,"3,58 € / 1 Kg","1,79 €",BARILLA
Despensa,"Arroz, pastas, legumbres",Penne Rigate Caja 500 Gr,"3,58 € / 1 Kg","1,79 €",BARILLA
Despensa,"Arroz, pastas, legumbres",Penne Rigate Caja 500 Gr,"3,58 € / 1 Kg","1,79 €",BARILLA
Despensa,"Arroz, pastas, legumbres",Penne Rigate Caja 500 Gr,"3,58 € / 1 Kg","1,79 €",BARILLA
Despensa,"Arroz, pastas, legumbres",Penne Rigate Caja 500 Gr,"3,58 € / 1 Kg","1,79 €",BARILLA
Despensa,"Arroz, pastas, legumbres",Penne Rigate Caja 500 Gr,"3,58 € / 1 Kg","1,79 €",BARILLA
Despensa,"Arroz, pastas, legumbres",Penne Rigate Caja 500 Gr,"3,58 € / 1 Kg","1,79 €",BARILLA
Despensa,"Arroz, pastas, legumbres",Penne Rigate Caja 500 Gr,"3,58 € / 1 Kg","1,79 €",BARILLA
Despensa,"Arroz, pastas, legumbres",Penne Rigate Caja 500 Gr,"3,58 € / 1 Kg","1,79 €",BARILLA
Despensa,"Arroz, pastas, legumbres",Plumas Nº 6 Paquete 450 Gr,"3,00 € / 1 Kg","1,35 €",GALLO
Despensa,"Arroz, pastas, legumbres",Plumas Nº 6 Paquete 450 Gr,"3,00 € / 1 Kg","1,35 €",GALLO
Despensa,"Arroz, pastas, legumbres",Plumas Nº 6 Paquete 450 Gr,"3,00 € / 1 Kg","1,35 €",GALLO
Despensa,"Arroz, pastas, legumbres",Plumas Nº 6 Paquete 450 Gr,"3,00 € / 1 Kg","1,35 €",GALLO
Despensa,"Arroz, pastas, legumbres",Plumas Nº 6 Paquete 450 Gr,"3,00 € / 1 Kg","1,35 €",GALLO
Despensa,"Arroz, pastas, legumbres",Plumas Nº 6 Paquete 450 Gr,"3,00 € / 1 Kg","1,35 €",GALLO
Despensa,"Arroz, pastas, legumbres",Plumas Nº 6 Paquete 450 Gr,"3,00 € / 1 Kg","1,35 €",GALLO
Despensa,"Arroz, pastas, legumbres",Plumas Nº 6 Paquete 450 Gr,"3,00 € / 1 Kg","1,35 €",GALLO
Despensa,"Arroz, pastas, legumbres",Plumas Nº 6 Paquete 450 Gr,"3,00 € / 1 Kg","1,35 €",GALLO
Despensa,"Arroz, pastas, legumbres",Plumas Nº 6 Paquete 450 Gr,"3,00 € / 1 Kg","1,35 €",GALLO
Despensa,"Arroz, pastas, legumbres",Plumas Nº 6 Paquete 450 Gr,"3,00 € / 1 Kg","1,35 €",GALLO
Despensa,"Arroz, pastas, legumbres",Plumas Nº 6 Paquete 450 Gr,"3,00 € / 1 Kg","1,35 €",GALLO
Despensa,"Arroz, pastas, legumbres",Plumas Nº 6 Paquete 450 Gr,"3,00 € / 1 Kg","1,35 €",GALLO
Despensa,"Arroz, pastas, legumbres",Plumas Nº 6 Paquete 450 Gr,"3,00 € / 1 Kg","1,35 €",GALLO
Despensa,"Arroz, pastas, legumbres",Plumas Nº 6 Paquete 450 Gr,"3,00 € / 1 Kg","1,35 €",GALLO
Despensa,"Arroz, pastas, legumbres",Plumas Nº 6 Paquete 450 Gr,"3,00 € / 1 Kg","1,35 €",GALLO
Despensa,"Arroz, pastas, legumbres",Plumas Nº 6 Paquete 450 Gr,"3,00 € / 1 Kg","1,35 €",GALLO
Despensa,"Arroz, pastas, legumbres",Plumas Nº 6 Paquete 450 Gr,"3,00 € / 1 Kg","1,35 €",GALLO
Despensa,"Arroz, pastas, legumbres",Plumas Nº 6 Paquete 450 Gr,"3,00 € / 1 Kg","1,35 €",GALLO
Despensa,"Arroz, pastas, legumbres",Plumas Nº 6 Paquete 450 Gr,"3,00 € / 1 Kg","1,35 €",GALLO
Despensa,"Arroz, pastas, legumbres",Alubia Pinta Cocida Frasco 400 Gr,"3,98 € / 1 Kg","1,59 €",LUENGO
Despensa,"Arroz, pastas, legumbres",Alubia Pinta Cocida Frasco 400 Gr,"3,98 € / 1 Kg","1,59 €",LUENGO
Despensa,"Arroz, pastas, legumbres",Alubia Pinta Cocida Frasco 400 Gr,"3,98 € / 1 Kg","1,59 €",LUENGO
Despensa,"Arroz, pastas, legumbres",Alubia Pinta Cocida Frasco 400 Gr,"3,98 € / 1 Kg","1,59 €",LUENGO
Despensa,"Arroz, pastas, legumbres",Alubia Pinta Cocida Frasco 400 Gr,"3,98 € / 1 Kg","1,59 €",LUENGO
Despensa,"Arroz, pastas, legumbres",Alubia Pinta Cocida Frasco 400 Gr,"3,98 € / 1 Kg","1,59 €",LUENGO
Despensa,"Arroz, pastas, legumbres",Alubia Pinta Cocida Frasco 400 Gr,"3,98 € / 1 Kg","1,59 €",LUENGO
Despensa,"Arroz, pastas, legumbres",Alubia Pinta Cocida Frasco 400 Gr,"3,98 € / 1 Kg","1,59 €",LUENGO
Despensa,"Arroz, pastas, legumbres",Alubia Pinta Cocida Frasco 400 Gr,"3,98 € / 1 Kg","1,59 €",LUENGO
Despensa,"Arroz, pastas, legumbres",Alubia Pinta Cocida Frasco 400 Gr,"3,98 € / 1 Kg","1,59 €",LUENGO
Despensa,"Arroz, pastas, legumbres",Alubia Pinta Cocida Frasco 400 Gr,"3,98 € / 1 Kg","1,59 €",LUENGO
Despensa,"Arroz, pastas, legumbres",Alubia Pinta Cocida Frasco 400 Gr,"3,98 € / 1 Kg","1,59 €",LUENGO
Despensa,"Arroz, pastas, legumbres",Alubia Pinta Cocida Frasco 400 Gr,"3,98 € / 1 Kg","1,59 €",LUENGO
Despensa,"Arroz, pastas, legumbres",Alubia Pinta Cocida Frasco 400 Gr,"3,98 € / 1 Kg","1,59 €",LUENGO
Despensa,"Arroz, pastas, legumbres",Alubia Pinta Cocida Frasco 400 Gr,"3,98 € / 1 Kg","1,59 €",LUENGO
Despensa,"Arroz, pastas, legumbres",Alubia Pinta Cocida Frasco 400 Gr,"3,98 € / 1 Kg","1,59 €",LUENGO
Despensa,"Arroz, pastas, legumbres",Alubia Pinta Cocida Frasco 400 Gr,"3,98 € / 1 Kg","1,59 €",LUENGO
Despensa,"Arroz, pastas, legumbres",Alubia Pinta Cocida Frasco 400 Gr,"3,98 € / 1 Kg","1,59 €",LUENGO
Despensa,"Arroz, pastas, legumbres",Alubia Pinta Cocida Frasco 400 Gr,"3,98 € / 1 Kg","1,59 €",LUENGO
Despensa,"Arroz, pastas, legumbres",Alubia Pinta Cocida Frasco 400 Gr,"3,98 € / 1 Kg","1,59 €",LUENGO
Despensa,"Arroz, pastas, legumbres",Espirales Paquete 500 Gr,"1,64 € / 1 Kg","0,82 €",CONSUM
Despensa,"Arroz, pastas, legumbres",Espirales Paquete 500 Gr,"1,64 € / 1 Kg","0,82 €",CONSUM
Despensa,"Arroz, pastas, legumbres",Espirales Paquete 500 Gr,"1,64 € / 1 Kg","0,82 €",CONSUM
Despensa,"Arroz, pastas, legumbres",Espirales Paquete 500 Gr,"1,64 € / 1 Kg","0,82 €",CONSUM
Despensa,"Arroz, pastas, legumbres",Espirales Paquete 500 Gr,"1,64 € / 1 Kg","0,82 €",CONSUM
Despensa,"Arroz, pastas, legumbres",Espirales Paquete 500 Gr,"1,64 € / 1 Kg","0,82 €",CONSUM
Despensa,"Arroz, pastas, legumbres",Espirales Paquete 500 Gr,"1,64 € / 1 Kg","0,82 €",CONSUM
Despensa,"Arroz, pastas, legumbres",Espirales Paquete 500 Gr,"1,64 € / 1 Kg","0,82 €",CONSUM
Despensa,"Arroz, pastas, legumbres",Espirales Paquete 500 Gr,"1,64 € / 1 Kg","0,82 €",CONSUM
Despensa,"Arroz, pastas, legumbres",Espirales Paquete 500 Gr,"1,64 € / 1 Kg","0,82 €",CONSUM
Despensa,"Arroz, pastas, legumbres",Espirales Paquete 500 Gr,"1,64 € / 1 Kg","0,82 €",CONSUM
Despensa,"Arroz, pastas, legumbres",Espirales Paquete 500 Gr,"1,64 € / 1 Kg","0,82 €",CONSUM
Despensa,"Arroz, pastas, legumbres",Espirales Paquete 500 Gr,"1,64 € / 1 Kg","0,82 €",CONSUM
Despensa,"Arroz, pastas, legumbres",Espirales Paquete 500 Gr,"1,64 € / 1 Kg","0,82 €",CONSUM
Despensa,"Arroz, pastas, legumbres",Espirales Paquete 500 Gr,"1,64 € / 1 Kg","0,82 €",CONSUM
Despensa,"Arroz, pastas, legumbres",Espirales Paquete 500 Gr,"1,64 € / 1 Kg","0,82 €",CONSUM
Despensa,"Arroz, pastas, legumbres",Espirales Paquete 500 Gr,"1,64 € / 1 Kg","0,82 €",CONSUM
Despensa,"Arroz, pastas, legumbres",Espirales Paquete 500 Gr,"1,64 € / 1 Kg","0,82 €",CONSUM
Despensa,"Arroz, pastas, legumbres",Espirales Paquete 500 Gr,"1,64 € / 1 Kg","0,82 €",CONSUM
Despensa,"Arroz, pastas, legumbres",Espirales Paquete 500 Gr,"1,64 € / 1 Kg","0,82 €",CONSUM
Despensa,"Arroz, pastas, legumbres",Pizza 4 Quesos al Horno de Piedra 400 Gr,"7,25 € / 1 Kg","2,90 €",CONSUM
Despensa,"Arroz, pastas, legumbres",Pizza 4 Quesos al Horno de Piedra 400 Gr,"7,25 € / 1 Kg","2,90 €",CONSUM
Despensa,"Arroz, pastas, legumbres",Pizza 4 Quesos al Horno de Piedra 400 Gr,"7,25 € / 1 Kg","2,90 €",CONSUM
Despensa,"Arroz, pastas, legumbres",Pizza 4 Quesos al Horno de Piedra 400 Gr,"7,25 € / 1 Kg","2,90 €",CONSUM
Despensa,"Arroz, pastas, legumbres",Pizza 4 Quesos al Horno de Piedra 400 Gr,"7,25 € / 1 Kg","2,90 €",CONSUM
Despensa,"Arroz, pastas, legumbres",Pizza 4 Quesos al Horno de Piedra 400 Gr,"7,25 € / 1 Kg","2,90 €",CONSUM
Despensa,"Arroz, pastas, legumbres",Pizza 4 Quesos al Horno de Piedra 400 Gr,"7,25 € / 1 Kg","2,90 €",CONSUM
Despensa,"Arroz, pastas, legumbres",Pizza 4 Quesos al Horno de Piedra 400 Gr,"7,25 € / 1 Kg","2,90 €",CONSUM
Despensa,"Arroz, pastas, legumbres",Pizza 4 Quesos al Horno de Piedra 400 Gr,"7,25 € / 1 Kg","2,90 €",CONSUM
Despensa,"Arroz, pastas, legumbres",Pizza 4 Quesos al Horno de Piedra 400 Gr,"7,25 € / 1 Kg","2,90 €",CONSUM
Despensa,"Arroz, pastas, legumbres",Pizza 4 Quesos al Horno de Piedra 400 Gr,"7,25 € / 1 Kg","2,90 €",CONSUM
Despensa,"Arroz, pastas, legumbres",Pizza 4 Quesos al Horno de Piedra 400 Gr,"7,25 € / 1 Kg","2,90 €",CONSUM
Despensa,"Arroz, pastas, legumbres",Pizza 4 Quesos al Horno de Piedra 400 Gr,"7,25 € / 1 Kg","2,90 €",CONSUM
Despensa,"Arroz, pastas, legumbres",Pizza 4 Quesos al Horno de Piedra 400 Gr,"7,25 € / 1 Kg","2,90 €",CONSUM
Despensa,"Arroz, pastas, legumbres",Pizza 4 Quesos al Horno de Piedra 400 Gr,"7,25 € / 1 Kg","2,90 €",CONSUM
Despensa,"Arroz, pastas, legumbres",Pizza 4 Quesos al Horno de Piedra 400 Gr,"7,25 € / 1 Kg","2,90 €",CONSUM
Despensa,"Arroz, pastas, legumbres",Pizza 4 Quesos al Horno de Piedra 400 Gr,"7,25 € / 1 Kg","2,90 €",CONSUM
Despensa,"Arroz, pastas, legumbres",Pizza 4 Quesos al Horno de Piedra 400 Gr,"7,25 € / 1 Kg","2,90 €",CONSUM
Despensa,"Arroz, pastas, legumbres",Pizza 4 Quesos al Horno de Piedra 400 Gr,"7,25 € / 1 Kg","2,90 €",CONSUM
Despensa,"Arroz, pastas, legumbres",Pizza 4 Quesos al Horno de Piedra 400 Gr,"7,25 € / 1 Kg","2,90 €",CONSUM
Despensa,"Arroz, pastas, legumbres",Arroz Integral D.O. Valencia Paquete 1 Kg,"1,95 € / 1 Kg","1,95 €",DACSA
Despensa,"Arroz, pastas, legumbres",Arroz Integral D.O. Valencia Paquete 1 Kg,"1,95 € / 1 Kg","1,95 €",DACSA
Despensa,"Arroz, pastas, legumbres",Arroz Integral D.O. Valencia Paquete 1 Kg,"1,95 € / 1 Kg","1,95 €",DACSA
Despensa,"Arroz, pastas, legumbres",Arroz Integral D.O. Valencia Paquete 1 Kg,"1,95 € / 1 Kg","1,95 €",DACSA
Despensa,"Arroz, pastas, legumbres",Arroz Integral D.O. Valencia Paquete 1 Kg,"1,95 € / 1 Kg","1,95 €",DACSA
Despensa,"Arroz, pastas, legumbres",Arroz Integral D.O. Valencia Paquete 1 Kg,"1,95 € / 1 Kg","1,95 €",DACSA
Despensa,"Arroz, pastas, legumbres",Arroz Integral D.O. Valencia Paquete 1 Kg,"1,95 € / 1 Kg","1,95 €",DACSA
Despensa,"Arroz, pastas, legumbres",Arroz Integral D.O. Valencia Paquete 1 Kg,"1,95 € / 1 Kg","1,95 €",DACSA
Despensa,"Arroz, pastas, legumbres",Arroz Integral D.O. Valencia Paquete 1 Kg,"1,95 € / 1 Kg","1,95 €",DACSA
Despensa,"Arroz, pastas, legumbres",Arroz Integral D.O. Valencia Paquete 1 Kg,"1,95 € / 1 Kg","1,95 €",DACSA
Despensa,"Arroz, pastas, legumbres",Arroz Integral D.O. Valencia Paquete 1 Kg,"1,95 € / 1 Kg","1,95 €",DACSA
Despensa,"Arroz, pastas, legumbres",Arroz Integral D.O. Valencia Paquete 1 Kg,"1,95 € / 1 Kg","1,95 €",DACSA
Despensa,"Arroz, pastas, legumbres",Arroz Integral D.O. Valencia Paquete 1 Kg,"1,95 € / 1 Kg","1,95 €",DACSA
Despensa,"Arroz, pastas, legumbres",Arroz Integral D.O. Valencia Paquete 1 Kg,"1,95 € / 1 Kg","1,95 €",DACSA
Despensa,"Arroz, pastas, legumbres",Arroz Integral D.O. Valencia Paquete 1 Kg,"1,95 € / 1 Kg","1,95 €",DACSA
Despensa,"Arroz, pastas, legumbres",Arroz Integral D.O. Valencia Paquete 1 Kg,"1,95 € / 1 Kg","1,95 €",DACSA
Despensa,"Arroz, pastas, legumbres",Arroz Integral D.O. Valencia Paquete 1 Kg,"1,95 € / 1 Kg","1,95 €",DACSA
Despensa,"Arroz, pastas, legumbres",Arroz Integral D.O. Valencia Paquete 1 Kg,"1,95 € / 1 Kg","1,95 €",DACSA
Despensa,"Arroz, pastas, legumbres",Arroz Integral D.O. Valencia Paquete 1 Kg,"1,95 € / 1 Kg","1,95 €",DACSA
Despensa,"Arroz, pastas, legumbres",Arroz Integral D.O. Valencia Paquete 1 Kg,"1,95 € / 1 Kg","1,95 €",DACSA
Despensa,"Arroz, pastas, legumbres",Tapioca Caja 175 Gr,"10,80 € / 1 Kg","1,89 €",ROYAL
Despensa,"Arroz, pastas, legumbres",Tapioca Caja 175 Gr,"10,80 € / 1 Kg","1,89 €",ROYAL
Despensa,"Arroz, pastas, legumbres",Tapioca Caja 175 Gr,"10,80 € / 1 Kg","1,89 €",ROYAL
Despensa,"Arroz, pastas, legumbres",Tapioca Caja 175 Gr,"10,80 € / 1 Kg","1,89 €",ROYAL
Despensa,"Arroz, pastas, legumbres",Tapioca Caja 175 Gr,"10,80 € / 1 Kg","1,89 €",ROYAL
Despensa,"Arroz, pastas, legumbres",Tapioca Caja 175 Gr,"10,80 € / 1 Kg","1,89 €",ROYAL
Despensa,"Arroz, pastas, legumbres",Tapioca Caja 175 Gr,"10,80 € / 1 Kg","1,89 €",ROYAL
Despensa,"Arroz, pastas, legumbres",Tapioca Caja 175 Gr,"10,80 € / 1 Kg","1,89 €",ROYAL
Despensa,"Arroz, pastas, legumbres",Tapioca Caja 175 Gr,"10,80 € / 1 Kg","1,89 €",ROYAL
Despensa,"Arroz, pastas, legumbres",Tapioca Caja 175 Gr,"10,80 € / 1 Kg","1,89 €",ROYAL
Despensa,"Arroz, pastas, legumbres",Tapioca Caja 175 Gr,"10,80 € / 1 Kg","1,89 €",ROYAL
Despensa,"Arroz, pastas, legumbres",Tapioca Caja 175 Gr,"10,80 € / 1 Kg","1,89 €",ROYAL
Despensa,"Arroz, pastas, legumbres",Tapioca Caja 175 Gr,"10,80 € / 1 Kg","1,89 €",ROYAL
Despensa,"Arroz, pastas, legumbres",Tapioca Caja 175 Gr,"10,80 € / 1 Kg","1,89 €",ROYAL
Despensa,"Arroz, pastas, legumbres",Tapioca Caja 175 Gr,"10,80 € / 1 Kg","1,89 €",ROYAL
Despensa,"Arroz, pastas, legumbres",Tapioca Caja 175 Gr,"10,80 € / 1 Kg","1,89 €",ROYAL
Despensa,"Arroz, pastas, legumbres",Tapioca Caja 175 Gr,"10,80 € / 1 Kg","1,89 €",ROYAL
Despensa,"Arroz, pastas, legumbres",Tapioca Caja 175 Gr,"10,80 € / 1 Kg","1,89 €",ROYAL
Despensa,"Arroz, pastas, legumbres",Tapioca Caja 175 Gr,"10,80 € / 1 Kg","1,89 €",ROYAL
Despensa,"Arroz, pastas, legumbres",Tapioca Caja 175 Gr,"10,80 € / 1 Kg","1,89 €",ROYAL
Despensa,"Arroz, pastas, legumbres",Spaghetti Integral Caja 500 Gr,"3,98 € / 1 Kg","1,99 €",BARILLA
Despensa,"Arroz, pastas, legumbres",Spaghetti Integral Caja 500 Gr,"3,98 € / 1 Kg","1,99 €",BARILLA
Despensa,"Arroz, pastas, legumbres",Spaghetti Integral Caja 500 Gr,"3,98 € / 1 Kg","1,99 €",BARILLA
Despensa,"Arroz, pastas, legumbres",Spaghetti Integral Caja 500 Gr,"3,98 € / 1 Kg","1,99 €",BARILLA
Despensa,"Arroz, pastas, legumbres",Spaghetti Integral Caja 500 Gr,"3,98 € / 1 Kg","1,99 €",BARILLA
Despensa,"Arroz, pastas, legumbres",Spaghetti Integral Caja 500 Gr,"3,98 € / 1 Kg","1,99 €",BARILLA
Despensa,"Arroz, pastas, legumbres",Spaghetti Integral Caja 500 Gr,"3,98 € / 1 Kg","1,99 €",BARILLA
Despensa,"Arroz, pastas, legumbres",Spaghetti Integral Caja 500 Gr,"3,98 € / 1 Kg","1,99 €",BARILLA
Despensa,"Arroz, pastas, legumbres",Spaghetti Integral Caja 500 Gr,"3,98 € / 1 Kg","1,99 €",BARILLA
Despensa,"Arroz, pastas, legumbres",Spaghetti Integral Caja 500 Gr,"3,98 € / 1 Kg","1,99 €",BARILLA
Despensa,"Arroz, pastas, legumbres",Spaghetti Integral Caja 500 Gr,"3,98 € / 1 Kg","1,99 €",BARILLA
Despensa,"Arroz, pastas, legumbres",Spaghetti Integral Caja 500 Gr,"3,98 € / 1 Kg","1,99 €",BARILLA
Despensa,"Arroz, pastas, legumbres",Spaghetti Integral Caja 500 Gr,"3,98 € / 1 Kg","1,99 €",BARILLA
Despensa,"Arroz, pastas, legumbres",Spaghetti Integral Caja 500 Gr,"3,98 € / 1 Kg","1,99 €",BARILLA
Despensa,"Arroz, pastas, legumbres",Spaghetti Integral Caja 500 Gr,"3,98 € / 1 Kg","1,99 €",BARILLA
Despensa,"Arroz, pastas, legumbres",Spaghetti Integral Caja 500 Gr,"3,98 € / 1 Kg","1,99 €",BARILLA
Despensa,"Arroz, pastas, legumbres",Spaghetti Integral Caja 500 Gr,"3,98 € / 1 Kg","1,99 €",BARILLA
Despensa,"Arroz, pastas, legumbres",Spaghetti Integral Caja 500 Gr,"3,98 € / 1 Kg","1,99 €",BARILLA
Despensa,"Arroz, pastas, legumbres",Spaghetti Integral Caja 500 Gr,"3,98 € / 1 Kg","1,99 €",BARILLA
Despensa,"Arroz, pastas, legumbres",Spaghetti Integral Caja 500 Gr,"3,98 € / 1 Kg","1,99 €",BARILLA
Despensa,"Arroz, pastas, legumbres",Tortiglioni Caja 500 Gr,"3,58 € / 1 Kg","1,79 €",BARILLA
Despensa,"Arroz, pastas, legumbres",Tortiglioni Caja 500 Gr,"3,58 € / 1 Kg","1,79 €",BARILLA
Despensa,"Arroz, pastas, legumbres",Tortiglioni Caja 500 Gr,"3,58 € / 1 Kg","1,79 €",BARILLA
Despensa,"Arroz, pastas, legumbres",Tortiglioni Caja 500 Gr,"3,58 € / 1 Kg","1,79 €",BARILLA
Despensa,"Arroz, pastas, legumbres",Tortiglioni Caja 500 Gr,"3,58 € / 1 Kg","1,79 €",BARILLA
Despensa,"Arroz, pastas, legumbres",Tortiglioni Caja 500 Gr,"3,58 € / 1 Kg","1,79 €",BARILLA
Despensa,"Arroz, pastas, legumbres",Tortiglioni Caja 500 Gr,"3,58 € / 1 Kg","1,79 €",BARILLA
Despensa,"Arroz, pastas, legumbres",Tortiglioni Caja 500 Gr,"3,58 € / 1 Kg","1,79 €",BARILLA
Despensa,"Arroz, pastas, legumbres",Tortiglioni Caja 500 Gr,"3,58 € / 1 Kg","1,79 €",BARILLA
Despensa,"Arroz, pastas, legumbres",Tortiglioni Caja 500 Gr,"3,58 € / 1 Kg","1,79 €",BARILLA
Despensa,"Arroz, pastas, legumbres",Tortiglioni Caja 500 Gr,"3,58 € / 1 Kg","1,79 €",BARILLA
Despensa,"Arroz, pastas, legumbres",Tortiglioni Caja 500 Gr,"3,58 € / 1 Kg","1,79 €",BARILLA
Despensa,"Arroz, pastas, legumbres",Tortiglioni Caja 500 Gr,"3,58 € / 1 Kg","1,79 €",BARILLA
Despensa,"Arroz, pastas, legumbres",Tortiglioni Caja 500 Gr,"3,58 € / 1 Kg","1,79 €",BARILLA
Despensa,"Arroz, pastas, legumbres",Tortiglioni Caja 500 Gr,"3,58 € / 1 Kg","1,79 €",BARILLA
Despensa,"Arroz, pastas, legumbres",Tortiglioni Caja 500 Gr,"3,58 € / 1 Kg","1,79 €",BARILLA
Despensa,"Arroz, pastas, legumbres",Tortiglioni Caja 500 Gr,"3,58 € / 1 Kg","1,79 €",BARILLA
Despensa,"Arroz, pastas, legumbres",Tortiglioni Caja 500 Gr,"3,58 € / 1 Kg","1,79 €",BARILLA
Despensa,"Arroz, pastas, legumbres",Tortiglioni Caja 500 Gr,"3,58 € / 1 Kg","1,79 €",BARILLA
Despensa,"Arroz, pastas, legumbres",Tortiglioni Caja 500 Gr,"3,58 € / 1 Kg","1,79 €",BARILLA
Despensa,"Arroz, pastas, legumbres",Fideo Nº 2 Paquete 450 Gr,"3,00 € / 1 Kg","1,35 €",GALLO
Despensa,"Arroz, pastas, legumbres",Fideo Nº 2 Paquete 450 Gr,"3,00 € / 1 Kg","1,35 €",GALLO
Despensa,"Arroz, pastas, legumbres",Fideo Nº 2 Paquete 450 Gr,"3,00 € / 1 Kg","1,35 €",GALLO
Despensa,"Arroz, pastas, legumbres",Fideo Nº 2 Paquete 450 Gr,"3,00 € / 1 Kg","1,35 €",GALLO
Despensa,"Arroz, pastas, legumbres",Fideo Nº 2 Paquete 450 Gr,"3,00 € / 1 Kg","1,35 €",GALLO
Despensa,"Arroz, pastas, legumbres",Fideo Nº 2 Paquete 450 Gr,"3,00 € / 1 Kg","1,35 €",GALLO
Despensa,"Arroz, pastas, legumbres",Fideo Nº 2 Paquete 450 Gr,"3,00 € / 1 Kg","1,35 €",GALLO
Despensa,"Arroz, pastas, legumbres",Fideo Nº 2 Paquete 450 Gr,"3,00 € / 1 Kg","1,35 €",GALLO
Despensa,"Arroz, pastas, legumbres",Fideo Nº 2 Paquete 450 Gr,"3,00 € / 1 Kg","1,35 €",GALLO
Despensa,"Arroz, pastas, legumbres",Fideo Nº 2 Paquete 450 Gr,"3,00 € / 1 Kg","1,35 €",GALLO
Despensa,"Arroz, pastas, legumbres",Fideo Nº 2 Paquete 450 Gr,"3,00 € / 1 Kg","1,35 €",GALLO
Despensa,"Arroz, pastas, legumbres",Fideo Nº 2 Paquete 450 Gr,"3,00 € / 1 Kg","1,35 €",GALLO
Despensa,"Arroz, pastas, legumbres",Fideo Nº 2 Paquete 450 Gr,"3,00 € / 1 Kg","1,35 €",GALLO
Despensa,"Arroz, pastas, legumbres",Fideo Nº 2 Paquete 450 Gr,"3,00 € / 1 Kg","1,35 €",GALLO
Despensa,"Arroz, pastas, legumbres",Fideo Nº 2 Paquete 450 Gr,"3,00 € / 1 Kg","1,35 €",GALLO
Despensa,"Arroz, pastas, legumbres",Fideo Nº 2 Paquete 450 Gr,"3,00 € / 1 Kg","1,35 €",GALLO
Despensa,"Arroz, pastas, legumbres",Fideo Nº 2 Paquete 450 Gr,"3,00 € / 1 Kg","1,35 €",GALLO
Despensa,"Arroz, pastas, legumbres",Fideo Nº 2 Paquete 450 Gr,"3,00 € / 1 Kg","1,35 €",GALLO
Despensa,"Arroz, pastas, legumbres",Fideo Nº 2 Paquete 450 Gr,"3,00 € / 1 Kg","1,35 €",GALLO
Despensa,"Arroz, pastas, legumbres",Fideo Nº 2 Paquete 450 Gr,"3,00 € / 1 Kg","1,35 €",GALLO
Despensa,"Arroz, pastas, legumbres",Garbanzo Cocido Origen 100% Nacional 400 Gr,"3,73 € / 1 Kg","1,49 €",LUENGO
Despensa,"Arroz, pastas, legumbres",Garbanzo Cocido Origen 100% Nacional 400 Gr,"3,73 € / 1 Kg","1,49 €",LUENGO
Despensa,"Arroz, pastas, legumbres",Garbanzo Cocido Origen 100% Nacional 400 Gr,"3,73 € / 1 Kg","1,49 €",LUENGO
Despensa,"Arroz, pastas, legumbres",Garbanzo Cocido Origen 100% Nacional 400 Gr,"3,73 € / 1 Kg","1,49 €",LUENGO
Despensa,"Arroz, pastas, legumbres",Garbanzo Cocido Origen 100% Nacional 400 Gr,"3,73 € / 1 Kg","1,49 €",LUENGO
Despensa,"Arroz, pastas, legumbres",Garbanzo Cocido Origen 100% Nacional 400 Gr,"3,73 € / 1 Kg","1,49 €",LUENGO
Despensa,"Arroz, pastas, legumbres",Garbanzo Cocido Origen 100% Nacional 400 Gr,"3,73 € / 1 Kg","1,49 €",LUENGO
Despensa,"Arroz, pastas, legumbres",Garbanzo Cocido Origen 100% Nacional 400 Gr,"3,73 € / 1 Kg","1,49 €",LUENGO
Despensa,"Arroz, pastas, legumbres",Garbanzo Cocido Origen 100% Nacional 400 Gr,"3,73 € / 1 Kg","1,49 €",LUENGO
Despensa,"Arroz, pastas, legumbres",Garbanzo Cocido Origen 100% Nacional 400 Gr,"3,73 € / 1 Kg","1,49 €",LUENGO
Despensa,"Arroz, pastas, legumbres",Garbanzo Cocido Origen 100% Nacional 400 Gr,"3,73 € / 1 Kg","1,49 €",LUENGO
Despensa,"Arroz, pastas, legumbres",Garbanzo Cocido Origen 100% Nacional 400 Gr,"3,73 € / 1 Kg","1,49 €",LUENGO
Despensa,"Arroz, pastas, legumbres",Garbanzo Cocido Origen 100% Nacional 400 Gr,"3,73 € / 1 Kg","1,49 €",LUENGO
Despensa,"Arroz, pastas, legumbres",Garbanzo Cocido Origen 100% Nacional 400 Gr,"3,73 € / 1 Kg","1,49 €",LUENGO
Despensa,"Arroz, pastas, legumbres",Garbanzo Cocido Origen 100% Nacional 400 Gr,"3,73 € / 1 Kg","1,49 €",LUENGO
Despensa,"Arroz, pastas, legumbres",Garbanzo Cocido Origen 100% Nacional 400 Gr,"3,73 € / 1 Kg","1,49 €",LUENGO
Despensa,"Arroz, pastas, legumbres",Garbanzo Cocido Origen 100% Nacional 400 Gr,"3,73 € / 1 Kg","1,49 €",LUENGO
Despensa,"Arroz, pastas, legumbres",Garbanzo Cocido Origen 100% Nacional 400 Gr,"3,73 € / 1 Kg","1,49 €",LUENGO
Despensa,"Arroz, pastas, legumbres",Garbanzo Cocido Origen 100% Nacional 400 Gr,"3,73 € / 1 Kg","1,49 €",LUENGO
Despensa,"Arroz, pastas, legumbres",Garbanzo Cocido Origen 100% Nacional 400 Gr,"3,73 € / 1 Kg","1,49 €",LUENGO
Despensa,"Arroz, pastas, legumbres",Pasta de Trigo Sarraceno Alforfón 250 Gr,"6,60 € / 1 Kg","1,65 €",ROMERO
Despensa,"Arroz, pastas, legumbres",Pasta de Trigo Sarraceno Alforfón 250 Gr,"6,60 € / 1 Kg","1,65 €",ROMERO
Despensa,"Arroz, pastas, legumbres",Pasta de Trigo Sarraceno Alforfón 250 Gr,"6,60 € / 1 Kg","1,65 €",ROMERO
Despensa,"Arroz, pastas, legumbres",Pasta de Trigo Sarraceno Alforfón 250 Gr,"6,60 € / 1 Kg","1,65 €",ROMERO
Despensa,"Arroz, pastas, legumbres",Pasta de Trigo Sarraceno Alforfón 250 Gr,"6,60 € / 1 Kg","1,65 €",ROMERO
Despensa,"Arroz, pastas, legumbres",Pasta de Trigo Sarraceno Alforfón 250 Gr,"6,60 € / 1 Kg","1,65 €",ROMERO
Despensa,"Arroz, pastas, legumbres",Pasta de Trigo Sarraceno Alforfón 250 Gr,"6,60 € / 1 Kg","1,65 €",ROMERO
Despensa,"Arroz, pastas, legumbres",Pasta de Trigo Sarraceno Alforfón 250 Gr,"6,60 € / 1 Kg","1,65 €",ROMERO
Despensa,"Arroz, pastas, legumbres",Pasta de Trigo Sarraceno Alforfón 250 Gr,"6,60 € / 1 Kg","1,65 €",ROMERO
Despensa,"Arroz, pastas, legumbres",Pasta de Trigo Sarraceno Alforfón 250 Gr,"6,60 € / 1 Kg","1,65 €",ROMERO
Despensa,"Caldos, sopas y purés",Caldo Líquido de Pollo Brik 1 L,"3,95 € / 1 L","3,95 €",ANETO
Despensa,"Caldos, sopas y purés",Caldo Líquido de Pollo Brik 1 L,"3,95 € / 1 L","3,95 €",ANETO
Despensa,"Caldos, sopas y purés",Caldo Líquido de Pollo Brik 1 L,"3,95 € / 1 L","3,95 €",ANETO
Despensa,"Caldos, sopas y purés",Caldo Líquido de Pollo Brik 1 L,"3,95 € / 1 L","3,95 €",ANETO
Despensa,"Caldos, sopas y purés",Caldo Líquido de Pollo Brik 1 L,"3,95 € / 1 L","3,95 €",ANETO
Despensa,"Caldos, sopas y purés",Caldo Líquido de Pollo Brik 1 L,"3,95 € / 1 L","3,95 €",ANETO
Despensa,"Caldos, sopas y purés",Caldo Líquido de Pollo Brik 1 L,"3,95 € / 1 L","3,95 €",ANETO
Despensa,"Caldos, sopas y purés",Caldo Líquido de Pollo Brik 1 L,"3,95 € / 1 L","3,95 €",ANETO
Despensa,"Caldos, sopas y purés",Caldo Líquido de Pollo Brik 1 L,"3,95 € / 1 L","3,95 €",ANETO
Despensa,"Caldos, sopas y purés",Caldo Líquido de Pollo Brik 1 L,"3,95 € / 1 L","3,95 €",ANETO
Despensa,"Caldos, sopas y purés",Caldo Líquido de Pollo Brik 1 L,"3,95 € / 1 L","3,95 €",ANETO
Despensa,"Caldos, sopas y purés",Caldo Líquido de Pollo Brik 1 L,"3,95 € / 1 L","3,95 €",ANETO
Despensa,"Caldos, sopas y purés",Caldo Líquido de Pollo Brik 1 L,"3,95 € / 1 L","3,95 €",ANETO
Despensa,"Caldos, sopas y purés",Caldo Líquido de Pollo Brik 1 L,"3,95 € / 1 L","3,95 €",ANETO
Despensa,"Caldos, sopas y purés",Caldo Líquido de Pollo Brik 1 L,"3,95 € / 1 L","3,95 €",ANETO
Despensa,"Caldos, sopas y purés",Caldo Líquido de Pollo Brik 1 L,"3,95 € / 1 L","3,95 €",ANETO
Despensa,"Caldos, sopas y purés",Caldo Líquido de Pollo Brik 1 L,"3,95 € / 1 L","3,95 €",ANETO
Despensa,"Caldos, sopas y purés",Caldo Líquido de Pollo Brik 1 L,"3,95 € / 1 L","3,95 €",ANETO
Despensa,"Caldos, sopas y purés",Caldo Líquido de Pollo Brik 1 L,"3,95 € / 1 L","3,95 €",ANETO
Despensa,"Caldos, sopas y purés",Caldo Líquido de Pollo Brik 1 L,"3,95 € / 1 L","3,95 €",ANETO
Despensa,"Caldos, sopas y purés",Gazpacho Original 1 L,"3,99 € / 1 L","3,99 €",ALVALLE
Despensa,"Caldos, sopas y purés",Gazpacho Original 1 L,"3,99 € / 1 L","3,99 €",ALVALLE
Despensa,"Caldos, sopas y purés",Gazpacho Original 1 L,"3,99 € / 1 L","3,99 €",ALVALLE
Despensa,"Caldos, sopas y purés",Gazpacho Original 1 L,"3,99 € / 1 L","3,99 €",ALVALLE
Despensa,"Caldos, sopas y purés",Gazpacho Original 1 L,"3,99 € / 1 L","3,99 €",ALVALLE
Despensa,"Caldos, sopas y purés",Gazpacho Original 1 L,"3,99 € / 1 L","3,99 €",ALVALLE
Despensa,"Caldos, sopas y purés",Gazpacho Original 1 L,"3,99 € / 1 L","3,99 €",ALVALLE
Despensa,"Caldos, sopas y purés",Gazpacho Original 1 L,"3,99 € / 1 L","3,99 €",ALVALLE
Despensa,"Caldos, sopas y purés",Gazpacho Original 1 L,"3,99 € / 1 L","3,99 €",ALVALLE
Despensa,"Caldos, sopas y purés",Gazpacho Original 1 L,"3,99 € / 1 L","3,99 €",ALVALLE
Despensa,"Caldos, sopas y purés",Gazpacho Original 1 L,"3,99 € / 1 L","3,99 €",ALVALLE
Despensa,"Caldos, sopas y purés",Gazpacho Original 1 L,"3,99 € / 1 L","3,99 €",ALVALLE
Despensa,"Caldos, sopas y purés",Gazpacho Original 1 L,"3,99 € / 1 L","3,99 €",ALVALLE
Despensa,"Caldos, sopas y purés",Gazpacho Original 1 L,"3,99 € / 1 L","3,99 €",ALVALLE
Despensa,"Caldos, sopas y purés",Gazpacho Original 1 L,"3,99 € / 1 L","3,99 €",ALVALLE
Despensa,"Caldos, sopas y purés",Gazpacho Original 1 L,"3,99 € / 1 L","3,99 €",ALVALLE
Despensa,"Caldos, sopas y purés",Gazpacho Original 1 L,"3,99 € / 1 L","3,99 €",ALVALLE
Despensa,"Caldos, sopas y purés",Gazpacho Original 1 L,"3,99 € / 1 L","3,99 €",ALVALLE
Despensa,"Caldos, sopas y purés",Gazpacho Original 1 L,"3,99 € / 1 L","3,99 €",ALVALLE
Despensa,"Caldos, sopas y purés",Gazpacho Original 1 L,"3,99 € / 1 L","3,99 €",ALVALLE
Despensa,"Caldos, sopas y purés",Sopa Jardinera Sobre 66 Gr,"5,91 € / 1 Kg","0,39 €",CONSUM
Despensa,"Caldos, sopas y purés",Sopa Jardinera Sobre 66 Gr,"5,91 € / 1 Kg","0,39 €",CONSUM
Despensa,"Caldos, sopas y purés",Sopa Jardinera Sobre 66 Gr,"5,91 € / 1 Kg","0,39 €",CONSUM
Despensa,"Caldos, sopas y purés",Sopa Jardinera Sobre 66 Gr,"5,91 € / 1 Kg","0,39 €",CONSUM
Despensa,"Caldos, sopas y purés",Sopa Jardinera Sobre 66 Gr,"5,91 € / 1 Kg","0,39 €",CONSUM
Despensa,"Caldos, sopas y purés",Sopa Jardinera Sobre 66 Gr,"5,91 € / 1 Kg","0,39 €",CONSUM
Despensa,"Caldos, sopas y purés",Sopa Jardinera Sobre 66 Gr,"5,91 € / 1 Kg","0,39 €",CONSUM
Despensa,"Caldos, sopas y purés",Sopa Jardinera Sobre 66 Gr,"5,91 € / 1 Kg","0,39 €",CONSUM
Despensa,"Caldos, sopas y purés",Sopa Jardinera Sobre 66 Gr,"5,91 € / 1 Kg","0,39 €",CONSUM
Despensa,"Caldos, sopas y purés",Sopa Jardinera Sobre 66 Gr,"5,91 € / 1 Kg","0,39 €",CONSUM
Despensa,"Caldos, sopas y purés",Sopa Jardinera Sobre 66 Gr,"5,91 € / 1 Kg","0,39 €",CONSUM
Despensa,"Caldos, sopas y purés",Sopa Jardinera Sobre 66 Gr,"5,91 € / 1 Kg","0,39 €",CONSUM
Despensa,"Caldos, sopas y purés",Sopa Jardinera Sobre 66 Gr,"5,91 € / 1 Kg","0,39 €",CONSUM
Despensa,"Caldos, sopas y purés",Sopa Jardinera Sobre 66 Gr,"5,91 € / 1 Kg","0,39 €",CONSUM
Despensa,"Caldos, sopas y purés",Sopa Jardinera Sobre 66 Gr,"5,91 € / 1 Kg","0,39 €",CONSUM
Despensa,"Caldos, sopas y purés",Sopa Jardinera Sobre 66 Gr,"5,91 € / 1 Kg","0,39 €",CONSUM
Despensa,"Caldos, sopas y purés",Sopa Jardinera Sobre 66 Gr,"5,91 € / 1 Kg","0,39 €",CONSUM
Despensa,"Caldos, sopas y purés",Sopa Jardinera Sobre 66 Gr,"5,91 € / 1 Kg","0,39 €",CONSUM
Despensa,"Caldos, sopas y purés",Sopa Jardinera Sobre 66 Gr,"5,91 € / 1 Kg","0,39 €",CONSUM
Despensa,"Caldos, sopas y purés",Sopa Jardinera Sobre 66 Gr,"5,91 € / 1 Kg","0,39 €",CONSUM
Despensa,"Caldos, sopas y purés",Gazpacho Natural Tradicional 330 ml,"3,64 € / 1 L","1,20 €",CONSUM
Despensa,"Caldos, sopas y purés",Gazpacho Natural Tradicional 330 ml,"3,64 € / 1 L","1,20 €",CONSUM
Despensa,"Caldos, sopas y purés",Gazpacho Natural Tradicional 330 ml,"3,64 € / 1 L","1,20 €",CONSUM
Despensa,"Caldos, sopas y purés",Gazpacho Natural Tradicional 330 ml,"3,64 € / 1 L","1,20 €",CONSUM
Despensa,"Caldos, sopas y purés",Gazpacho Natural Tradicional 330 ml,"3,64 € / 1 L","1,20 €",CONSUM
Despensa,"Caldos, sopas y purés",Gazpacho Natural Tradicional 330 ml,"3,64 € / 1 L","1,20 €",CONSUM
Despensa,"Caldos, sopas y purés",Gazpacho Natural Tradicional 330 ml,"3,64 € / 1 L","1,20 €",CONSUM
Despensa,"Caldos, sopas y purés",Gazpacho Natural Tradicional 330 ml,"3,64 € / 1 L","1,20 €",CONSUM
Despensa,"Caldos, sopas y purés",Gazpacho Natural Tradicional 330 ml,"3,64 € / 1 L","1,20 €",CONSUM
Despensa,"Conservas, aceites y condimentos",Mejillones en Escabeche Pack de 3 3 x 40 Gr,"28,25 € / 1 Kg","3,75 €
3,39 €",CALVO
Despensa,"Conservas, aceites y condimentos",Mejillones en Escabeche Pack de 3 3 x 40 Gr,"28,25 € / 1 Kg","3,75 €
3,39 €",CALVO
Despensa,"Conservas, aceites y condimentos",Mejillones en Escabeche Pack de 3 3 x 40 Gr,"28,25 € / 1 Kg","3,75 €
3,39 €",CALVO
Despensa,"Conservas, aceites y condimentos",Mejillones en Escabeche Pack de 3 3 x 40 Gr,"28,25 € / 1 Kg","3,75 €
3,39 €",CALVO
Despensa,"Conservas, aceites y condimentos",Mejillones en Escabeche Pack de 3 3 x 40 Gr,"28,25 € / 1 Kg","3,75 €
3,39 €",CALVO
Despensa,"Conservas, aceites y condimentos",Mejillones en Escabeche Pack de 3 3 x 40 Gr,"28,25 € / 1 Kg","3,75 €
3,39 €",CALVO
Despensa,"Conservas, aceites y condimentos",Mejillones en Escabeche Pack de 3 3 x 40 Gr,"28,25 € / 1 Kg","3,75 €
3,39 €",CALVO
Despensa,"Conservas, aceites y condimentos",Mejillones en Escabeche Pack de 3 3 x 40 Gr,"28,25 € / 1 Kg","3,75 €
3,39 €",CALVO
Despensa,"Conservas, aceites y condimentos",Mejillones en Escabeche Pack de 3 3 x 40 Gr,"28,25 € / 1 Kg","3,75 €
3,39 €",CALVO
Despensa,"Conservas, aceites y condimentos",Mejillones en Escabeche Pack de 3 3 x 40 Gr,"28,25 € / 1 Kg","3,75 €
3,39 €",CALVO
Despensa,"Conservas, aceites y condimentos",Mejillones en Escabeche Pack de 3 3 x 40 Gr,"28,25 € / 1 Kg","3,75 €
3,39 €",CALVO
Despensa,"Conservas, aceites y condimentos",Mejillones en Escabeche Pack de 3 3 x 40 Gr,"28,25 € / 1 Kg","3,75 €
3,39 €",CALVO
Despensa,"Conservas, aceites y condimentos",Mejillones en Escabeche Pack de 3 3 x 40 Gr,"28,25 € / 1 Kg","3,75 €
3,39 €",CALVO
Despensa,"Conservas, aceites y condimentos",Mejillones en Escabeche Pack de 3 3 x 40 Gr,"28,25 € / 1 Kg","3,75 €
3,39 €",CALVO
Despensa,"Conservas, aceites y condimentos",Mejillones en Escabeche Pack de 3 3 x 40 Gr,"28,25 € / 1 Kg","3,75 €
3,39 €",CALVO
Despensa,"Conservas, aceites y condimentos",Mejillones en Escabeche Pack de 3 3 x 40 Gr,"28,25 € / 1 Kg","3,75 €
3,39 €",CALVO
Despensa,"Conservas, aceites y condimentos",Mejillones en Escabeche Pack de 3 3 x 40 Gr,"28,25 € / 1 Kg","3,75 €
3,39 €",CALVO
Despensa,"Conservas, aceites y condimentos",Mejillones en Escabeche Pack de 3 3 x 40 Gr,"28,25 € / 1 Kg","3,75 €
3,39 €",CALVO
Despensa,"Conservas, aceites y condimentos",Mejillones en Escabeche Pack de 3 3 x 40 Gr,"28,25 € / 1 Kg","3,75 €
3,39 €",CALVO
Despensa,"Conservas, aceites y condimentos",Mejillones en Escabeche Pack de 3 3 x 40 Gr,"28,25 € / 1 Kg","3,75 €
3,39 €",CALVO
Despensa,"Conservas, aceites y condimentos",Calamar Salsa Americana Pack de 3 3 x 48 Gr,"20,76 € / 1 Kg","2,99 €",CALVO
Despensa,"Conservas, aceites y condimentos",Calamar Salsa Americana Pack de 3 3 x 48 Gr,"20,76 € / 1 Kg","2,99 €",CALVO
Despensa,"Conservas, aceites y condimentos",Calamar Salsa Americana Pack de 3 3 x 48 Gr,"20,76 € / 1 Kg","2,99 €",CALVO
Despensa,"Conservas, aceites y condimentos",Calamar Salsa Americana Pack de 3 3 x 48 Gr,"20,76 € / 1 Kg","2,99 €",CALVO
Despensa,"Conservas, aceites y condimentos",Calamar Salsa Americana Pack de 3 3 x 48 Gr,"20,76 € / 1 Kg","2,99 €",CALVO
Despensa,"Conservas, aceites y condimentos",Calamar Salsa Americana Pack de 3 3 x 48 Gr,"20,76 € / 1 Kg","2,99 €",CALVO
Despensa,"Conservas, aceites y condimentos",Calamar Salsa Americana Pack de 3 3 x 48 Gr,"20,76 € / 1 Kg","2,99 €",CALVO
Despensa,"Conservas, aceites y condimentos",Calamar Salsa Americana Pack de 3 3 x 48 Gr,"20,76 € / 1 Kg","2,99 €",CALVO
Despensa,"Conservas, aceites y condimentos",Calamar Salsa Americana Pack de 3 3 x 48 Gr,"20,76 € / 1 Kg","2,99 €",CALVO
Despensa,"Conservas, aceites y condimentos",Calamar Salsa Americana Pack de 3 3 x 48 Gr,"20,76 € / 1 Kg","2,99 €",CALVO
Despensa,"Conservas, aceites y condimentos",Calamar Salsa Americana Pack de 3 3 x 48 Gr,"20,76 € / 1 Kg","2,99 €",CALVO
Despensa,"Conservas, aceites y condimentos",Calamar Salsa Americana Pack de 3 3 x 48 Gr,"20,76 € / 1 Kg","2,99 €",CALVO
Despensa,"Conservas, aceites y condimentos",Calamar Salsa Americana Pack de 3 3 x 48 Gr,"20,76 € / 1 Kg","2,99 €",CALVO
Despensa,"Conservas, aceites y condimentos",Calamar Salsa Americana Pack de 3 3 x 48 Gr,"20,76 € / 1 Kg","2,99 €",CALVO
Despensa,"Conservas, aceites y condimentos",Calamar Salsa Americana Pack de 3 3 x 48 Gr,"20,76 € / 1 Kg","2,99 €",CALVO
Despensa,"Conservas, aceites y condimentos",Calamar Salsa Americana Pack de 3 3 x 48 Gr,"20,76 € / 1 Kg","2,99 €",CALVO
Despensa,"Conservas, aceites y condimentos",Calamar Salsa Americana Pack de 3 3 x 48 Gr,"20,76 € / 1 Kg","2,99 €",CALVO
Despensa,"Conservas, aceites y condimentos",Calamar Salsa Americana Pack de 3 3 x 48 Gr,"20,76 € / 1 Kg","2,99 €",CALVO
Despensa,"Conservas, aceites y condimentos",Calamar Salsa Americana Pack de 3 3 x 48 Gr,"20,76 € / 1 Kg","2,99 €",CALVO
Despensa,"Conservas, aceites y condimentos",Calamar Salsa Americana Pack de 3 3 x 48 Gr,"20,76 € / 1 Kg","2,99 €",CALVO
Despensa,"Conservas, aceites y condimentos",Ketchup 50% Menos Azúcar y Sal 550 Gr,"6,16 € / 1 Kg","3,99 €
3,39 €",HEINZ
Despensa,"Conservas, aceites y condimentos",Ketchup 50% Menos Azúcar y Sal 550 Gr,"6,16 € / 1 Kg","3,99 €
3,39 €",HEINZ
Despensa,"Conservas, aceites y condimentos",Ketchup 50% Menos Azúcar y Sal 550 Gr,"6,16 € / 1 Kg","3,99 €
3,39 €",HEINZ
Despensa,"Conservas, aceites y condimentos",Ketchup 50% Menos Azúcar y Sal 550 Gr,"6,16 € / 1 Kg","3,99 €
3,39 €",HEINZ
Despensa,"Conservas, aceites y condimentos",Ketchup 50% Menos Azúcar y Sal 550 Gr,"6,16 € / 1 Kg","3,99 €
3,39 €",HEINZ
Despensa,"Conservas, aceites y condimentos",Ketchup 50% Menos Azúcar y Sal 550 Gr,"6,16 € / 1 Kg","3,99 €
3,39 €",HEINZ
Despensa,"Conservas, aceites y condimentos",Ketchup 50% Menos Azúcar y Sal 550 Gr,"6,16 € / 1 Kg","3,99 €
3,39 €",HEINZ
Despensa,"Conservas, aceites y condimentos",Ketchup 50% Menos Azúcar y Sal 550 Gr,"6,16 € / 1 Kg","3,99 €
3,39 €",HEINZ
Despensa,"Conservas, aceites y condimentos",Ketchup 50% Menos Azúcar y Sal 550 Gr,"6,16 € / 1 Kg","3,99 €
3,39 €",HEINZ
Despensa,"Conservas, aceites y condimentos",Ketchup 50% Menos Azúcar y Sal 550 Gr,"6,16 € / 1 Kg","3,99 €
3,39 €",HEINZ
Despensa,"Conservas, aceites y condimentos",Ketchup 50% Menos Azúcar y Sal 550 Gr,"6,16 € / 1 Kg","3,99 €
3,39 €",HEINZ
Despensa,"Conservas, aceites y condimentos",Ketchup 50% Menos Azúcar y Sal 550 Gr,"6,16 € / 1 Kg","3,99 €
3,39 €",HEINZ
Despensa,"Conservas, aceites y condimentos",Ketchup 50% Menos Azúcar y Sal 550 Gr,"6,16 € / 1 Kg","3,99 €
3,39 €",HEINZ
Despensa,"Conservas, aceites y condimentos",Ketchup 50% Menos Azúcar y Sal 550 Gr,"6,16 € / 1 Kg","3,99 €
3,39 €",HEINZ
Despensa,"Conservas, aceites y condimentos",Ketchup 50% Menos Azúcar y Sal 550 Gr,"6,16 € / 1 Kg","3,99 €
3,39 €",HEINZ
Despensa,"Conservas, aceites y condimentos",Ketchup 50% Menos Azúcar y Sal 550 Gr,"6,16 € / 1 Kg","3,99 €
3,39 €",HEINZ
Despensa,"Conservas, aceites y condimentos",Ketchup 50% Menos Azúcar y Sal 550 Gr,"6,16 € / 1 Kg","3,99 €
3,39 €",HEINZ
Despensa,"Conservas, aceites y condimentos",Ketchup 50% Menos Azúcar y Sal 550 Gr,"6,16 € / 1 Kg","3,99 €
3,39 €",HEINZ
Despensa,"Conservas, aceites y condimentos",Ketchup 50% Menos Azúcar y Sal 550 Gr,"6,16 € / 1 Kg","3,99 €
3,39 €",HEINZ
Despensa,"Conservas, aceites y condimentos",Ketchup 50% Menos Azúcar y Sal 550 Gr,"6,16 € / 1 Kg","3,99 €
3,39 €",HEINZ
Despensa,"Conservas, aceites y condimentos",Atún Aceite Girasol Lata 650 Gr,"9,92 € / 1 Kg","6,65 €
6,45 €",CONSUM
Despensa,"Conservas, aceites y condimentos",Atún Aceite Girasol Lata 650 Gr,"9,92 € / 1 Kg","6,65 €
6,45 €",CONSUM
Despensa,"Conservas, aceites y condimentos",Atún Aceite Girasol Lata 650 Gr,"9,92 € / 1 Kg","6,65 €
6,45 €",CONSUM
Despensa,"Conservas, aceites y condimentos",Atún Aceite Girasol Lata 650 Gr,"9,92 € / 1 Kg","6,65 €
6,45 €",CONSUM
Despensa,"Conservas, aceites y condimentos",Atún Aceite Girasol Lata 650 Gr,"9,92 € / 1 Kg","6,65 €
6,45 €",CONSUM
Despensa,"Conservas, aceites y condimentos",Atún Aceite Girasol Lata 650 Gr,"9,92 € / 1 Kg","6,65 €
6,45 €",CONSUM
Despensa,"Conservas, aceites y condimentos",Atún Aceite Girasol Lata 650 Gr,"9,92 € / 1 Kg","6,65 €
6,45 €",CONSUM
Despensa,"Conservas, aceites y condimentos",Atún Aceite Girasol Lata 650 Gr,"9,92 € / 1 Kg","6,65 €
6,45 €",CONSUM
Despensa,"Conservas, aceites y condimentos",Atún Aceite Girasol Lata 650 Gr,"9,92 € / 1 Kg","6,65 €
6,45 €",CONSUM
Despensa,"Conservas, aceites y condimentos",Atún Aceite Girasol Lata 650 Gr,"9,92 € / 1 Kg","6,65 €
6,45 €",CONSUM
Despensa,"Conservas, aceites y condimentos",Atún Aceite Girasol Lata 650 Gr,"9,92 € / 1 Kg","6,65 €
6,45 €",CONSUM
Despensa,"Conservas, aceites y condimentos",Atún Aceite Girasol Lata 650 Gr,"9,92 € / 1 Kg","6,65 €
6,45 €",CONSUM
Despensa,"Conservas, aceites y condimentos",Atún Aceite Girasol Lata 650 Gr,"9,92 € / 1 Kg","6,65 €
6,45 €",CONSUM
Despensa,"Conservas, aceites y condimentos",Atún Aceite Girasol Lata 650 Gr,"9,92 € / 1 Kg","6,65 €
6,45 €",CONSUM
Despensa,"Conservas, aceites y condimentos",Atún Aceite Girasol Lata 650 Gr,"9,92 € / 1 Kg","6,65 €
6,45 €",CONSUM
Despensa,"Conservas, aceites y condimentos",Atún Aceite Girasol Lata 650 Gr,"9,92 € / 1 Kg","6,65 €
6,45 €",CONSUM
Despensa,"Conservas, aceites y condimentos",Atún Aceite Girasol Lata 650 Gr,"9,92 € / 1 Kg","6,65 €
6,45 €",CONSUM
Despensa,"Conservas, aceites y condimentos",Atún Aceite Girasol Lata 650 Gr,"9,92 € / 1 Kg","6,65 €
6,45 €",CONSUM
Despensa,"Conservas, aceites y condimentos",Atún Aceite Girasol Lata 650 Gr,"9,92 € / 1 Kg","6,65 €
6,45 €",CONSUM
Despensa,"Conservas, aceites y condimentos",Atún Aceite Girasol Lata 650 Gr,"9,92 € / 1 Kg","6,65 €
6,45 €",CONSUM
Despensa,"Conservas, aceites y condimentos",Salsa Pimienta Verde Sobre 50 Gr,"39,80 € / 1 Kg","1,99 €",G.BLANCA
Despensa,"Conservas, aceites y condimentos",Salsa Pimienta Verde Sobre 50 Gr,"39,80 € / 1 Kg","1,99 €",G.BLANCA
Despensa,"Conservas, aceites y condimentos",Salsa Pimienta Verde Sobre 50 Gr,"39,80 € / 1 Kg","1,99 €",G.BLANCA
Despensa,"Conservas, aceites y condimentos",Salsa Pimienta Verde Sobre 50 Gr,"39,80 € / 1 Kg","1,99 €",G.BLANCA
Despensa,"Conservas, aceites y condimentos",Salsa Pimienta Verde Sobre 50 Gr,"39,80 € / 1 Kg","1,99 €",G.BLANCA
Despensa,"Conservas, aceites y condimentos",Salsa Pimienta Verde Sobre 50 Gr,"39,80 € / 1 Kg","1,99 €",G.BLANCA
Despensa,"Conservas, aceites y condimentos",Salsa Pimienta Verde Sobre 50 Gr,"39,80 € / 1 Kg","1,99 €",G.BLANCA
Despensa,"Conservas, aceites y condimentos",Salsa Pimienta Verde Sobre 50 Gr,"39,80 € / 1 Kg","1,99 €",G.BLANCA
Despensa,"Conservas, aceites y condimentos",Salsa Pimienta Verde Sobre 50 Gr,"39,80 € / 1 Kg","1,99 €",G.BLANCA
Despensa,"Conservas, aceites y condimentos",Salsa Pimienta Verde Sobre 50 Gr,"39,80 € / 1 Kg","1,99 €",G.BLANCA
Despensa,"Conservas, aceites y condimentos",Salsa Pimienta Verde Sobre 50 Gr,"39,80 € / 1 Kg","1,99 €",G.BLANCA
Despensa,"Conservas, aceites y condimentos",Salsa Pimienta Verde Sobre 50 Gr,"39,80 € / 1 Kg","1,99 €",G.BLANCA
Despensa,"Conservas, aceites y condimentos",Salsa Pimienta Verde Sobre 50 Gr,"39,80 € / 1 Kg","1,99 €",G.BLANCA
Despensa,"Conservas, aceites y condimentos",Salsa Pimienta Verde Sobre 50 Gr,"39,80 € / 1 Kg","1,99 €",G.BLANCA
Despensa,"Conservas, aceites y condimentos",Salsa Pimienta Verde Sobre 50 Gr,"39,80 € / 1 Kg","1,99 €",G.BLANCA
Despensa,"Conservas, aceites y condimentos",Salsa Pimienta Verde Sobre 50 Gr,"39,80 € / 1 Kg","1,99 €",G.BLANCA
Despensa,"Conservas, aceites y condimentos",Salsa Pimienta Verde Sobre 50 Gr,"39,80 € / 1 Kg","1,99 €",G.BLANCA
Despensa,"Conservas, aceites y condimentos",Salsa Pimienta Verde Sobre 50 Gr,"39,80 € / 1 Kg","1,99 €",G.BLANCA
Despensa,"Conservas, aceites y condimentos",Salsa Pimienta Verde Sobre 50 Gr,"39,80 € / 1 Kg","1,99 €",G.BLANCA
Despensa,"Conservas, aceites y condimentos",Salsa Pimienta Verde Sobre 50 Gr,"39,80 € / 1 Kg","1,99 €",G.BLANCA
Despensa,"Conservas, aceites y condimentos",Sardinas en Tomate Lata 78 Gr,"14,74 € / 1 Kg","1,15 €",CONSUM
Despensa,"Conservas, aceites y condimentos",Sardinas en Tomate Lata 78 Gr,"14,74 € / 1 Kg","1,15 €",CONSUM
Despensa,"Conservas, aceites y condimentos",Sardinas en Tomate Lata 78 Gr,"14,74 € / 1 Kg","1,15 €",CONSUM
Despensa,"Conservas, aceites y condimentos",Sardinas en Tomate Lata 78 Gr,"14,74 € / 1 Kg","1,15 €",CONSUM
Despensa,"Conservas, aceites y condimentos",Sardinas en Tomate Lata 78 Gr,"14,74 € / 1 Kg","1,15 €",CONSUM
Despensa,"Conservas, aceites y condimentos",Sardinas en Tomate Lata 78 Gr,"14,74 € / 1 Kg","1,15 €",CONSUM
Despensa,"Conservas, aceites y condimentos",Sardinas en Tomate Lata 78 Gr,"14,74 € / 1 Kg","1,15 €",CONSUM
Despensa,"Conservas, aceites y condimentos",Sardinas en Tomate Lata 78 Gr,"14,74 € / 1 Kg","1,15 €",CONSUM
Despensa,"Conservas, aceites y condimentos",Sardinas en Tomate Lata 78 Gr,"14,74 € / 1 Kg","1,15 €",CONSUM
Despensa,"Conservas, aceites y condimentos",Sardinas en Tomate Lata 78 Gr,"14,74 € / 1 Kg","1,15 €",CONSUM
Despensa,"Conservas, aceites y condimentos",Sardinas en Tomate Lata 78 Gr,"14,74 € / 1 Kg","1,15 €",CONSUM
Despensa,"Conservas, aceites y condimentos",Sardinas en Tomate Lata 78 Gr,"14,74 € / 1 Kg","1,15 €",CONSUM
Despensa,"Conservas, aceites y condimentos",Sardinas en Tomate Lata 78 Gr,"14,74 € / 1 Kg","1,15 €",CONSUM
Despensa,"Conservas, aceites y condimentos",Sardinas en Tomate Lata 78 Gr,"14,74 € / 1 Kg","1,15 €",CONSUM
Despensa,"Conservas, aceites y condimentos",Sardinas en Tomate Lata 78 Gr,"14,74 € / 1 Kg","1,15 €",CONSUM
Despensa,"Conservas, aceites y condimentos",Sardinas en Tomate Lata 78 Gr,"14,74 € / 1 Kg","1,15 €",CONSUM
Despensa,"Conservas, aceites y condimentos",Sardinas en Tomate Lata 78 Gr,"14,74 € / 1 Kg","1,15 €",CONSUM
Despensa,"Conservas, aceites y condimentos",Sardinas en Tomate Lata 78 Gr,"14,74 € / 1 Kg","1,15 €",CONSUM
Despensa,"Conservas, aceites y condimentos",Sardinas en Tomate Lata 78 Gr,"14,74 € / 1 Kg","1,15 €",CONSUM
Despensa,"Conservas, aceites y condimentos",Sardinas en Tomate Lata 78 Gr,"14,74 € / 1 Kg","1,15 €",CONSUM
Despensa,"Conservas, aceites y condimentos",Vinagre de Vino Blanco 1 L,"0,75 € / 1 L","0,75 €",CONSUM
Despensa,"Conservas, aceites y condimentos",Vinagre de Vino Blanco 1 L,"0,75 € / 1 L","0,75 €",CONSUM
Despensa,"Conservas, aceites y condimentos",Vinagre de Vino Blanco 1 L,"0,75 € / 1 L","0,75 €",CONSUM
Despensa,"Conservas, aceites y condimentos",Vinagre de Vino Blanco 1 L,"0,75 € / 1 L","0,75 €",CONSUM
Despensa,"Conservas, aceites y condimentos",Vinagre de Vino Blanco 1 L,"0,75 € / 1 L","0,75 €",CONSUM
Despensa,"Conservas, aceites y condimentos",Vinagre de Vino Blanco 1 L,"0,75 € / 1 L","0,75 €",CONSUM
Despensa,"Conservas, aceites y condimentos",Vinagre de Vino Blanco 1 L,"0,75 € / 1 L","0,75 €",CONSUM
Despensa,"Conservas, aceites y condimentos",Vinagre de Vino Blanco 1 L,"0,75 € / 1 L","0,75 €",CONSUM
Despensa,"Conservas, aceites y condimentos",Vinagre de Vino Blanco 1 L,"0,75 € / 1 L","0,75 €",CONSUM
Despensa,"Conservas, aceites y condimentos",Vinagre de Vino Blanco 1 L,"0,75 € / 1 L","0,75 €",CONSUM
Despensa,"Conservas, aceites y condimentos",Vinagre de Vino Blanco 1 L,"0,75 € / 1 L","0,75 €",CONSUM
Despensa,"Conservas, aceites y condimentos",Vinagre de Vino Blanco 1 L,"0,75 € / 1 L","0,75 €",CONSUM
Despensa,"Conservas, aceites y condimentos",Vinagre de Vino Blanco 1 L,"0,75 € / 1 L","0,75 €",CONSUM
Despensa,"Conservas, aceites y condimentos",Vinagre de Vino Blanco 1 L,"0,75 € / 1 L","0,75 €",CONSUM
Despensa,"Conservas, aceites y condimentos",Vinagre de Vino Blanco 1 L,"0,75 € / 1 L","0,75 €",CONSUM
Despensa,"Conservas, aceites y condimentos",Vinagre de Vino Blanco 1 L,"0,75 € / 1 L","0,75 €",CONSUM
Despensa,"Conservas, aceites y condimentos",Vinagre de Vino Blanco 1 L,"0,75 € / 1 L","0,75 €",CONSUM
Despensa,"Conservas, aceites y condimentos",Vinagre de Vino Blanco 1 L,"0,75 € / 1 L","0,75 €",CONSUM
Despensa,"Conservas, aceites y condimentos",Vinagre de Vino Blanco 1 L,"0,75 € / 1 L","0,75 €",CONSUM
Despensa,"Conservas, aceites y condimentos",Vinagre de Vino Blanco 1 L,"0,75 € / 1 L","0,75 €",CONSUM
Despensa,"Conservas, aceites y condimentos",Sal Fina Bolsa 1 Kg,"0,35 € / 1 Kg","0,35 €",CONSUM
Despensa,"Conservas, aceites y condimentos",Sal Fina Bolsa 1 Kg,"0,35 € / 1 Kg","0,35 €",CONSUM
Despensa,"Conservas, aceites y condimentos",Sal Fina Bolsa 1 Kg,"0,35 € / 1 Kg","0,35 €",CONSUM
Despensa,"Conservas, aceites y condimentos",Sal Fina Bolsa 1 Kg,"0,35 € / 1 Kg","0,35 €",CONSUM
Despensa,"Conservas, aceites y condimentos",Sal Fina Bolsa 1 Kg,"0,35 € / 1 Kg","0,35 €",CONSUM
Despensa,"Conservas, aceites y condimentos",Sal Fina Bolsa 1 Kg,"0,35 € / 1 Kg","0,35 €",CONSUM
Despensa,"Conservas, aceites y condimentos",Sal Fina Bolsa 1 Kg,"0,35 € / 1 Kg","0,35 €",CONSUM
Despensa,"Conservas, aceites y condimentos",Sal Fina Bolsa 1 Kg,"0,35 € / 1 Kg","0,35 €",CONSUM
Despensa,"Conservas, aceites y condimentos",Sal Fina Bolsa 1 Kg,"0,35 € / 1 Kg","0,35 €",CONSUM
Despensa,"Conservas, aceites y condimentos",Sal Fina Bolsa 1 Kg,"0,35 € / 1 Kg","0,35 €",CONSUM
Despensa,"Conservas, aceites y condimentos",Sal Fina Bolsa 1 Kg,"0,35 € / 1 Kg","0,35 €",CONSUM
Despensa,"Conservas, aceites y condimentos",Sal Fina Bolsa 1 Kg,"0,35 € / 1 Kg","0,35 €",CONSUM
Despensa,"Conservas, aceites y condimentos",Sal Fina Bolsa 1 Kg,"0,35 € / 1 Kg","0,35 €",CONSUM
Despensa,"Conservas, aceites y condimentos",Sal Fina Bolsa 1 Kg,"0,35 € / 1 Kg","0,35 €",CONSUM
Despensa,"Conservas, aceites y condimentos",Sal Fina Bolsa 1 Kg,"0,35 € / 1 Kg","0,35 €",CONSUM
Despensa,"Conservas, aceites y condimentos",Sal Fina Bolsa 1 Kg,"0,35 € / 1 Kg","0,35 €",CONSUM
Despensa,"Conservas, aceites y condimentos",Sal Fina Bolsa 1 Kg,"0,35 € / 1 Kg","0,35 €",CONSUM
Despensa,"Conservas, aceites y condimentos",Sal Fina Bolsa 1 Kg,"0,35 € / 1 Kg","0,35 €",CONSUM
Despensa,"Conservas, aceites y condimentos",Sal Fina Bolsa 1 Kg,"0,35 € / 1 Kg","0,35 €",CONSUM
Despensa,"Conservas, aceites y condimentos",Sal Fina Bolsa 1 Kg,"0,35 € / 1 Kg","0,35 €",CONSUM
Despensa,"Conservas, aceites y condimentos",Cebolla Crujiente Bote 100 Gr,"15,90 € / 1 Kg","1,59 €",ARGENTE
Despensa,"Conservas, aceites y condimentos",Cebolla Crujiente Bote 100 Gr,"15,90 € / 1 Kg","1,59 €",ARGENTE
Despensa,"Conservas, aceites y condimentos",Cebolla Crujiente Bote 100 Gr,"15,90 € / 1 Kg","1,59 €",ARGENTE
Despensa,"Conservas, aceites y condimentos",Cebolla Crujiente Bote 100 Gr,"15,90 € / 1 Kg","1,59 €",ARGENTE
Despensa,"Conservas, aceites y condimentos",Cebolla Crujiente Bote 100 Gr,"15,90 € / 1 Kg","1,59 €",ARGENTE
Despensa,"Conservas, aceites y condimentos",Cebolla Crujiente Bote 100 Gr,"15,90 € / 1 Kg","1,59 €",ARGENTE
Despensa,"Conservas, aceites y condimentos",Cebolla Crujiente Bote 100 Gr,"15,90 € / 1 Kg","1,59 €",ARGENTE
Despensa,"Conservas, aceites y condimentos",Cebolla Crujiente Bote 100 Gr,"15,90 € / 1 Kg","1,59 €",ARGENTE
Despensa,"Conservas, aceites y condimentos",Cebolla Crujiente Bote 100 Gr,"15,90 € / 1 Kg","1,59 €",ARGENTE
Despensa,"Conservas, aceites y condimentos",Cebolla Crujiente Bote 100 Gr,"15,90 € / 1 Kg","1,59 €",ARGENTE
Despensa,"Conservas, aceites y condimentos",Cebolla Crujiente Bote 100 Gr,"15,90 € / 1 Kg","1,59 €",ARGENTE
Despensa,"Conservas, aceites y condimentos",Cebolla Crujiente Bote 100 Gr,"15,90 € / 1 Kg","1,59 €",ARGENTE
Despensa,"Conservas, aceites y condimentos",Cebolla Crujiente Bote 100 Gr,"15,90 € / 1 Kg","1,59 €",ARGENTE
Despensa,"Conservas, aceites y condimentos",Cebolla Crujiente Bote 100 Gr,"15,90 € / 1 Kg","1,59 €",ARGENTE
Despensa,"Conservas, aceites y condimentos",Cebolla Crujiente Bote 100 Gr,"15,90 € / 1 Kg","1,59 €",ARGENTE
Despensa,"Conservas, aceites y condimentos",Cebolla Crujiente Bote 100 Gr,"15,90 € / 1 Kg","1,59 €",ARGENTE
Despensa,"Conservas, aceites y condimentos",Cebolla Crujiente Bote 100 Gr,"15,90 € / 1 Kg","1,59 €",ARGENTE
Despensa,"Conservas, aceites y condimentos",Cebolla Crujiente Bote 100 Gr,"15,90 € / 1 Kg","1,59 €",ARGENTE
Despensa,"Conservas, aceites y condimentos",Cebolla Crujiente Bote 100 Gr,"15,90 € / 1 Kg","1,59 €",ARGENTE
Despensa,"Conservas, aceites y condimentos",Cebolla Crujiente Bote 100 Gr,"15,90 € / 1 Kg","1,59 €",ARGENTE
Despensa,"Conservas, aceites y condimentos",Pimentón Dulce Lata 75 Gr,"28,67 € / 1 Kg","2,15 €",SABATER
Despensa,"Conservas, aceites y condimentos",Pimentón Dulce Lata 75 Gr,"28,67 € / 1 Kg","2,15 €",SABATER
Despensa,"Conservas, aceites y condimentos",Pimentón Dulce Lata 75 Gr,"28,67 € / 1 Kg","2,15 €",SABATER
Despensa,"Conservas, aceites y condimentos",Pimentón Dulce Lata 75 Gr,"28,67 € / 1 Kg","2,15 €",SABATER
Despensa,"Conservas, aceites y condimentos",Pimentón Dulce Lata 75 Gr,"28,67 € / 1 Kg","2,15 €",SABATER
Despensa,"Conservas, aceites y condimentos",Pimentón Dulce Lata 75 Gr,"28,67 € / 1 Kg","2,15 €",SABATER
Despensa,"Conservas, aceites y condimentos",Pimentón Dulce Lata 75 Gr,"28,67 € / 1 Kg","2,15 €",SABATER
Despensa,"Conservas, aceites y condimentos",Pimentón Dulce Lata 75 Gr,"28,67 € / 1 Kg","2,15 €",SABATER
Despensa,"Conservas, aceites y condimentos",Pimentón Dulce Lata 75 Gr,"28,67 € / 1 Kg","2,15 €",SABATER
Despensa,"Conservas, aceites y condimentos",Pimentón Dulce Lata 75 Gr,"28,67 € / 1 Kg","2,15 €",SABATER
Despensa,"Conservas, aceites y condimentos",Pimentón Dulce Lata 75 Gr,"28,67 € / 1 Kg","2,15 €",SABATER
Despensa,"Conservas, aceites y condimentos",Pimentón Dulce Lata 75 Gr,"28,67 € / 1 Kg","2,15 €",SABATER
Despensa,"Conservas, aceites y condimentos",Pimentón Dulce Lata 75 Gr,"28,67 € / 1 Kg","2,15 €",SABATER
Despensa,"Conservas, aceites y condimentos",Pimentón Dulce Lata 75 Gr,"28,67 € / 1 Kg","2,15 €",SABATER
Despensa,"Conservas, aceites y condimentos",Pimentón Dulce Lata 75 Gr,"28,67 € / 1 Kg","2,15 €",SABATER
Despensa,"Conservas, aceites y condimentos",Pimentón Dulce Lata 75 Gr,"28,67 € / 1 Kg","2,15 €",SABATER
Despensa,"Conservas, aceites y condimentos",Pimentón Dulce Lata 75 Gr,"28,67 € / 1 Kg","2,15 €",SABATER
Despensa,"Conservas, aceites y condimentos",Pimentón Dulce Lata 75 Gr,"28,67 € / 1 Kg","2,15 €",SABATER
Despensa,"Conservas, aceites y condimentos",Pimentón Dulce Lata 75 Gr,"28,67 € / 1 Kg","2,15 €",SABATER
Despensa,"Conservas, aceites y condimentos",Pimentón Dulce Lata 75 Gr,"28,67 € / 1 Kg","2,15 €",SABATER
Despensa,"Conservas, aceites y condimentos",Judías Verdes Extra Finas Frasco 280 Gr,"16,75 € / 1 Kg","4,69 €",BONDUELLE
Despensa,"Conservas, aceites y condimentos",Judías Verdes Extra Finas Frasco 280 Gr,"16,75 € / 1 Kg","4,69 €",BONDUELLE
Despensa,"Conservas, aceites y condimentos",Judías Verdes Extra Finas Frasco 280 Gr,"16,75 € / 1 Kg","4,69 €",BONDUELLE
Despensa,"Conservas, aceites y condimentos",Judías Verdes Extra Finas Frasco 280 Gr,"16,75 € / 1 Kg","4,69 €",BONDUELLE
Despensa,"Conservas, aceites y condimentos",Judías Verdes Extra Finas Frasco 280 Gr,"16,75 € / 1 Kg","4,69 €",BONDUELLE
Despensa,"Conservas, aceites y condimentos",Judías Verdes Extra Finas Frasco 280 Gr,"16,75 € / 1 Kg","4,69 €",BONDUELLE
Despensa,"Conservas, aceites y condimentos",Judías Verdes Extra Finas Frasco 280 Gr,"16,75 € / 1 Kg","4,69 €",BONDUELLE
Despensa,"Conservas, aceites y condimentos",Judías Verdes Extra Finas Frasco 280 Gr,"16,75 € / 1 Kg","4,69 €",BONDUELLE
Despensa,"Conservas, aceites y condimentos",Judías Verdes Extra Finas Frasco 280 Gr,"16,75 € / 1 Kg","4,69 €",BONDUELLE
Despensa,"Conservas, aceites y condimentos",Judías Verdes Extra Finas Frasco 280 Gr,"16,75 € / 1 Kg","4,69 €",BONDUELLE
Despensa,"Conservas, aceites y condimentos",Judías Verdes Extra Finas Frasco 280 Gr,"16,75 € / 1 Kg","4,69 €",BONDUELLE
Despensa,"Conservas, aceites y condimentos",Judías Verdes Extra Finas Frasco 280 Gr,"16,75 € / 1 Kg","4,69 €",BONDUELLE
Despensa,"Conservas, aceites y condimentos",Judías Verdes Extra Finas Frasco 280 Gr,"16,75 € / 1 Kg","4,69 €",BONDUELLE
Despensa,"Conservas, aceites y condimentos",Judías Verdes Extra Finas Frasco 280 Gr,"16,75 € / 1 Kg","4,69 €",BONDUELLE
Despensa,"Conservas, aceites y condimentos",Judías Verdes Extra Finas Frasco 280 Gr,"16,75 € / 1 Kg","4,69 €",BONDUELLE
Despensa,"Conservas, aceites y condimentos",Judías Verdes Extra Finas Frasco 280 Gr,"16,75 € / 1 Kg","4,69 €",BONDUELLE
Despensa,"Conservas, aceites y condimentos",Judías Verdes Extra Finas Frasco 280 Gr,"16,75 € / 1 Kg","4,69 €",BONDUELLE
Despensa,"Conservas, aceites y condimentos",Judías Verdes Extra Finas Frasco 280 Gr,"16,75 € / 1 Kg","4,69 €",BONDUELLE
Despensa,"Conservas, aceites y condimentos",Judías Verdes Extra Finas Frasco 280 Gr,"16,75 € / 1 Kg","4,69 €",BONDUELLE
Despensa,"Conservas, aceites y condimentos",Judías Verdes Extra Finas Frasco 280 Gr,"16,75 € / 1 Kg","4,69 €",BONDUELLE
Despensa,"Conservas, aceites y condimentos",Jugoso al Horno Ajillo al Toque de Perejil 34 Gr,"3,31 € / 100 Gr","1,19 €",MAGGI
Despensa,"Conservas, aceites y condimentos",Jugoso al Horno Ajillo al Toque de Perejil 34 Gr,"3,31 € / 100 Gr","1,19 €",MAGGI
Despensa,"Conservas, aceites y condimentos",Jugoso al Horno Ajillo al Toque de Perejil 34 Gr,"3,31 € / 100 Gr","1,19 €",MAGGI
Despensa,"Conservas, aceites y condimentos",Jugoso al Horno Ajillo al Toque de Perejil 34 Gr,"3,31 € / 100 Gr","1,19 €",MAGGI
Despensa,"Conservas, aceites y condimentos",Jugoso al Horno Ajillo al Toque de Perejil 34 Gr,"3,31 € / 100 Gr","1,19 €",MAGGI
Despensa,"Conservas, aceites y condimentos",Jugoso al Horno Ajillo al Toque de Perejil 34 Gr,"3,31 € / 100 Gr","1,19 €",MAGGI
Despensa,"Conservas, aceites y condimentos",Jugoso al Horno Ajillo al Toque de Perejil 34 Gr,"3,31 € / 100 Gr","1,19 €",MAGGI
Despensa,"Conservas, aceites y condimentos",Jugoso al Horno Ajillo al Toque de Perejil 34 Gr,"3,31 € / 100 Gr","1,19 €",MAGGI
Despensa,"Conservas, aceites y condimentos",Jugoso al Horno Ajillo al Toque de Perejil 34 Gr,"3,31 € / 100 Gr","1,19 €",MAGGI
Despensa,"Conservas, aceites y condimentos",Jugoso al Horno Ajillo al Toque de Perejil 34 Gr,"3,31 € / 100 Gr","1,19 €",MAGGI
Despensa,"Conservas, aceites y condimentos",Jugoso al Horno Ajillo al Toque de Perejil 34 Gr,"3,31 € / 100 Gr","1,19 €",MAGGI
Despensa,"Conservas, aceites y condimentos",Jugoso al Horno Ajillo al Toque de Perejil 34 Gr,"3,31 € / 100 Gr","1,19 €",MAGGI
Despensa,"Conservas, aceites y condimentos",Jugoso al Horno Ajillo al Toque de Perejil 34 Gr,"3,31 € / 100 Gr","1,19 €",MAGGI
Despensa,"Conservas, aceites y condimentos",Jugoso al Horno Ajillo al Toque de Perejil 34 Gr,"3,31 € / 100 Gr","1,19 €",MAGGI
Despensa,"Conservas, aceites y condimentos",Jugoso al Horno Ajillo al Toque de Perejil 34 Gr,"3,31 € / 100 Gr","1,19 €",MAGGI
Despensa,"Conservas, aceites y condimentos",Jugoso al Horno Ajillo al Toque de Perejil 34 Gr,"3,31 € / 100 Gr","1,19 €",MAGGI
Despensa,"Conservas, aceites y condimentos",Jugoso al Horno Ajillo al Toque de Perejil 34 Gr,"3,31 € / 100 Gr","1,19 €",MAGGI
Despensa,"Conservas, aceites y condimentos",Jugoso al Horno Ajillo al Toque de Perejil 34 Gr,"3,31 € / 100 Gr","1,19 €",MAGGI
Despensa,"Conservas, aceites y condimentos",Jugoso al Horno Ajillo al Toque de Perejil 34 Gr,"3,31 € / 100 Gr","1,19 €",MAGGI
Despensa,"Conservas, aceites y condimentos",Jugoso al Horno Ajillo al Toque de Perejil 34 Gr,"3,31 € / 100 Gr","1,19 €",MAGGI
Despensa,"Conservas, aceites y condimentos",Hierbabuena Tarro 13 Gr,"18,08 € / 100 Gr","2,35 €",DUCROS
Despensa,"Conservas, aceites y condimentos",Hierbabuena Tarro 13 Gr,"18,08 € / 100 Gr","2,35 €",DUCROS
Despensa,"Conservas, aceites y condimentos",Hierbabuena Tarro 13 Gr,"18,08 € / 100 Gr","2,35 €",DUCROS
Despensa,"Conservas, aceites y condimentos",Hierbabuena Tarro 13 Gr,"18,08 € / 100 Gr","2,35 €",DUCROS
Despensa,"Conservas, aceites y condimentos",Hierbabuena Tarro 13 Gr,"18,08 € / 100 Gr","2,35 €",DUCROS
Despensa,"Conservas, aceites y condimentos",Hierbabuena Tarro 13 Gr,"18,08 € / 100 Gr","2,35 €",DUCROS
Despensa,"Conservas, aceites y condimentos",Hierbabuena Tarro 13 Gr,"18,08 € / 100 Gr","2,35 €",DUCROS
Despensa,"Conservas, aceites y condimentos",Hierbabuena Tarro 13 Gr,"18,08 € / 100 Gr","2,35 €",DUCROS
Despensa,"Conservas, aceites y condimentos",Hierbabuena Tarro 13 Gr,"18,08 € / 100 Gr","2,35 €",DUCROS
Despensa,"Conservas, aceites y condimentos",Hierbabuena Tarro 13 Gr,"18,08 € / 100 Gr","2,35 €",DUCROS
Despensa,"Conservas, aceites y condimentos",Hierbabuena Tarro 13 Gr,"18,08 € / 100 Gr","2,35 €",DUCROS
Despensa,"Conservas, aceites y condimentos",Hierbabuena Tarro 13 Gr,"18,08 € / 100 Gr","2,35 €",DUCROS
Despensa,"Conservas, aceites y condimentos",Hierbabuena Tarro 13 Gr,"18,08 € / 100 Gr","2,35 €",DUCROS
Despensa,"Conservas, aceites y condimentos",Hierbabuena Tarro 13 Gr,"18,08 € / 100 Gr","2,35 €",DUCROS
Despensa,"Conservas, aceites y condimentos",Hierbabuena Tarro 13 Gr,"18,08 € / 100 Gr","2,35 €",DUCROS
Despensa,"Conservas, aceites y condimentos",Hierbabuena Tarro 13 Gr,"18,08 € / 100 Gr","2,35 €",DUCROS
Despensa,"Conservas, aceites y condimentos",Hierbabuena Tarro 13 Gr,"18,08 € / 100 Gr","2,35 €",DUCROS
Despensa,"Conservas, aceites y condimentos",Hierbabuena Tarro 13 Gr,"18,08 € / 100 Gr","2,35 €",DUCROS
Despensa,"Conservas, aceites y condimentos",Hierbabuena Tarro 13 Gr,"18,08 € / 100 Gr","2,35 €",DUCROS
Despensa,"Conservas, aceites y condimentos",Hierbabuena Tarro 13 Gr,"18,08 € / 100 Gr","2,35 €",DUCROS
Despensa,"Conservas, aceites y condimentos",Habitas Fritas Baby. Frasco 140 Gr,"23,21 € / 1 Kg","3,25 €",CONSUM
Despensa,"Conservas, aceites y condimentos",Habitas Fritas Baby. Frasco 140 Gr,"23,21 € / 1 Kg","3,25 €",CONSUM
Despensa,"Conservas, aceites y condimentos",Habitas Fritas Baby. Frasco 140 Gr,"23,21 € / 1 Kg","3,25 €",CONSUM
Despensa,"Conservas, aceites y condimentos",Habitas Fritas Baby. Frasco 140 Gr,"23,21 € / 1 Kg","3,25 €",CONSUM
Despensa,"Conservas, aceites y condimentos",Habitas Fritas Baby. Frasco 140 Gr,"23,21 € / 1 Kg","3,25 €",CONSUM
Despensa,"Conservas, aceites y condimentos",Habitas Fritas Baby. Frasco 140 Gr,"23,21 € / 1 Kg","3,25 €",CONSUM
Despensa,"Conservas, aceites y condimentos",Habitas Fritas Baby. Frasco 140 Gr,"23,21 € / 1 Kg","3,25 €",CONSUM
Despensa,"Conservas, aceites y condimentos",Habitas Fritas Baby. Frasco 140 Gr,"23,21 € / 1 Kg","3,25 €",CONSUM
Despensa,"Conservas, aceites y condimentos",Habitas Fritas Baby. Frasco 140 Gr,"23,21 € / 1 Kg","3,25 €",CONSUM
Despensa,"Conservas, aceites y condimentos",Habitas Fritas Baby. Frasco 140 Gr,"23,21 € / 1 Kg","3,25 €",CONSUM
Despensa,"Conservas, aceites y condimentos",Habitas Fritas Baby. Frasco 140 Gr,"23,21 € / 1 Kg","3,25 €",CONSUM
Despensa,"Conservas, aceites y condimentos",Habitas Fritas Baby. Frasco 140 Gr,"23,21 € / 1 Kg","3,25 €",CONSUM
Despensa,"Conservas, aceites y condimentos",Habitas Fritas Baby. Frasco 140 Gr,"23,21 € / 1 Kg","3,25 €",CONSUM
Despensa,"Conservas, aceites y condimentos",Habitas Fritas Baby. Frasco 140 Gr,"23,21 € / 1 Kg","3,25 €",CONSUM
Despensa,"Conservas, aceites y condimentos",Habitas Fritas Baby. Frasco 140 Gr,"23,21 € / 1 Kg","3,25 €",CONSUM
Despensa,"Conservas, aceites y condimentos",Habitas Fritas Baby. Frasco 140 Gr,"23,21 € / 1 Kg","3,25 €",CONSUM
Despensa,"Conservas, aceites y condimentos",Habitas Fritas Baby. Frasco 140 Gr,"23,21 € / 1 Kg","3,25 €",CONSUM
Despensa,"Conservas, aceites y condimentos",Habitas Fritas Baby. Frasco 140 Gr,"23,21 € / 1 Kg","3,25 €",CONSUM
Despensa,"Conservas, aceites y condimentos",Habitas Fritas Baby. Frasco 140 Gr,"23,21 € / 1 Kg","3,25 €",CONSUM
Despensa,"Conservas, aceites y condimentos",Habitas Fritas Baby. Frasco 140 Gr,"23,21 € / 1 Kg","3,25 €",CONSUM
Despensa,"Conservas, aceites y condimentos",Eneldo Frasco 10 Gr,"23,50 € / 100 Gr","2,35 €",DUCROS
Despensa,"Conservas, aceites y condimentos",Eneldo Frasco 10 Gr,"23,50 € / 100 Gr","2,35 €",DUCROS
Despensa,"Conservas, aceites y condimentos",Eneldo Frasco 10 Gr,"23,50 € / 100 Gr","2,35 €",DUCROS
Despensa,"Conservas, aceites y condimentos",Eneldo Frasco 10 Gr,"23,50 € / 100 Gr","2,35 €",DUCROS
Despensa,"Conservas, aceites y condimentos",Eneldo Frasco 10 Gr,"23,50 € / 100 Gr","2,35 €",DUCROS
Despensa,"Conservas, aceites y condimentos",Eneldo Frasco 10 Gr,"23,50 € / 100 Gr","2,35 €",DUCROS
Despensa,"Conservas, aceites y condimentos",Eneldo Frasco 10 Gr,"23,50 € / 100 Gr","2,35 €",DUCROS
Despensa,"Conservas, aceites y condimentos",Eneldo Frasco 10 Gr,"23,50 € / 100 Gr","2,35 €",DUCROS
Despensa,"Conservas, aceites y condimentos",Eneldo Frasco 10 Gr,"23,50 € / 100 Gr","2,35 €",DUCROS
Despensa,"Conservas, aceites y condimentos",Eneldo Frasco 10 Gr,"23,50 € / 100 Gr","2,35 €",DUCROS
Despensa,"Conservas, aceites y condimentos",Eneldo Frasco 10 Gr,"23,50 € / 100 Gr","2,35 €",DUCROS
Despensa,"Conservas, aceites y condimentos",Eneldo Frasco 10 Gr,"23,50 € / 100 Gr","2,35 €",DUCROS
Despensa,"Conservas, aceites y condimentos",Eneldo Frasco 10 Gr,"23,50 € / 100 Gr","2,35 €",DUCROS
Despensa,"Conservas, aceites y condimentos",Eneldo Frasco 10 Gr,"23,50 € / 100 Gr","2,35 €",DUCROS
Despensa,"Conservas, aceites y condimentos",Eneldo Frasco 10 Gr,"23,50 € / 100 Gr","2,35 €",DUCROS
Despensa,"Conservas, aceites y condimentos",Eneldo Frasco 10 Gr,"23,50 € / 100 Gr","2,35 €",DUCROS
Despensa,"Conservas, aceites y condimentos",Eneldo Frasco 10 Gr,"23,50 € / 100 Gr","2,35 €",DUCROS
Despensa,"Conservas, aceites y condimentos",Eneldo Frasco 10 Gr,"23,50 € / 100 Gr","2,35 €",DUCROS
Despensa,"Conservas, aceites y condimentos",Eneldo Frasco 10 Gr,"23,50 € / 100 Gr","2,35 €",DUCROS
Despensa,"Conservas, aceites y condimentos",Eneldo Frasco 10 Gr,"23,50 € / 100 Gr","2,35 €",DUCROS
Despensa,"Conservas, aceites y condimentos",Canela Molida Saigón Frasco 40 Gr,"9,48 € / 100 Gr","3,79 €",DUCROS
Despensa,"Conservas, aceites y condimentos",Canela Molida Saigón Frasco 40 Gr,"9,48 € / 100 Gr","3,79 €",DUCROS
Despensa,"Conservas, aceites y condimentos",Canela Molida Saigón Frasco 40 Gr,"9,48 € / 100 Gr","3,79 €",DUCROS
Despensa,"Conservas, aceites y condimentos",Canela Molida Saigón Frasco 40 Gr,"9,48 € / 100 Gr","3,79 €",DUCROS
Despensa,"Conservas, aceites y condimentos",Canela Molida Saigón Frasco 40 Gr,"9,48 € / 100 Gr","3,79 €",DUCROS
Despensa,"Conservas, aceites y condimentos",Canela Molida Saigón Frasco 40 Gr,"9,48 € / 100 Gr","3,79 €",DUCROS
Despensa,"Conservas, aceites y condimentos",Canela Molida Saigón Frasco 40 Gr,"9,48 € / 100 Gr","3,79 €",DUCROS
Despensa,"Conservas, aceites y condimentos",Canela Molida Saigón Frasco 40 Gr,"9,48 € / 100 Gr","3,79 €",DUCROS
Despensa,"Conservas, aceites y condimentos",Canela Molida Saigón Frasco 40 Gr,"9,48 € / 100 Gr","3,79 €",DUCROS
Despensa,"Conservas, aceites y condimentos",Canela Molida Saigón Frasco 40 Gr,"9,48 € / 100 Gr","3,79 €",DUCROS
Despensa,"Conservas, aceites y condimentos",Canela Molida Saigón Frasco 40 Gr,"9,48 € / 100 Gr","3,79 €",DUCROS
Despensa,"Conservas, aceites y condimentos",Canela Molida Saigón Frasco 40 Gr,"9,48 € / 100 Gr","3,79 €",DUCROS
Despensa,"Conservas, aceites y condimentos",Canela Molida Saigón Frasco 40 Gr,"9,48 € / 100 Gr","3,79 €",DUCROS
Despensa,"Conservas, aceites y condimentos",Canela Molida Saigón Frasco 40 Gr,"9,48 € / 100 Gr","3,79 €",DUCROS
Despensa,"Conservas, aceites y condimentos",Canela Molida Saigón Frasco 40 Gr,"9,48 € / 100 Gr","3,79 €",DUCROS
Despensa,"Conservas, aceites y condimentos",Canela Molida Saigón Frasco 40 Gr,"9,48 € / 100 Gr","3,79 €",DUCROS
Despensa,"Conservas, aceites y condimentos",Canela Molida Saigón Frasco 40 Gr,"9,48 € / 100 Gr","3,79 €",DUCROS
Despensa,"Conservas, aceites y condimentos",Canela Molida Saigón Frasco 40 Gr,"9,48 € / 100 Gr","3,79 €",DUCROS
Despensa,"Conservas, aceites y condimentos",Canela Molida Saigón Frasco 40 Gr,"9,48 € / 100 Gr","3,79 €",DUCROS
Despensa,"Conservas, aceites y condimentos",Canela Molida Saigón Frasco 40 Gr,"9,48 € / 100 Gr","3,79 €",DUCROS
Despensa,"Conservas, aceites y condimentos",Dulce Boniato Lata 850 Gr,"4,47 € / 1 Kg","3,80 €",PELLI
Despensa,"Conservas, aceites y condimentos",Dulce Boniato Lata 850 Gr,"4,47 € / 1 Kg","3,80 €",PELLI
Despensa,"Conservas, aceites y condimentos",Dulce Boniato Lata 850 Gr,"4,47 € / 1 Kg","3,80 €",PELLI
Despensa,"Conservas, aceites y condimentos",Dulce Boniato Lata 850 Gr,"4,47 € / 1 Kg","3,80 €",PELLI
Despensa,"Conservas, aceites y condimentos",Dulce Boniato Lata 850 Gr,"4,47 € / 1 Kg","3,80 €",PELLI
Despensa,"Conservas, aceites y condimentos",Dulce Boniato Lata 850 Gr,"4,47 € / 1 Kg","3,80 €",PELLI
Despensa,"Conservas, aceites y condimentos",Dulce Boniato Lata 850 Gr,"4,47 € / 1 Kg","3,80 €",PELLI
Despensa,"Conservas, aceites y condimentos",Dulce Boniato Lata 850 Gr,"4,47 € / 1 Kg","3,80 €",PELLI
Despensa,"Conservas, aceites y condimentos",Dulce Boniato Lata 850 Gr,"4,47 € / 1 Kg","3,80 €",PELLI
Despensa,"Conservas, aceites y condimentos",Dulce Boniato Lata 850 Gr,"4,47 € / 1 Kg","3,80 €",PELLI
Despensa,"Conservas, aceites y condimentos",Dulce Boniato Lata 850 Gr,"4,47 € / 1 Kg","3,80 €",PELLI
Despensa,"Conservas, aceites y condimentos",Dulce Boniato Lata 850 Gr,"4,47 € / 1 Kg","3,80 €",PELLI
Despensa,"Conservas, aceites y condimentos",Dulce Boniato Lata 850 Gr,"4,47 € / 1 Kg","3,80 €",PELLI
Despensa,"Conservas, aceites y condimentos",Dulce Boniato Lata 850 Gr,"4,47 € / 1 Kg","3,80 €",PELLI
Despensa,"Conservas, aceites y condimentos",Dulce Boniato Lata 850 Gr,"4,47 € / 1 Kg","3,80 €",PELLI
Despensa,"Conservas, aceites y condimentos",Dulce Boniato Lata 850 Gr,"4,47 € / 1 Kg","3,80 €",PELLI
Despensa,"Conservas, aceites y condimentos",Dulce Boniato Lata 850 Gr,"4,47 € / 1 Kg","3,80 €",PELLI
Despensa,"Conservas, aceites y condimentos",Dulce Boniato Lata 850 Gr,"4,47 € / 1 Kg","3,80 €",PELLI
Despensa,"Conservas, aceites y condimentos",Dulce Boniato Lata 850 Gr,"4,47 € / 1 Kg","3,80 €",PELLI
Despensa,"Conservas, aceites y condimentos",Dulce Boniato Lata 850 Gr,"4,47 € / 1 Kg","3,80 €",PELLI
Despensa,"Conservas, aceites y condimentos",Molinillo Sal con Hierbas Tarro 78 Gr,"28,85 € / 1 Kg","2,25 €",TOQUE
Despensa,"Conservas, aceites y condimentos",Molinillo Sal con Hierbas Tarro 78 Gr,"28,85 € / 1 Kg","2,25 €",TOQUE
Despensa,"Conservas, aceites y condimentos",Molinillo Sal con Hierbas Tarro 78 Gr,"28,85 € / 1 Kg","2,25 €",TOQUE
Despensa,"Conservas, aceites y condimentos",Molinillo Sal con Hierbas Tarro 78 Gr,"28,85 € / 1 Kg","2,25 €",TOQUE
Despensa,"Conservas, aceites y condimentos",Molinillo Sal con Hierbas Tarro 78 Gr,"28,85 € / 1 Kg","2,25 €",TOQUE
Despensa,"Conservas, aceites y condimentos",Molinillo Sal con Hierbas Tarro 78 Gr,"28,85 € / 1 Kg","2,25 €",TOQUE
Despensa,"Conservas, aceites y condimentos",Molinillo Sal con Hierbas Tarro 78 Gr,"28,85 € / 1 Kg","2,25 €",TOQUE
Despensa,"Conservas, aceites y condimentos",Molinillo Sal con Hierbas Tarro 78 Gr,"28,85 € / 1 Kg","2,25 €",TOQUE
Despensa,"Conservas, aceites y condimentos",Molinillo Sal con Hierbas Tarro 78 Gr,"28,85 € / 1 Kg","2,25 €",TOQUE
Despensa,"Conservas, aceites y condimentos",Molinillo Sal con Hierbas Tarro 78 Gr,"28,85 € / 1 Kg","2,25 €",TOQUE
Despensa,"Conservas, aceites y condimentos",Molinillo Sal con Hierbas Tarro 78 Gr,"28,85 € / 1 Kg","2,25 €",TOQUE
Despensa,"Conservas, aceites y condimentos",Molinillo Sal con Hierbas Tarro 78 Gr,"28,85 € / 1 Kg","2,25 €",TOQUE
Despensa,"Conservas, aceites y condimentos",Molinillo Sal con Hierbas Tarro 78 Gr,"28,85 € / 1 Kg","2,25 €",TOQUE
Despensa,"Conservas, aceites y condimentos",Molinillo Sal con Hierbas Tarro 78 Gr,"28,85 € / 1 Kg","2,25 €",TOQUE
Despensa,"Conservas, aceites y condimentos",Molinillo Sal con Hierbas Tarro 78 Gr,"28,85 € / 1 Kg","2,25 €",TOQUE
Despensa,"Conservas, aceites y condimentos",Molinillo Sal con Hierbas Tarro 78 Gr,"28,85 € / 1 Kg","2,25 €",TOQUE
Despensa,"Conservas, aceites y condimentos",Molinillo Sal con Hierbas Tarro 78 Gr,"28,85 € / 1 Kg","2,25 €",TOQUE
Despensa,"Conservas, aceites y condimentos",Molinillo Sal con Hierbas Tarro 78 Gr,"28,85 € / 1 Kg","2,25 €",TOQUE
Despensa,"Conservas, aceites y condimentos",Molinillo Sal con Hierbas Tarro 78 Gr,"28,85 € / 1 Kg","2,25 €",TOQUE
Despensa,"Conservas, aceites y condimentos",Molinillo Sal con Hierbas Tarro 78 Gr,"28,85 € / 1 Kg","2,25 €",TOQUE
Despensa,"Conservas, aceites y condimentos",Passata de Tomate Pasta de Tomate. Frasco 400 Gr,"7,23 € / 1 Kg","2,89 €",MUTTI
Despensa,"Conservas, aceites y condimentos",Passata de Tomate Pasta de Tomate. Frasco 400 Gr,"7,23 € / 1 Kg","2,89 €",MUTTI
Despensa,"Conservas, aceites y condimentos",Passata de Tomate Pasta de Tomate. Frasco 400 Gr,"7,23 € / 1 Kg","2,89 €",MUTTI
Despensa,"Conservas, aceites y condimentos",Passata de Tomate Pasta de Tomate. Frasco 400 Gr,"7,23 € / 1 Kg","2,89 €",MUTTI
Despensa,"Conservas, aceites y condimentos",Passata de Tomate Pasta de Tomate. Frasco 400 Gr,"7,23 € / 1 Kg","2,89 €",MUTTI
Despensa,"Conservas, aceites y condimentos",Passata de Tomate Pasta de Tomate. Frasco 400 Gr,"7,23 € / 1 Kg","2,89 €",MUTTI
Despensa,"Conservas, aceites y condimentos",Passata de Tomate Pasta de Tomate. Frasco 400 Gr,"7,23 € / 1 Kg","2,89 €",MUTTI
Despensa,"Conservas, aceites y condimentos",Passata de Tomate Pasta de Tomate. Frasco 400 Gr,"7,23 € / 1 Kg","2,89 €",MUTTI
Despensa,"Conservas, aceites y condimentos",Passata de Tomate Pasta de Tomate. Frasco 400 Gr,"7,23 € / 1 Kg","2,89 €",MUTTI
Despensa,"Conservas, aceites y condimentos",Passata de Tomate Pasta de Tomate. Frasco 400 Gr,"7,23 € / 1 Kg","2,89 €",MUTTI
Despensa,"Conservas, aceites y condimentos",Passata de Tomate Pasta de Tomate. Frasco 400 Gr,"7,23 € / 1 Kg","2,89 €",MUTTI
Despensa,"Conservas, aceites y condimentos",Passata de Tomate Pasta de Tomate. Frasco 400 Gr,"7,23 € / 1 Kg","2,89 €",MUTTI
Despensa,"Conservas, aceites y condimentos",Passata de Tomate Pasta de Tomate. Frasco 400 Gr,"7,23 € / 1 Kg","2,89 €",MUTTI
Despensa,"Conservas, aceites y condimentos",Passata de Tomate Pasta de Tomate. Frasco 400 Gr,"7,23 € / 1 Kg","2,89 €",MUTTI
Despensa,"Conservas, aceites y condimentos",Passata de Tomate Pasta de Tomate. Frasco 400 Gr,"7,23 € / 1 Kg","2,89 €",MUTTI
Despensa,"Conservas, aceites y condimentos",Passata de Tomate Pasta de Tomate. Frasco 400 Gr,"7,23 € / 1 Kg","2,89 €",MUTTI
Despensa,"Conservas, aceites y condimentos",Passata de Tomate Pasta de Tomate. Frasco 400 Gr,"7,23 € / 1 Kg","2,89 €",MUTTI
Despensa,"Conservas, aceites y condimentos",Passata de Tomate Pasta de Tomate. Frasco 400 Gr,"7,23 € / 1 Kg","2,89 €",MUTTI
Despensa,"Conservas, aceites y condimentos",Passata de Tomate Pasta de Tomate. Frasco 400 Gr,"7,23 € / 1 Kg","2,89 €",MUTTI
Despensa,"Conservas, aceites y condimentos",Passata de Tomate Pasta de Tomate. Frasco 400 Gr,"7,23 € / 1 Kg","2,89 €",MUTTI
Despensa,"Conservas, aceites y condimentos",Edamame Lata Pack de 2 2 x 65 Gr,"19,92 € / 1 Kg","2,59 €",BONDUELLE
Despensa,"Conservas, aceites y condimentos",Edamame Lata Pack de 2 2 x 65 Gr,"19,92 € / 1 Kg","2,59 €",BONDUELLE
Despensa,"Conservas, aceites y condimentos",Edamame Lata Pack de 2 2 x 65 Gr,"19,92 € / 1 Kg","2,59 €",BONDUELLE
Despensa,"Conservas, aceites y condimentos",Edamame Lata Pack de 2 2 x 65 Gr,"19,92 € / 1 Kg","2,59 €",BONDUELLE
Despensa,"Conservas, aceites y condimentos",Edamame Lata Pack de 2 2 x 65 Gr,"19,92 € / 1 Kg","2,59 €",BONDUELLE
Despensa,"Conservas, aceites y condimentos",Edamame Lata Pack de 2 2 x 65 Gr,"19,92 € / 1 Kg","2,59 €",BONDUELLE
Despensa,"Conservas, aceites y condimentos",Edamame Lata Pack de 2 2 x 65 Gr,"19,92 € / 1 Kg","2,59 €",BONDUELLE
Despensa,"Conservas, aceites y condimentos",Edamame Lata Pack de 2 2 x 65 Gr,"19,92 € / 1 Kg","2,59 €",BONDUELLE
Despensa,"Conservas, aceites y condimentos",Edamame Lata Pack de 2 2 x 65 Gr,"19,92 € / 1 Kg","2,59 €",BONDUELLE
Despensa,"Conservas, aceites y condimentos",Edamame Lata Pack de 2 2 x 65 Gr,"19,92 € / 1 Kg","2,59 €",BONDUELLE
Despensa,"Conservas, aceites y condimentos",Edamame Lata Pack de 2 2 x 65 Gr,"19,92 € / 1 Kg","2,59 €",BONDUELLE
Despensa,"Conservas, aceites y condimentos",Edamame Lata Pack de 2 2 x 65 Gr,"19,92 € / 1 Kg","2,59 €",BONDUELLE
Despensa,"Conservas, aceites y condimentos",Edamame Lata Pack de 2 2 x 65 Gr,"19,92 € / 1 Kg","2,59 €",BONDUELLE
Despensa,"Conservas, aceites y condimentos",Edamame Lata Pack de 2 2 x 65 Gr,"19,92 € / 1 Kg","2,59 €",BONDUELLE
Despensa,"Conservas, aceites y condimentos",Edamame Lata Pack de 2 2 x 65 Gr,"19,92 € / 1 Kg","2,59 €",BONDUELLE
Despensa,"Conservas, aceites y condimentos",Edamame Lata Pack de 2 2 x 65 Gr,"19,92 € / 1 Kg","2,59 €",BONDUELLE
Despensa,"Conservas, aceites y condimentos",Edamame Lata Pack de 2 2 x 65 Gr,"19,92 € / 1 Kg","2,59 €",BONDUELLE
Despensa,"Conservas, aceites y condimentos",Edamame Lata Pack de 2 2 x 65 Gr,"19,92 € / 1 Kg","2,59 €",BONDUELLE
Despensa,"Conservas, aceites y condimentos",Edamame Lata Pack de 2 2 x 65 Gr,"19,92 € / 1 Kg","2,59 €",BONDUELLE
Despensa,"Conservas, aceites y condimentos",Edamame Lata Pack de 2 2 x 65 Gr,"19,92 € / 1 Kg","2,59 €",BONDUELLE
Despensa,"Conservas, aceites y condimentos",Kétchup Botella 700 Gr,"5,56 € / 1 Kg","3,89 €",HEINZ
Despensa,"Conservas, aceites y condimentos",Kétchup Botella 700 Gr,"5,56 € / 1 Kg","3,89 €",HEINZ
Despensa,"Conservas, aceites y condimentos",Kétchup Botella 700 Gr,"5,56 € / 1 Kg","3,89 €",HEINZ
Despensa,"Conservas, aceites y condimentos",Kétchup Botella 700 Gr,"5,56 € / 1 Kg","3,89 €",HEINZ
Despensa,"Conservas, aceites y condimentos",Kétchup Botella 700 Gr,"5,56 € / 1 Kg","3,89 €",HEINZ
Despensa,"Conservas, aceites y condimentos",Kétchup Botella 700 Gr,"5,56 € / 1 Kg","3,89 €",HEINZ
Despensa,"Conservas, aceites y condimentos",Kétchup Botella 700 Gr,"5,56 € / 1 Kg","3,89 €",HEINZ
Despensa,"Conservas, aceites y condimentos",Kétchup Botella 700 Gr,"5,56 € / 1 Kg","3,89 €",HEINZ
Despensa,"Conservas, aceites y condimentos",Kétchup Botella 700 Gr,"5,56 € / 1 Kg","3,89 €",HEINZ
Despensa,"Conservas, aceites y condimentos",Kétchup Botella 700 Gr,"5,56 € / 1 Kg","3,89 €",HEINZ
Despensa,"Conservas, aceites y condimentos",Kétchup Botella 700 Gr,"5,56 € / 1 Kg","3,89 €",HEINZ
Despensa,"Conservas, aceites y condimentos",Kétchup Botella 700 Gr,"5,56 € / 1 Kg","3,89 €",HEINZ
Despensa,"Conservas, aceites y condimentos",Kétchup Botella 700 Gr,"5,56 € / 1 Kg","3,89 €",HEINZ
Despensa,"Conservas, aceites y condimentos",Kétchup Botella 700 Gr,"5,56 € / 1 Kg","3,89 €",HEINZ
Despensa,"Conservas, aceites y condimentos",Kétchup Botella 700 Gr,"5,56 € / 1 Kg","3,89 €",HEINZ
Despensa,"Conservas, aceites y condimentos",Kétchup Botella 700 Gr,"5,56 € / 1 Kg","3,89 €",HEINZ
Despensa,"Conservas, aceites y condimentos",Kétchup Botella 700 Gr,"5,56 € / 1 Kg","3,89 €",HEINZ
Despensa,"Conservas, aceites y condimentos",Kétchup Botella 700 Gr,"5,56 € / 1 Kg","3,89 €",HEINZ
Despensa,"Conservas, aceites y condimentos",Kétchup Botella 700 Gr,"5,56 € / 1 Kg","3,89 €",HEINZ
Despensa,"Conservas, aceites y condimentos",Kétchup Botella 700 Gr,"5,56 € / 1 Kg","3,89 €",HEINZ
Despensa,"Conservas, aceites y condimentos",Mayonesa Tarro Cristal 825 ml,"7,26 € / 1 L","5,99 €",HELLMANN'S
Despensa,"Conservas, aceites y condimentos",Mayonesa Tarro Cristal 825 ml,"7,26 € / 1 L","5,99 €",HELLMANN'S
Despensa,"Conservas, aceites y condimentos",Mayonesa Tarro Cristal 825 ml,"7,26 € / 1 L","5,99 €",HELLMANN'S
Despensa,"Conservas, aceites y condimentos",Mayonesa Tarro Cristal 825 ml,"7,26 € / 1 L","5,99 €",HELLMANN'S
Despensa,"Conservas, aceites y condimentos",Mayonesa Tarro Cristal 825 ml,"7,26 € / 1 L","5,99 €",HELLMANN'S
Despensa,"Conservas, aceites y condimentos",Mayonesa Tarro Cristal 825 ml,"7,26 € / 1 L","5,99 €",HELLMANN'S
Despensa,"Conservas, aceites y condimentos",Mayonesa Tarro Cristal 825 ml,"7,26 € / 1 L","5,99 €",HELLMANN'S
Despensa,"Conservas, aceites y condimentos",Mayonesa Tarro Cristal 825 ml,"7,26 € / 1 L","5,99 €",HELLMANN'S
Despensa,"Conservas, aceites y condimentos",Mayonesa Tarro Cristal 825 ml,"7,26 € / 1 L","5,99 €",HELLMANN'S
Despensa,"Conservas, aceites y condimentos",Mayonesa Tarro Cristal 825 ml,"7,26 € / 1 L","5,99 €",HELLMANN'S
Despensa,"Conservas, aceites y condimentos",Mayonesa Tarro Cristal 825 ml,"7,26 € / 1 L","5,99 €",HELLMANN'S
Despensa,"Conservas, aceites y condimentos",Mayonesa Tarro Cristal 825 ml,"7,26 € / 1 L","5,99 €",HELLMANN'S
Despensa,"Conservas, aceites y condimentos",Mayonesa Tarro Cristal 825 ml,"7,26 € / 1 L","5,99 €",HELLMANN'S
Despensa,"Conservas, aceites y condimentos",Mayonesa Tarro Cristal 825 ml,"7,26 € / 1 L","5,99 €",HELLMANN'S
Despensa,"Conservas, aceites y condimentos",Mayonesa Tarro Cristal 825 ml,"7,26 € / 1 L","5,99 €",HELLMANN'S
Despensa,"Conservas, aceites y condimentos",Mayonesa Tarro Cristal 825 ml,"7,26 € / 1 L","5,99 €",HELLMANN'S
Despensa,"Conservas, aceites y condimentos",Mayonesa Tarro Cristal 825 ml,"7,26 € / 1 L","5,99 €",HELLMANN'S
Despensa,"Conservas, aceites y condimentos",Mayonesa Tarro Cristal 825 ml,"7,26 € / 1 L","5,99 €",HELLMANN'S
Despensa,"Conservas, aceites y condimentos",Mayonesa Tarro Cristal 825 ml,"7,26 € / 1 L","5,99 €",HELLMANN'S
Despensa,"Conservas, aceites y condimentos",Mayonesa Tarro Cristal 825 ml,"7,26 € / 1 L","5,99 €",HELLMANN'S
Despensa,"Conservas, aceites y condimentos",Berberechos al Natural 80/100 63 Gr,"69,68 € / 1 Kg","4,39 €",CABO PEÑAS
Despensa,"Conservas, aceites y condimentos",Berberechos al Natural 80/100 63 Gr,"69,68 € / 1 Kg","4,39 €",CABO PEÑAS
Despensa,"Conservas, aceites y condimentos",Berberechos al Natural 80/100 63 Gr,"69,68 € / 1 Kg","4,39 €",CABO PEÑAS
Despensa,"Conservas, aceites y condimentos",Berberechos al Natural 80/100 63 Gr,"69,68 € / 1 Kg","4,39 €",CABO PEÑAS
Despensa,"Conservas, aceites y condimentos",Berberechos al Natural 80/100 63 Gr,"69,68 € / 1 Kg","4,39 €",CABO PEÑAS
Despensa,"Conservas, aceites y condimentos",Berberechos al Natural 80/100 63 Gr,"69,68 € / 1 Kg","4,39 €",CABO PEÑAS
Despensa,"Conservas, aceites y condimentos",Berberechos al Natural 80/100 63 Gr,"69,68 € / 1 Kg","4,39 €",CABO PEÑAS
Despensa,"Conservas, aceites y condimentos",Berberechos al Natural 80/100 63 Gr,"69,68 € / 1 Kg","4,39 €",CABO PEÑAS
Despensa,"Conservas, aceites y condimentos",Berberechos al Natural 80/100 63 Gr,"69,68 € / 1 Kg","4,39 €",CABO PEÑAS
Despensa,"Conservas, aceites y condimentos",Berberechos al Natural 80/100 63 Gr,"69,68 € / 1 Kg","4,39 €",CABO PEÑAS
Despensa,"Conservas, aceites y condimentos",Berberechos al Natural 80/100 63 Gr,"69,68 € / 1 Kg","4,39 €",CABO PEÑAS
Despensa,"Conservas, aceites y condimentos",Berberechos al Natural 80/100 63 Gr,"69,68 € / 1 Kg","4,39 €",CABO PEÑAS
Despensa,"Conservas, aceites y condimentos",Berberechos al Natural 80/100 63 Gr,"69,68 € / 1 Kg","4,39 €",CABO PEÑAS
Despensa,"Conservas, aceites y condimentos",Berberechos al Natural 80/100 63 Gr,"69,68 € / 1 Kg","4,39 €",CABO PEÑAS
Despensa,"Conservas, aceites y condimentos",Berberechos al Natural 80/100 63 Gr,"69,68 € / 1 Kg","4,39 €",CABO PEÑAS
Despensa,"Conservas, aceites y condimentos",Berberechos al Natural 80/100 63 Gr,"69,68 € / 1 Kg","4,39 €",CABO PEÑAS
Despensa,"Conservas, aceites y condimentos",Berberechos al Natural 80/100 63 Gr,"69,68 € / 1 Kg","4,39 €",CABO PEÑAS
Despensa,"Conservas, aceites y condimentos",Berberechos al Natural 80/100 63 Gr,"69,68 € / 1 Kg","4,39 €",CABO PEÑAS
Despensa,"Conservas, aceites y condimentos",Berberechos al Natural 80/100 63 Gr,"69,68 € / 1 Kg","4,39 €",CABO PEÑAS
Despensa,"Conservas, aceites y condimentos",Berberechos al Natural 80/100 63 Gr,"69,68 € / 1 Kg","4,39 €",CABO PEÑAS
Despensa,"Conservas, aceites y condimentos",Salsa Vegana Tarro 280 ml,"15,18 € / 1 L","4,25 €",HELLMANN'S
Despensa,"Conservas, aceites y condimentos",Salsa Vegana Tarro 280 ml,"15,18 € / 1 L","4,25 €",HELLMANN'S
Despensa,"Conservas, aceites y condimentos",Salsa Vegana Tarro 280 ml,"15,18 € / 1 L","4,25 €",HELLMANN'S
Despensa,"Conservas, aceites y condimentos",Salsa Vegana Tarro 280 ml,"15,18 € / 1 L","4,25 €",HELLMANN'S
Despensa,"Conservas, aceites y condimentos",Salsa Vegana Tarro 280 ml,"15,18 € / 1 L","4,25 €",HELLMANN'S
Despensa,"Conservas, aceites y condimentos",Salsa Vegana Tarro 280 ml,"15,18 € / 1 L","4,25 €",HELLMANN'S
Despensa,"Conservas, aceites y condimentos",Salsa Vegana Tarro 280 ml,"15,18 € / 1 L","4,25 €",HELLMANN'S
Despensa,"Conservas, aceites y condimentos",Salsa Vegana Tarro 280 ml,"15,18 € / 1 L","4,25 €",HELLMANN'S
Despensa,"Conservas, aceites y condimentos",Salsa Vegana Tarro 280 ml,"15,18 € / 1 L","4,25 €",HELLMANN'S
Despensa,"Conservas, aceites y condimentos",Salsa Vegana Tarro 280 ml,"15,18 € / 1 L","4,25 €",HELLMANN'S
Despensa,"Conservas, aceites y condimentos",Salsa Vegana Tarro 280 ml,"15,18 € / 1 L","4,25 €",HELLMANN'S
Despensa,"Conservas, aceites y condimentos",Salsa Vegana Tarro 280 ml,"15,18 € / 1 L","4,25 €",HELLMANN'S
Despensa,"Conservas, aceites y condimentos",Salsa Vegana Tarro 280 ml,"15,18 € / 1 L","4,25 €",HELLMANN'S
Despensa,"Conservas, aceites y condimentos",Salsa Vegana Tarro 280 ml,"15,18 € / 1 L","4,25 €",HELLMANN'S
Despensa,"Conservas, aceites y condimentos",Salsa Vegana Tarro 280 ml,"15,18 € / 1 L","4,25 €",HELLMANN'S
Despensa,"Conservas, aceites y condimentos",Salsa Vegana Tarro 280 ml,"15,18 € / 1 L","4,25 €",HELLMANN'S
Despensa,"Conservas, aceites y condimentos",Salsa Vegana Tarro 280 ml,"15,18 € / 1 L","4,25 €",HELLMANN'S
Despensa,"Conservas, aceites y condimentos",Salsa Vegana Tarro 280 ml,"15,18 € / 1 L","4,25 €",HELLMANN'S
Despensa,"Conservas, aceites y condimentos",Salsa Vegana Tarro 280 ml,"15,18 € / 1 L","4,25 €",HELLMANN'S
Despensa,"Conservas, aceites y condimentos",Salsa Vegana Tarro 280 ml,"15,18 € / 1 L","4,25 €",HELLMANN'S
Despensa,"Conservas, aceites y condimentos",Molinillo Pimienta Negra Frasco 35 Gr,"11,40 € / 100 Gr","3,99 €",DUCROS
Despensa,"Conservas, aceites y condimentos",Molinillo Pimienta Negra Frasco 35 Gr,"11,40 € / 100 Gr","3,99 €",DUCROS
Despensa,"Conservas, aceites y condimentos",Molinillo Pimienta Negra Frasco 35 Gr,"11,40 € / 100 Gr","3,99 €",DUCROS
Despensa,"Conservas, aceites y condimentos",Molinillo Pimienta Negra Frasco 35 Gr,"11,40 € / 100 Gr","3,99 €",DUCROS
Despensa,"Conservas, aceites y condimentos",Molinillo Pimienta Negra Frasco 35 Gr,"11,40 € / 100 Gr","3,99 €",DUCROS
Despensa,"Conservas, aceites y condimentos",Molinillo Pimienta Negra Frasco 35 Gr,"11,40 € / 100 Gr","3,99 €",DUCROS
Despensa,"Conservas, aceites y condimentos",Molinillo Pimienta Negra Frasco 35 Gr,"11,40 € / 100 Gr","3,99 €",DUCROS
Despensa,"Conservas, aceites y condimentos",Molinillo Pimienta Negra Frasco 35 Gr,"11,40 € / 100 Gr","3,99 €",DUCROS
Despensa,"Conservas, aceites y condimentos",Molinillo Pimienta Negra Frasco 35 Gr,"11,40 € / 100 Gr","3,99 €",DUCROS
Despensa,"Conservas, aceites y condimentos",Molinillo Pimienta Negra Frasco 35 Gr,"11,40 € / 100 Gr","3,99 €",DUCROS
Despensa,"Conservas, aceites y condimentos",Molinillo Pimienta Negra Frasco 35 Gr,"11,40 € / 100 Gr","3,99 €",DUCROS
Despensa,"Conservas, aceites y condimentos",Molinillo Pimienta Negra Frasco 35 Gr,"11,40 € / 100 Gr","3,99 €",DUCROS
Despensa,"Conservas, aceites y condimentos",Molinillo Pimienta Negra Frasco 35 Gr,"11,40 € / 100 Gr","3,99 €",DUCROS
Despensa,"Conservas, aceites y condimentos",Molinillo Pimienta Negra Frasco 35 Gr,"11,40 € / 100 Gr","3,99 €",DUCROS
Despensa,"Conservas, aceites y condimentos",Molinillo Pimienta Negra Frasco 35 Gr,"11,40 € / 100 Gr","3,99 €",DUCROS
Despensa,"Conservas, aceites y condimentos",Molinillo Pimienta Negra Frasco 35 Gr,"11,40 € / 100 Gr","3,99 €",DUCROS
Despensa,"Conservas, aceites y condimentos",Molinillo Pimienta Negra Frasco 35 Gr,"11,40 € / 100 Gr","3,99 €",DUCROS
Despensa,"Conservas, aceites y condimentos",Molinillo Pimienta Negra Frasco 35 Gr,"11,40 € / 100 Gr","3,99 €",DUCROS
Despensa,"Conservas, aceites y condimentos",Molinillo Pimienta Negra Frasco 35 Gr,"11,40 € / 100 Gr","3,99 €",DUCROS
Despensa,"Conservas, aceites y condimentos",Molinillo Pimienta Negra Frasco 35 Gr,"11,40 € / 100 Gr","3,99 €",DUCROS
Despensa,"Conservas, aceites y condimentos",Atún Claro Lomos en Aceite de Oliva 135 Gr,"27,33 € / 1 Kg","3,69 €",CONSUM
Despensa,"Conservas, aceites y condimentos",Atún Claro Lomos en Aceite de Oliva 135 Gr,"27,33 € / 1 Kg","3,69 €",CONSUM
Despensa,"Conservas, aceites y condimentos",Atún Claro Lomos en Aceite de Oliva 135 Gr,"27,33 € / 1 Kg","3,69 €",CONSUM
Despensa,"Conservas, aceites y condimentos",Atún Claro Lomos en Aceite de Oliva 135 Gr,"27,33 € / 1 Kg","3,69 €",CONSUM
Despensa,"Conservas, aceites y condimentos",Atún Claro Lomos en Aceite de Oliva 135 Gr,"27,33 € / 1 Kg","3,69 €",CONSUM
Despensa,"Conservas, aceites y condimentos",Atún Claro Lomos en Aceite de Oliva 135 Gr,"27,33 € / 1 Kg","3,69 €",CONSUM
Despensa,"Conservas, aceites y condimentos",Atún Claro Lomos en Aceite de Oliva 135 Gr,"27,33 € / 1 Kg","3,69 €",CONSUM
Despensa,"Conservas, aceites y condimentos",Atún Claro Lomos en Aceite de Oliva 135 Gr,"27,33 € / 1 Kg","3,69 €",CONSUM
Despensa,"Conservas, aceites y condimentos",Atún Claro Lomos en Aceite de Oliva 135 Gr,"27,33 € / 1 Kg","3,69 €",CONSUM
Despensa,"Conservas, aceites y condimentos",Atún Claro Lomos en Aceite de Oliva 135 Gr,"27,33 € / 1 Kg","3,69 €",CONSUM
Despensa,"Conservas, aceites y condimentos",Atún Claro Lomos en Aceite de Oliva 135 Gr,"27,33 € / 1 Kg","3,69 €",CONSUM
Despensa,"Conservas, aceites y condimentos",Atún Claro Lomos en Aceite de Oliva 135 Gr,"27,33 € / 1 Kg","3,69 €",CONSUM
Despensa,"Conservas, aceites y condimentos",Atún Claro Lomos en Aceite de Oliva 135 Gr,"27,33 € / 1 Kg","3,69 €",CONSUM
Despensa,"Conservas, aceites y condimentos",Atún Claro Lomos en Aceite de Oliva 135 Gr,"27,33 € / 1 Kg","3,69 €",CONSUM
Despensa,"Conservas, aceites y condimentos",Atún Claro Lomos en Aceite de Oliva 135 Gr,"27,33 € / 1 Kg","3,69 €",CONSUM
Despensa,"Conservas, aceites y condimentos",Atún Claro Lomos en Aceite de Oliva 135 Gr,"27,33 € / 1 Kg","3,69 €",CONSUM
Despensa,"Conservas, aceites y condimentos",Atún Claro Lomos en Aceite de Oliva 135 Gr,"27,33 € / 1 Kg","3,69 €",CONSUM
Despensa,"Conservas, aceites y condimentos",Atún Claro Lomos en Aceite de Oliva 135 Gr,"27,33 € / 1 Kg","3,69 €",CONSUM
Despensa,"Conservas, aceites y condimentos",Atún Claro Lomos en Aceite de Oliva 135 Gr,"27,33 € / 1 Kg","3,69 €",CONSUM
Despensa,"Conservas, aceites y condimentos",Atún Claro Lomos en Aceite de Oliva 135 Gr,"27,33 € / 1 Kg","3,69 €",CONSUM
Despensa,"Conservas, aceites y condimentos",Mostaza Original Bote 265 Gr,"6,75 € / 1 Kg","1,79 €",PRIMA
Despensa,"Conservas, aceites y condimentos",Mostaza Original Bote 265 Gr,"6,75 € / 1 Kg","1,79 €",PRIMA
Despensa,"Conservas, aceites y condimentos",Mostaza Original Bote 265 Gr,"6,75 € / 1 Kg","1,79 €",PRIMA
Despensa,"Conservas, aceites y condimentos",Mostaza Original Bote 265 Gr,"6,75 € / 1 Kg","1,79 €",PRIMA
Despensa,"Conservas, aceites y condimentos",Mostaza Original Bote 265 Gr,"6,75 € / 1 Kg","1,79 €",PRIMA
Despensa,"Conservas, aceites y condimentos",Mostaza Original Bote 265 Gr,"6,75 € / 1 Kg","1,79 €",PRIMA
Despensa,"Conservas, aceites y condimentos",Mostaza Original Bote 265 Gr,"6,75 € / 1 Kg","1,79 €",PRIMA
Despensa,"Conservas, aceites y condimentos",Mostaza Original Bote 265 Gr,"6,75 € / 1 Kg","1,79 €",PRIMA
Despensa,"Conservas, aceites y condimentos",Mostaza Original Bote 265 Gr,"6,75 € / 1 Kg","1,79 €",PRIMA
Despensa,"Conservas, aceites y condimentos",Mostaza Original Bote 265 Gr,"6,75 € / 1 Kg","1,79 €",PRIMA
Despensa,"Conservas, aceites y condimentos",Mostaza Original Bote 265 Gr,"6,75 € / 1 Kg","1,79 €",PRIMA
Despensa,"Conservas, aceites y condimentos",Mostaza Original Bote 265 Gr,"6,75 € / 1 Kg","1,79 €",PRIMA
Despensa,"Conservas, aceites y condimentos",Mostaza Original Bote 265 Gr,"6,75 € / 1 Kg","1,79 €",PRIMA
Despensa,"Conservas, aceites y condimentos",Mostaza Original Bote 265 Gr,"6,75 € / 1 Kg","1,79 €",PRIMA
Despensa,"Conservas, aceites y condimentos",Mostaza Original Bote 265 Gr,"6,75 € / 1 Kg","1,79 €",PRIMA
Despensa,"Conservas, aceites y condimentos",Mostaza Original Bote 265 Gr,"6,75 € / 1 Kg","1,79 €",PRIMA
Despensa,"Conservas, aceites y condimentos",Mostaza Original Bote 265 Gr,"6,75 € / 1 Kg","1,79 €",PRIMA
Despensa,"Conservas, aceites y condimentos",Mostaza Original Bote 265 Gr,"6,75 € / 1 Kg","1,79 €",PRIMA
Despensa,"Conservas, aceites y condimentos",Mostaza Original Bote 265 Gr,"6,75 € / 1 Kg","1,79 €",PRIMA
Despensa,"Conservas, aceites y condimentos",Mostaza Original Bote 265 Gr,"6,75 € / 1 Kg","1,79 €",PRIMA
Despensa,"Conservas, aceites y condimentos",Salsa para Pizza Lata 400 Gr,"6,88 € / 1 Kg","2,75 €",MUTTI
Despensa,"Conservas, aceites y condimentos",Salsa para Pizza Lata 400 Gr,"6,88 € / 1 Kg","2,75 €",MUTTI
Despensa,"Conservas, aceites y condimentos",Salsa para Pizza Lata 400 Gr,"6,88 € / 1 Kg","2,75 €",MUTTI
Despensa,"Conservas, aceites y condimentos",Salsa para Pizza Lata 400 Gr,"6,88 € / 1 Kg","2,75 €",MUTTI
Despensa,"Conservas, aceites y condimentos",Salsa para Pizza Lata 400 Gr,"6,88 € / 1 Kg","2,75 €",MUTTI
Despensa,"Conservas, aceites y condimentos",Salsa para Pizza Lata 400 Gr,"6,88 € / 1 Kg","2,75 €",MUTTI
Despensa,"Conservas, aceites y condimentos",Salsa para Pizza Lata 400 Gr,"6,88 € / 1 Kg","2,75 €",MUTTI
Despensa,"Conservas, aceites y condimentos",Salsa para Pizza Lata 400 Gr,"6,88 € / 1 Kg","2,75 €",MUTTI
Despensa,"Conservas, aceites y condimentos",Salsa para Pizza Lata 400 Gr,"6,88 € / 1 Kg","2,75 €",MUTTI
Despensa,"Conservas, aceites y condimentos",Salsa para Pizza Lata 400 Gr,"6,88 € / 1 Kg","2,75 €",MUTTI
Despensa,"Conservas, aceites y condimentos",Salsa para Pizza Lata 400 Gr,"6,88 € / 1 Kg","2,75 €",MUTTI
Despensa,"Conservas, aceites y condimentos",Salsa para Pizza Lata 400 Gr,"6,88 € / 1 Kg","2,75 €",MUTTI
Despensa,"Conservas, aceites y condimentos",Salsa para Pizza Lata 400 Gr,"6,88 € / 1 Kg","2,75 €",MUTTI
Despensa,"Conservas, aceites y condimentos",Salsa para Pizza Lata 400 Gr,"6,88 € / 1 Kg","2,75 €",MUTTI
Despensa,"Conservas, aceites y condimentos",Salsa para Pizza Lata 400 Gr,"6,88 € / 1 Kg","2,75 €",MUTTI
Despensa,"Conservas, aceites y condimentos",Salsa para Pizza Lata 400 Gr,"6,88 € / 1 Kg","2,75 €",MUTTI
Despensa,"Conservas, aceites y condimentos",Salsa para Pizza Lata 400 Gr,"6,88 € / 1 Kg","2,75 €",MUTTI
Despensa,"Conservas, aceites y condimentos",Salsa para Pizza Lata 400 Gr,"6,88 € / 1 Kg","2,75 €",MUTTI
Despensa,"Conservas, aceites y condimentos",Salsa para Pizza Lata 400 Gr,"6,88 € / 1 Kg","2,75 €",MUTTI
Despensa,"Conservas, aceites y condimentos",Salsa para Pizza Lata 400 Gr,"6,88 € / 1 Kg","2,75 €",MUTTI
Despensa,"Conservas, aceites y condimentos",Salsa Soja Baja en Sal y Sin Gluten 150 ml,"13,27 € / 1 L","1,99 €",TIGER KHAN
Despensa,"Conservas, aceites y condimentos",Salsa Soja Baja en Sal y Sin Gluten 150 ml,"13,27 € / 1 L","1,99 €",TIGER KHAN
Despensa,"Conservas, aceites y condimentos",Salsa Soja Baja en Sal y Sin Gluten 150 ml,"13,27 € / 1 L","1,99 €",TIGER KHAN
Despensa,"Conservas, aceites y condimentos",Salsa Soja Baja en Sal y Sin Gluten 150 ml,"13,27 € / 1 L","1,99 €",TIGER KHAN
Despensa,"Conservas, aceites y condimentos",Salsa Soja Baja en Sal y Sin Gluten 150 ml,"13,27 € / 1 L","1,99 €",TIGER KHAN
Despensa,"Conservas, aceites y condimentos",Salsa Soja Baja en Sal y Sin Gluten 150 ml,"13,27 € / 1 L","1,99 €",TIGER KHAN
Despensa,"Conservas, aceites y condimentos",Salsa Soja Baja en Sal y Sin Gluten 150 ml,"13,27 € / 1 L","1,99 €",TIGER KHAN
Despensa,"Conservas, aceites y condimentos",Salsa Soja Baja en Sal y Sin Gluten 150 ml,"13,27 € / 1 L","1,99 €",TIGER KHAN
Despensa,"Conservas, aceites y condimentos",Salsa Soja Baja en Sal y Sin Gluten 150 ml,"13,27 € / 1 L","1,99 €",TIGER KHAN
Despensa,"Conservas, aceites y condimentos",Salsa Soja Baja en Sal y Sin Gluten 150 ml,"13,27 € / 1 L","1,99 €",TIGER KHAN
Despensa,"Conservas, aceites y condimentos",Salsa Soja Baja en Sal y Sin Gluten 150 ml,"13,27 € / 1 L","1,99 €",TIGER KHAN
Despensa,"Conservas, aceites y condimentos",Salsa Soja Baja en Sal y Sin Gluten 150 ml,"13,27 € / 1 L","1,99 €",TIGER KHAN
Despensa,"Conservas, aceites y condimentos",Salsa Soja Baja en Sal y Sin Gluten 150 ml,"13,27 € / 1 L","1,99 €",TIGER KHAN
Despensa,"Conservas, aceites y condimentos",Salsa Soja Baja en Sal y Sin Gluten 150 ml,"13,27 € / 1 L","1,99 €",TIGER KHAN
Despensa,"Conservas, aceites y condimentos",Salsa Soja Baja en Sal y Sin Gluten 150 ml,"13,27 € / 1 L","1,99 €",TIGER KHAN
Despensa,"Conservas, aceites y condimentos",Salsa Soja Baja en Sal y Sin Gluten 150 ml,"13,27 € / 1 L","1,99 €",TIGER KHAN
Despensa,"Conservas, aceites y condimentos",Salsa Soja Baja en Sal y Sin Gluten 150 ml,"13,27 € / 1 L","1,99 €",TIGER KHAN
Despensa,"Conservas, aceites y condimentos",Salsa Soja Baja en Sal y Sin Gluten 150 ml,"13,27 € / 1 L","1,99 €",TIGER KHAN
Despensa,"Conservas, aceites y condimentos",Salsa Soja Baja en Sal y Sin Gluten 150 ml,"13,27 € / 1 L","1,99 €",TIGER KHAN
Despensa,"Conservas, aceites y condimentos",Salsa Soja Baja en Sal y Sin Gluten 150 ml,"13,27 € / 1 L","1,99 €",TIGER KHAN
Despensa,"Conservas, aceites y condimentos",Sal en Escamas Ahumadas 125 Gr,"26,32 € / 1 Kg","3,29 €",HALOS
Despensa,"Conservas, aceites y condimentos",Sal en Escamas Ahumadas 125 Gr,"26,32 € / 1 Kg","3,29 €",HALOS
Despensa,"Conservas, aceites y condimentos",Sal en Escamas Ahumadas 125 Gr,"26,32 € / 1 Kg","3,29 €",HALOS
Despensa,"Conservas, aceites y condimentos",Sal en Escamas Ahumadas 125 Gr,"26,32 € / 1 Kg","3,29 €",HALOS
Despensa,"Conservas, aceites y condimentos",Sal en Escamas Ahumadas 125 Gr,"26,32 € / 1 Kg","3,29 €",HALOS
Despensa,"Conservas, aceites y condimentos",Sal en Escamas Ahumadas 125 Gr,"26,32 € / 1 Kg","3,29 €",HALOS
Despensa,"Conservas, aceites y condimentos",Sal en Escamas Ahumadas 125 Gr,"26,32 € / 1 Kg","3,29 €",HALOS
Despensa,"Conservas, aceites y condimentos",Sal en Escamas Ahumadas 125 Gr,"26,32 € / 1 Kg","3,29 €",HALOS
Despensa,"Conservas, aceites y condimentos",Sal en Escamas Ahumadas 125 Gr,"26,32 € / 1 Kg","3,29 €",HALOS
Despensa,"Conservas, aceites y condimentos",Sal en Escamas Ahumadas 125 Gr,"26,32 € / 1 Kg","3,29 €",HALOS
Despensa,"Conservas, aceites y condimentos",Sal en Escamas Ahumadas 125 Gr,"26,32 € / 1 Kg","3,29 €",HALOS
Despensa,"Conservas, aceites y condimentos",Sal en Escamas Ahumadas 125 Gr,"26,32 € / 1 Kg","3,29 €",HALOS
Despensa,"Conservas, aceites y condimentos",Sal en Escamas Ahumadas 125 Gr,"26,32 € / 1 Kg","3,29 €",HALOS
Despensa,"Conservas, aceites y condimentos",Sal en Escamas Ahumadas 125 Gr,"26,32 € / 1 Kg","3,29 €",HALOS
Despensa,"Conservas, aceites y condimentos",Sal en Escamas Ahumadas 125 Gr,"26,32 € / 1 Kg","3,29 €",HALOS
Despensa,"Conservas, aceites y condimentos",Sal en Escamas Ahumadas 125 Gr,"26,32 € / 1 Kg","3,29 €",HALOS
Despensa,"Conservas, aceites y condimentos",Sal en Escamas Ahumadas 125 Gr,"26,32 € / 1 Kg","3,29 €",HALOS
Despensa,"Conservas, aceites y condimentos",Sal en Escamas Ahumadas 125 Gr,"26,32 € / 1 Kg","3,29 €",HALOS
Despensa,"Conservas, aceites y condimentos",Sal en Escamas Ahumadas 125 Gr,"26,32 € / 1 Kg","3,29 €",HALOS
Despensa,"Conservas, aceites y condimentos",Sal en Escamas Ahumadas 125 Gr,"26,32 € / 1 Kg","3,29 €",HALOS
Despensa,"Conservas, aceites y condimentos",Spray Aceite de Oliva Virgen Extra a la Trufa 200 ml,"19,95 € / 1 L","3,99 €",LA ESPAÑOLA
Despensa,"Conservas, aceites y condimentos",Spray Aceite de Oliva Virgen Extra a la Trufa 200 ml,"19,95 € / 1 L","3,99 €",LA ESPAÑOLA
Despensa,"Conservas, aceites y condimentos",Spray Aceite de Oliva Virgen Extra a la Trufa 200 ml,"19,95 € / 1 L","3,99 €",LA ESPAÑOLA
Despensa,"Conservas, aceites y condimentos",Spray Aceite de Oliva Virgen Extra a la Trufa 200 ml,"19,95 € / 1 L","3,99 €",LA ESPAÑOLA
Despensa,"Conservas, aceites y condimentos",Spray Aceite de Oliva Virgen Extra a la Trufa 200 ml,"19,95 € / 1 L","3,99 €",LA ESPAÑOLA
Despensa,"Conservas, aceites y condimentos",Spray Aceite de Oliva Virgen Extra a la Trufa 200 ml,"19,95 € / 1 L","3,99 €",LA ESPAÑOLA
Despensa,"Conservas, aceites y condimentos",Spray Aceite de Oliva Virgen Extra a la Trufa 200 ml,"19,95 € / 1 L","3,99 €",LA ESPAÑOLA
Despensa,"Conservas, aceites y condimentos",Spray Aceite de Oliva Virgen Extra a la Trufa 200 ml,"19,95 € / 1 L","3,99 €",LA ESPAÑOLA
Despensa,"Conservas, aceites y condimentos",Spray Aceite de Oliva Virgen Extra a la Trufa 200 ml,"19,95 € / 1 L","3,99 €",LA ESPAÑOLA
Despensa,"Conservas, aceites y condimentos",Spray Aceite de Oliva Virgen Extra a la Trufa 200 ml,"19,95 € / 1 L","3,99 €",LA ESPAÑOLA
Despensa,"Desayuno, dulces y café",Harina de Trigo Paquete 1 Kg,"1,15 € / 1 Kg","1,39 €
1,15 €",GALLO
Despensa,"Desayuno, dulces y café",Harina de Trigo Paquete 1 Kg,"1,15 € / 1 Kg","1,39 €
1,15 €",GALLO
Despensa,"Desayuno, dulces y café",Harina de Trigo Paquete 1 Kg,"1,15 € / 1 Kg","1,39 €
1,15 €",GALLO
Despensa,"Desayuno, dulces y café",Harina de Trigo Paquete 1 Kg,"1,15 € / 1 Kg","1,39 €
1,15 €",GALLO
Despensa,"Desayuno, dulces y café",Harina de Trigo Paquete 1 Kg,"1,15 € / 1 Kg","1,39 €
1,15 €",GALLO
Despensa,"Desayuno, dulces y café",Harina de Trigo Paquete 1 Kg,"1,15 € / 1 Kg","1,39 €
1,15 €",GALLO
Despensa,"Desayuno, dulces y café",Harina de Trigo Paquete 1 Kg,"1,15 € / 1 Kg","1,39 €
1,15 €",GALLO
Despensa,"Desayuno, dulces y café",Harina de Trigo Paquete 1 Kg,"1,15 € / 1 Kg","1,39 €
1,15 €",GALLO
Despensa,"Desayuno, dulces y café",Harina de Trigo Paquete 1 Kg,"1,15 € / 1 Kg","1,39 €
1,15 €",GALLO
Despensa,"Desayuno, dulces y café",Harina de Trigo Paquete 1 Kg,"1,15 € / 1 Kg","1,39 €
1,15 €",GALLO
Despensa,"Desayuno, dulces y café",Harina de Trigo Paquete 1 Kg,"1,15 € / 1 Kg","1,39 €
1,15 €",GALLO
Despensa,"Desayuno, dulces y café",Harina de Trigo Paquete 1 Kg,"1,15 € / 1 Kg","1,39 €
1,15 €",GALLO
Despensa,"Desayuno, dulces y café",Harina de Trigo Paquete 1 Kg,"1,15 € / 1 Kg","1,39 €
1,15 €",GALLO
Despensa,"Desayuno, dulces y café",Harina de Trigo Paquete 1 Kg,"1,15 € / 1 Kg","1,39 €
1,15 €",GALLO
Despensa,"Desayuno, dulces y café",Harina de Trigo Paquete 1 Kg,"1,15 € / 1 Kg","1,39 €
1,15 €",GALLO
Despensa,"Desayuno, dulces y café",Harina de Trigo Paquete 1 Kg,"1,15 € / 1 Kg","1,39 €
1,15 €",GALLO
Despensa,"Desayuno, dulces y café",Harina de Trigo Paquete 1 Kg,"1,15 € / 1 Kg","1,39 €
1,15 €",GALLO
Despensa,"Desayuno, dulces y café",Harina de Trigo Paquete 1 Kg,"1,15 € / 1 Kg","1,39 €
1,15 €",GALLO
Despensa,"Desayuno, dulces y café",Harina de Trigo Paquete 1 Kg,"1,15 € / 1 Kg","1,39 €
1,15 €",GALLO
Despensa,"Desayuno, dulces y café",Harina de Trigo Paquete 1 Kg,"1,15 € / 1 Kg","1,39 €
1,15 €",GALLO
Despensa,"Desayuno, dulces y café",Galleta María sin Azúcares 400 Gr,"5,38 € / 1 Kg","2,65 €
2,15 €",GULLON ZERO
Despensa,"Desayuno, dulces y café",Galleta María sin Azúcares 400 Gr,"5,38 € / 1 Kg","2,65 €
2,15 €",GULLON ZERO
Despensa,"Desayuno, dulces y café",Galleta María sin Azúcares 400 Gr,"5,38 € / 1 Kg","2,65 €
2,15 €",GULLON ZERO
Despensa,"Desayuno, dulces y café",Galleta María sin Azúcares 400 Gr,"5,38 € / 1 Kg","2,65 €
2,15 €",GULLON ZERO
Despensa,"Desayuno, dulces y café",Galleta María sin Azúcares 400 Gr,"5,38 € / 1 Kg","2,65 €
2,15 €",GULLON ZERO
Despensa,"Desayuno, dulces y café",Galleta María sin Azúcares 400 Gr,"5,38 € / 1 Kg","2,65 €
2,15 €",GULLON ZERO
Despensa,"Desayuno, dulces y café",Galleta María sin Azúcares 400 Gr,"5,38 € / 1 Kg","2,65 €
2,15 €",GULLON ZERO
Despensa,"Desayuno, dulces y café",Galleta María sin Azúcares 400 Gr,"5,38 € / 1 Kg","2,65 €
2,15 €",GULLON ZERO
Despensa,"Desayuno, dulces y café",Galleta María sin Azúcares 400 Gr,"5,38 € / 1 Kg","2,65 €
2,15 €",GULLON ZERO
Despensa,"Desayuno, dulces y café",Galleta María sin Azúcares 400 Gr,"5,38 € / 1 Kg","2,65 €
2,15 €",GULLON ZERO
Despensa,"Desayuno, dulces y café",Galleta María sin Azúcares 400 Gr,"5,38 € / 1 Kg","2,65 €
2,15 €",GULLON ZERO
Despensa,"Desayuno, dulces y café",Galleta María sin Azúcares 400 Gr,"5,38 € / 1 Kg","2,65 €
2,15 €",GULLON ZERO
Despensa,"Desayuno, dulces y café",Galleta María sin Azúcares 400 Gr,"5,38 € / 1 Kg","2,65 €
2,15 €",GULLON ZERO
Despensa,"Desayuno, dulces y café",Galleta María sin Azúcares 400 Gr,"5,38 € / 1 Kg","2,65 €
2,15 €",GULLON ZERO
Despensa,"Desayuno, dulces y café",Galleta María sin Azúcares 400 Gr,"5,38 € / 1 Kg","2,65 €
2,15 €",GULLON ZERO
Despensa,"Desayuno, dulces y café",Galleta María sin Azúcares 400 Gr,"5,38 € / 1 Kg","2,65 €
2,15 €",GULLON ZERO
Despensa,"Desayuno, dulces y café",Galleta María sin Azúcares 400 Gr,"5,38 € / 1 Kg","2,65 €
2,15 €",GULLON ZERO
Despensa,"Desayuno, dulces y café",Galleta María sin Azúcares 400 Gr,"5,38 € / 1 Kg","2,65 €
2,15 €",GULLON ZERO
Despensa,"Desayuno, dulces y café",Galleta María sin Azúcares 400 Gr,"5,38 € / 1 Kg","2,65 €
2,15 €",GULLON ZERO
Despensa,"Desayuno, dulces y café",Galleta María sin Azúcares 400 Gr,"5,38 € / 1 Kg","2,65 €
2,15 €",GULLON ZERO
Despensa,"Desayuno, dulces y café",Cereales Chocapic 500 Gr,"5,98 € / 1 Kg","3,59 €
2,99 €",NESTLE
Despensa,"Desayuno, dulces y café",Cereales Chocapic 500 Gr,"5,98 € / 1 Kg","3,59 €
2,99 €",NESTLE
Despensa,"Desayuno, dulces y café",Cereales Chocapic 500 Gr,"5,98 € / 1 Kg","3,59 €
2,99 €",NESTLE
Despensa,"Desayuno, dulces y café",Cereales Chocapic 500 Gr,"5,98 € / 1 Kg","3,59 €
2,99 €",NESTLE
Despensa,"Desayuno, dulces y café",Cereales Chocapic 500 Gr,"5,98 € / 1 Kg","3,59 €
2,99 €",NESTLE
Despensa,"Desayuno, dulces y café",Cereales Chocapic 500 Gr,"5,98 € / 1 Kg","3,59 €
2,99 €",NESTLE
Despensa,"Desayuno, dulces y café",Cereales Chocapic 500 Gr,"5,98 € / 1 Kg","3,59 €
2,99 €",NESTLE
Despensa,"Desayuno, dulces y café",Cereales Chocapic 500 Gr,"5,98 € / 1 Kg","3,59 €
2,99 €",NESTLE
Despensa,"Desayuno, dulces y café",Cereales Chocapic 500 Gr,"5,98 € / 1 Kg","3,59 €
2,99 €",NESTLE
Despensa,"Desayuno, dulces y café",Cereales Chocapic 500 Gr,"5,98 € / 1 Kg","3,59 €
2,99 €",NESTLE
Despensa,"Desayuno, dulces y café",Cereales Chocapic 500 Gr,"5,98 € / 1 Kg","3,59 €
2,99 €",NESTLE
Despensa,"Desayuno, dulces y café",Cereales Chocapic 500 Gr,"5,98 € / 1 Kg","3,59 €
2,99 €",NESTLE
Despensa,"Desayuno, dulces y café",Cereales Chocapic 500 Gr,"5,98 € / 1 Kg","3,59 €
2,99 €",NESTLE
Despensa,"Desayuno, dulces y café",Cereales Chocapic 500 Gr,"5,98 € / 1 Kg","3,59 €
2,99 €",NESTLE
Despensa,"Desayuno, dulces y café",Cereales Chocapic 500 Gr,"5,98 € / 1 Kg","3,59 €
2,99 €",NESTLE
Despensa,"Desayuno, dulces y café",Cereales Chocapic 500 Gr,"5,98 € / 1 Kg","3,59 €
2,99 €",NESTLE
Despensa,"Desayuno, dulces y café",Cereales Chocapic 500 Gr,"5,98 € / 1 Kg","3,59 €
2,99 €",NESTLE
Despensa,"Desayuno, dulces y café",Cereales Chocapic 500 Gr,"5,98 € / 1 Kg","3,59 €
2,99 €",NESTLE
Despensa,"Desayuno, dulces y café",Cereales Chocapic 500 Gr,"5,98 € / 1 Kg","3,59 €
2,99 €",NESTLE
Despensa,"Desayuno, dulces y café",Cereales Chocapic 500 Gr,"5,98 € / 1 Kg","3,59 €
2,99 €",NESTLE
Despensa,"Desayuno, dulces y café",Cereales Krave Chocolate-Avellana 375 Gr,"8,76 € / 1 Kg","4,25 €
3,59 €",KELLOGG'S
Despensa,"Desayuno, dulces y café",Cereales Krave Chocolate-Avellana 375 Gr,"8,76 € / 1 Kg","4,25 €
3,59 €",KELLOGG'S
Despensa,"Desayuno, dulces y café",Cereales Krave Chocolate-Avellana 375 Gr,"8,76 € / 1 Kg","4,25 €
3,59 €",KELLOGG'S
Despensa,"Desayuno, dulces y café",Cereales Krave Chocolate-Avellana 375 Gr,"8,76 € / 1 Kg","4,25 €
3,59 €",KELLOGG'S
Despensa,"Desayuno, dulces y café",Cereales Krave Chocolate-Avellana 375 Gr,"8,76 € / 1 Kg","4,25 €
3,59 €",KELLOGG'S
Despensa,"Desayuno, dulces y café",Cereales Krave Chocolate-Avellana 375 Gr,"8,76 € / 1 Kg","4,25 €
3,59 €",KELLOGG'S
Despensa,"Desayuno, dulces y café",Cereales Krave Chocolate-Avellana 375 Gr,"8,76 € / 1 Kg","4,25 €
3,59 €",KELLOGG'S
Despensa,"Desayuno, dulces y café",Cereales Krave Chocolate-Avellana 375 Gr,"8,76 € / 1 Kg","4,25 €
3,59 €",KELLOGG'S
Despensa,"Desayuno, dulces y café",Cereales Krave Chocolate-Avellana 375 Gr,"8,76 € / 1 Kg","4,25 €
3,59 €",KELLOGG'S
Despensa,"Desayuno, dulces y café",Cereales Krave Chocolate-Avellana 375 Gr,"8,76 € / 1 Kg","4,25 €
3,59 €",KELLOGG'S
Despensa,"Desayuno, dulces y café",Cereales Krave Chocolate-Avellana 375 Gr,"8,76 € / 1 Kg","4,25 €
3,59 €",KELLOGG'S
Despensa,"Desayuno, dulces y café",Cereales Krave Chocolate-Avellana 375 Gr,"8,76 € / 1 Kg","4,25 €
3,59 €",KELLOGG'S
Despensa,"Desayuno, dulces y café",Cereales Krave Chocolate-Avellana 375 Gr,"8,76 € / 1 Kg","4,25 €
3,59 €",KELLOGG'S
Despensa,"Desayuno, dulces y café",Cereales Krave Chocolate-Avellana 375 Gr,"8,76 € / 1 Kg","4,25 €
3,59 €",KELLOGG'S
Despensa,"Desayuno, dulces y café",Cereales Krave Chocolate-Avellana 375 Gr,"8,76 € / 1 Kg","4,25 €
3,59 €",KELLOGG'S
Despensa,"Desayuno, dulces y café",Cereales Krave Chocolate-Avellana 375 Gr,"8,76 € / 1 Kg","4,25 €
3,59 €",KELLOGG'S
Despensa,"Desayuno, dulces y café",Cereales Krave Chocolate-Avellana 375 Gr,"8,76 € / 1 Kg","4,25 €
3,59 €",KELLOGG'S
Despensa,"Desayuno, dulces y café",Cereales Krave Chocolate-Avellana 375 Gr,"8,76 € / 1 Kg","4,25 €
3,59 €",KELLOGG'S
Despensa,"Desayuno, dulces y café",Cereales Krave Chocolate-Avellana 375 Gr,"8,76 € / 1 Kg","4,25 €
3,59 €",KELLOGG'S
Despensa,"Desayuno, dulces y café",Cereales Krave Chocolate-Avellana 375 Gr,"8,76 € / 1 Kg","4,25 €
3,59 €",KELLOGG'S
Despensa,"Desayuno, dulces y café",Café Espreso Verona 10 U,"0,43 € / 1 U","4,25 €",STARBUCKS
Despensa,"Desayuno, dulces y café",Café Espreso Verona 10 U,"0,43 € / 1 U","4,25 €",STARBUCKS
Despensa,"Desayuno, dulces y café",Café Espreso Verona 10 U,"0,43 € / 1 U","4,25 €",STARBUCKS
Despensa,"Desayuno, dulces y café",Café Espreso Verona 10 U,"0,43 € / 1 U","4,25 €",STARBUCKS
Despensa,"Desayuno, dulces y café",Café Espreso Verona 10 U,"0,43 € / 1 U","4,25 €",STARBUCKS
Despensa,"Desayuno, dulces y café",Café Espreso Verona 10 U,"0,43 € / 1 U","4,25 €",STARBUCKS
Despensa,"Desayuno, dulces y café",Café Espreso Verona 10 U,"0,43 € / 1 U","4,25 €",STARBUCKS
Despensa,"Desayuno, dulces y café",Café Espreso Verona 10 U,"0,43 € / 1 U","4,25 €",STARBUCKS
Despensa,"Desayuno, dulces y café",Café Espreso Verona 10 U,"0,43 € / 1 U","4,25 €",STARBUCKS
Despensa,"Desayuno, dulces y café",Café Espreso Verona 10 U,"0,43 € / 1 U","4,25 €",STARBUCKS
Despensa,"Desayuno, dulces y café",Café Espreso Verona 10 U,"0,43 € / 1 U","4,25 €",STARBUCKS
Despensa,"Desayuno, dulces y café",Café Espreso Verona 10 U,"0,43 € / 1 U","4,25 €",STARBUCKS
Despensa,"Desayuno, dulces y café",Café Espreso Verona 10 U,"0,43 € / 1 U","4,25 €",STARBUCKS
Despensa,"Desayuno, dulces y café",Café Espreso Verona 10 U,"0,43 € / 1 U","4,25 €",STARBUCKS
Despensa,"Desayuno, dulces y café",Café Espreso Verona 10 U,"0,43 € / 1 U","4,25 €",STARBUCKS
Despensa,"Desayuno, dulces y café",Café Espreso Verona 10 U,"0,43 € / 1 U","4,25 €",STARBUCKS
Despensa,"Desayuno, dulces y café",Café Espreso Verona 10 U,"0,43 € / 1 U","4,25 €",STARBUCKS
Despensa,"Desayuno, dulces y café",Café Espreso Verona 10 U,"0,43 € / 1 U","4,25 €",STARBUCKS
Despensa,"Desayuno, dulces y café",Café Espreso Verona 10 U,"0,43 € / 1 U","4,25 €",STARBUCKS
Despensa,"Desayuno, dulces y café",Café Espreso Verona 10 U,"0,43 € / 1 U","4,25 €",STARBUCKS
Despensa,"Desayuno, dulces y café",Galletas Cookies con pepitas de chocolate 225gr,"5,11 € / 1 Kg","1,20 €
1,15 €",CONSUM
Despensa,"Desayuno, dulces y café",Galletas Cookies con pepitas de chocolate 225gr,"5,11 € / 1 Kg","1,20 €
1,15 €",CONSUM
Despensa,"Desayuno, dulces y café",Galletas Cookies con pepitas de chocolate 225gr,"5,11 € / 1 Kg","1,20 €
1,15 €",CONSUM
Despensa,"Desayuno, dulces y café",Galletas Cookies con pepitas de chocolate 225gr,"5,11 € / 1 Kg","1,20 €
1,15 €",CONSUM
Despensa,"Desayuno, dulces y café",Galletas Cookies con pepitas de chocolate 225gr,"5,11 € / 1 Kg","1,20 €
1,15 €",CONSUM
Despensa,"Desayuno, dulces y café",Galletas Cookies con pepitas de chocolate 225gr,"5,11 € / 1 Kg","1,20 €
1,15 €",CONSUM
Despensa,"Desayuno, dulces y café",Galletas Cookies con pepitas de chocolate 225gr,"5,11 € / 1 Kg","1,20 €
1,15 €",CONSUM
Despensa,"Desayuno, dulces y café",Galletas Cookies con pepitas de chocolate 225gr,"5,11 € / 1 Kg","1,20 €
1,15 €",CONSUM
Despensa,"Desayuno, dulces y café",Galletas Cookies con pepitas de chocolate 225gr,"5,11 € / 1 Kg","1,20 €
1,15 €",CONSUM
Despensa,"Desayuno, dulces y café",Galletas Cookies con pepitas de chocolate 225gr,"5,11 € / 1 Kg","1,20 €
1,15 €",CONSUM
Despensa,"Desayuno, dulces y café",Galletas Cookies con pepitas de chocolate 225gr,"5,11 € / 1 Kg","1,20 €
1,15 €",CONSUM
Despensa,"Desayuno, dulces y café",Galletas Cookies con pepitas de chocolate 225gr,"5,11 € / 1 Kg","1,20 €
1,15 €",CONSUM
Despensa,"Desayuno, dulces y café",Galletas Cookies con pepitas de chocolate 225gr,"5,11 € / 1 Kg","1,20 €
1,15 €",CONSUM
Despensa,"Desayuno, dulces y café",Galletas Cookies con pepitas de chocolate 225gr,"5,11 € / 1 Kg","1,20 €
1,15 €",CONSUM
Despensa,"Desayuno, dulces y café",Galletas Cookies con pepitas de chocolate 225gr,"5,11 € / 1 Kg","1,20 €
1,15 €",CONSUM
Despensa,"Desayuno, dulces y café",Galletas Cookies con pepitas de chocolate 225gr,"5,11 € / 1 Kg","1,20 €
1,15 €",CONSUM
Despensa,"Desayuno, dulces y café",Galletas Cookies con pepitas de chocolate 225gr,"5,11 € / 1 Kg","1,20 €
1,15 €",CONSUM
Despensa,"Desayuno, dulces y café",Galletas Cookies con pepitas de chocolate 225gr,"5,11 € / 1 Kg","1,20 €
1,15 €",CONSUM
Despensa,"Desayuno, dulces y café",Galletas Cookies con pepitas de chocolate 225gr,"5,11 € / 1 Kg","1,20 €
1,15 €",CONSUM
Despensa,"Desayuno, dulces y café",Galletas Cookies con pepitas de chocolate 225gr,"5,11 € / 1 Kg","1,20 €
1,15 €",CONSUM
Despensa,"Desayuno, dulces y café",Infusión Curcuma Canela y Vainilla 20Bolsita 20 U,"0,11 € / 1 U","2,50 €
2,09 €",POMPADOUR
Despensa,"Desayuno, dulces y café",Infusión Curcuma Canela y Vainilla 20Bolsita 20 U,"0,11 € / 1 U","2,50 €
2,09 €",POMPADOUR
Despensa,"Desayuno, dulces y café",Infusión Curcuma Canela y Vainilla 20Bolsita 20 U,"0,11 € / 1 U","2,50 €
2,09 €",POMPADOUR
Despensa,"Desayuno, dulces y café",Infusión Curcuma Canela y Vainilla 20Bolsita 20 U,"0,11 € / 1 U","2,50 €
2,09 €",POMPADOUR
Despensa,"Desayuno, dulces y café",Infusión Curcuma Canela y Vainilla 20Bolsita 20 U,"0,11 € / 1 U","2,50 €
2,09 €",POMPADOUR
Despensa,"Desayuno, dulces y café",Infusión Curcuma Canela y Vainilla 20Bolsita 20 U,"0,11 € / 1 U","2,50 €
2,09 €",POMPADOUR
Despensa,"Desayuno, dulces y café",Infusión Curcuma Canela y Vainilla 20Bolsita 20 U,"0,11 € / 1 U","2,50 €
2,09 €",POMPADOUR
Despensa,"Desayuno, dulces y café",Infusión Curcuma Canela y Vainilla 20Bolsita 20 U,"0,11 € / 1 U","2,50 €
2,09 €",POMPADOUR
Despensa,"Desayuno, dulces y café",Infusión Curcuma Canela y Vainilla 20Bolsita 20 U,"0,11 € / 1 U","2,50 €
2,09 €",POMPADOUR
Despensa,"Desayuno, dulces y café",Infusión Curcuma Canela y Vainilla 20Bolsita 20 U,"0,11 € / 1 U","2,50 €
2,09 €",POMPADOUR
Despensa,"Desayuno, dulces y café",Infusión Curcuma Canela y Vainilla 20Bolsita 20 U,"0,11 € / 1 U","2,50 €
2,09 €",POMPADOUR
Despensa,"Desayuno, dulces y café",Infusión Curcuma Canela y Vainilla 20Bolsita 20 U,"0,11 € / 1 U","2,50 €
2,09 €",POMPADOUR
Despensa,"Desayuno, dulces y café",Infusión Curcuma Canela y Vainilla 20Bolsita 20 U,"0,11 € / 1 U","2,50 €
2,09 €",POMPADOUR
Despensa,"Desayuno, dulces y café",Infusión Curcuma Canela y Vainilla 20Bolsita 20 U,"0,11 € / 1 U","2,50 €
2,09 €",POMPADOUR
Despensa,"Desayuno, dulces y café",Infusión Curcuma Canela y Vainilla 20Bolsita 20 U,"0,11 € / 1 U","2,50 €
2,09 €",POMPADOUR
Despensa,"Desayuno, dulces y café",Infusión Curcuma Canela y Vainilla 20Bolsita 20 U,"0,11 € / 1 U","2,50 €
2,09 €",POMPADOUR
Despensa,"Desayuno, dulces y café",Infusión Curcuma Canela y Vainilla 20Bolsita 20 U,"0,11 € / 1 U","2,50 €
2,09 €",POMPADOUR
Despensa,"Desayuno, dulces y café",Infusión Curcuma Canela y Vainilla 20Bolsita 20 U,"0,11 € / 1 U","2,50 €
2,09 €",POMPADOUR
Despensa,"Desayuno, dulces y café",Infusión Curcuma Canela y Vainilla 20Bolsita 20 U,"0,11 € / 1 U","2,50 €
2,09 €",POMPADOUR
Despensa,"Desayuno, dulces y café",Infusión Curcuma Canela y Vainilla 20Bolsita 20 U,"0,11 € / 1 U","2,50 €
2,09 €",POMPADOUR
Despensa,"Desayuno, dulces y café",Café Molido Natural 250 Gr,"11,96 € / 1 Kg","2,99 €",BONKA
Despensa,"Desayuno, dulces y café",Café Molido Natural 250 Gr,"11,96 € / 1 Kg","2,99 €",BONKA
Despensa,"Desayuno, dulces y café",Café Molido Natural 250 Gr,"11,96 € / 1 Kg","2,99 €",BONKA
Despensa,"Desayuno, dulces y café",Café Molido Natural 250 Gr,"11,96 € / 1 Kg","2,99 €",BONKA
Despensa,"Desayuno, dulces y café",Café Molido Natural 250 Gr,"11,96 € / 1 Kg","2,99 €",BONKA
Despensa,"Desayuno, dulces y café",Café Molido Natural 250 Gr,"11,96 € / 1 Kg","2,99 €",BONKA
Despensa,"Desayuno, dulces y café",Café Molido Natural 250 Gr,"11,96 € / 1 Kg","2,99 €",BONKA
Despensa,"Desayuno, dulces y café",Café Molido Natural 250 Gr,"11,96 € / 1 Kg","2,99 €",BONKA
Despensa,"Desayuno, dulces y café",Café Molido Natural 250 Gr,"11,96 € / 1 Kg","2,99 €",BONKA
Despensa,"Desayuno, dulces y café",Café Molido Natural 250 Gr,"11,96 € / 1 Kg","2,99 €",BONKA
Despensa,"Desayuno, dulces y café",Café Molido Natural 250 Gr,"11,96 € / 1 Kg","2,99 €",BONKA
Despensa,"Desayuno, dulces y café",Café Molido Natural 250 Gr,"11,96 € / 1 Kg","2,99 €",BONKA
Despensa,"Desayuno, dulces y café",Café Molido Natural 250 Gr,"11,96 € / 1 Kg","2,99 €",BONKA
Despensa,"Desayuno, dulces y café",Café Molido Natural 250 Gr,"11,96 € / 1 Kg","2,99 €",BONKA
Despensa,"Desayuno, dulces y café",Café Molido Natural 250 Gr,"11,96 € / 1 Kg","2,99 €",BONKA
Despensa,"Desayuno, dulces y café",Café Molido Natural 250 Gr,"11,96 € / 1 Kg","2,99 €",BONKA
Despensa,"Desayuno, dulces y café",Café Molido Natural 250 Gr,"11,96 € / 1 Kg","2,99 €",BONKA
Despensa,"Desayuno, dulces y café",Café Molido Natural 250 Gr,"11,96 € / 1 Kg","2,99 €",BONKA
Despensa,"Desayuno, dulces y café",Café Molido Natural 250 Gr,"11,96 € / 1 Kg","2,99 €",BONKA
Despensa,"Desayuno, dulces y café",Café Molido Natural 250 Gr,"11,96 € / 1 Kg","2,99 €",BONKA
Despensa,"Desayuno, dulces y café",Chocolate 70% Cacao Excellence 100 Gr,"32,50 € / 1 Kg","3,25 €",LINDT
Despensa,"Desayuno, dulces y café",Chocolate 70% Cacao Excellence 100 Gr,"32,50 € / 1 Kg","3,25 €",LINDT
Despensa,"Desayuno, dulces y café",Chocolate 70% Cacao Excellence 100 Gr,"32,50 € / 1 Kg","3,25 €",LINDT
Despensa,"Desayuno, dulces y café",Chocolate 70% Cacao Excellence 100 Gr,"32,50 € / 1 Kg","3,25 €",LINDT
Despensa,"Desayuno, dulces y café",Chocolate 70% Cacao Excellence 100 Gr,"32,50 € / 1 Kg","3,25 €",LINDT
Despensa,"Desayuno, dulces y café",Chocolate 70% Cacao Excellence 100 Gr,"32,50 € / 1 Kg","3,25 €",LINDT
Despensa,"Desayuno, dulces y café",Chocolate 70% Cacao Excellence 100 Gr,"32,50 € / 1 Kg","3,25 €",LINDT
Despensa,"Desayuno, dulces y café",Chocolate 70% Cacao Excellence 100 Gr,"32,50 € / 1 Kg","3,25 €",LINDT
Despensa,"Desayuno, dulces y café",Chocolate 70% Cacao Excellence 100 Gr,"32,50 € / 1 Kg","3,25 €",LINDT
Despensa,"Desayuno, dulces y café",Chocolate 70% Cacao Excellence 100 Gr,"32,50 € / 1 Kg","3,25 €",LINDT
Despensa,"Desayuno, dulces y café",Chocolate 70% Cacao Excellence 100 Gr,"32,50 € / 1 Kg","3,25 €",LINDT
Despensa,"Desayuno, dulces y café",Chocolate 70% Cacao Excellence 100 Gr,"32,50 € / 1 Kg","3,25 €",LINDT
Despensa,"Desayuno, dulces y café",Chocolate 70% Cacao Excellence 100 Gr,"32,50 € / 1 Kg","3,25 €",LINDT
Despensa,"Desayuno, dulces y café",Chocolate 70% Cacao Excellence 100 Gr,"32,50 € / 1 Kg","3,25 €",LINDT
Despensa,"Desayuno, dulces y café",Chocolate 70% Cacao Excellence 100 Gr,"32,50 € / 1 Kg","3,25 €",LINDT
Despensa,"Desayuno, dulces y café",Chocolate 70% Cacao Excellence 100 Gr,"32,50 € / 1 Kg","3,25 €",LINDT
Despensa,"Desayuno, dulces y café",Chocolate 70% Cacao Excellence 100 Gr,"32,50 € / 1 Kg","3,25 €",LINDT
Despensa,"Desayuno, dulces y café",Chocolate 70% Cacao Excellence 100 Gr,"32,50 € / 1 Kg","3,25 €",LINDT
Despensa,"Desayuno, dulces y café",Chocolate 70% Cacao Excellence 100 Gr,"32,50 € / 1 Kg","3,25 €",LINDT
Despensa,"Desayuno, dulces y café",Chocolate 70% Cacao Excellence 100 Gr,"32,50 € / 1 Kg","3,25 €",LINDT
Despensa,"Desayuno, dulces y café",Café Creme Express Molido 250 Gr,"15,96 € / 1 Kg","3,99 €",MARCILLA
Despensa,"Desayuno, dulces y café",Café Creme Express Molido 250 Gr,"15,96 € / 1 Kg","3,99 €",MARCILLA
Despensa,"Desayuno, dulces y café",Café Creme Express Molido 250 Gr,"15,96 € / 1 Kg","3,99 €",MARCILLA
Despensa,"Desayuno, dulces y café",Café Creme Express Molido 250 Gr,"15,96 € / 1 Kg","3,99 €",MARCILLA
Despensa,"Desayuno, dulces y café",Café Creme Express Molido 250 Gr,"15,96 € / 1 Kg","3,99 €",MARCILLA
Despensa,"Desayuno, dulces y café",Café Creme Express Molido 250 Gr,"15,96 € / 1 Kg","3,99 €",MARCILLA
Despensa,"Desayuno, dulces y café",Café Creme Express Molido 250 Gr,"15,96 € / 1 Kg","3,99 €",MARCILLA
Despensa,"Desayuno, dulces y café",Café Creme Express Molido 250 Gr,"15,96 € / 1 Kg","3,99 €",MARCILLA
Despensa,"Desayuno, dulces y café",Café Creme Express Molido 250 Gr,"15,96 € / 1 Kg","3,99 €",MARCILLA
Despensa,"Desayuno, dulces y café",Café Creme Express Molido 250 Gr,"15,96 € / 1 Kg","3,99 €",MARCILLA
Despensa,"Desayuno, dulces y café",Café Creme Express Molido 250 Gr,"15,96 € / 1 Kg","3,99 €",MARCILLA
Despensa,"Desayuno, dulces y café",Café Creme Express Molido 250 Gr,"15,96 € / 1 Kg","3,99 €",MARCILLA
Despensa,"Desayuno, dulces y café",Café Creme Express Molido 250 Gr,"15,96 € / 1 Kg","3,99 €",MARCILLA
Despensa,"Desayuno, dulces y café",Café Creme Express Molido 250 Gr,"15,96 € / 1 Kg","3,99 €",MARCILLA
Despensa,"Desayuno, dulces y café",Café Creme Express Molido 250 Gr,"15,96 € / 1 Kg","3,99 €",MARCILLA
Despensa,"Desayuno, dulces y café",Café Creme Express Molido 250 Gr,"15,96 € / 1 Kg","3,99 €",MARCILLA
Despensa,"Desayuno, dulces y café",Café Creme Express Molido 250 Gr,"15,96 € / 1 Kg","3,99 €",MARCILLA
Despensa,"Desayuno, dulces y café",Café Creme Express Molido 250 Gr,"15,96 € / 1 Kg","3,99 €",MARCILLA
Despensa,"Desayuno, dulces y café",Café Creme Express Molido 250 Gr,"15,96 € / 1 Kg","3,99 €",MARCILLA
Despensa,"Desayuno, dulces y café",Café Creme Express Molido 250 Gr,"15,96 € / 1 Kg","3,99 €",MARCILLA
Despensa,"Desayuno, dulces y café",Membrillo 2 x 200 Gr,"3,13 € / 1 Kg","1,25 €",CONSUM
Despensa,"Desayuno, dulces y café",Membrillo 2 x 200 Gr,"3,13 € / 1 Kg","1,25 €",CONSUM
Despensa,"Desayuno, dulces y café",Membrillo 2 x 200 Gr,"3,13 € / 1 Kg","1,25 €",CONSUM
Despensa,"Desayuno, dulces y café",Membrillo 2 x 200 Gr,"3,13 € / 1 Kg","1,25 €",CONSUM
Despensa,"Desayuno, dulces y café",Membrillo 2 x 200 Gr,"3,13 € / 1 Kg","1,25 €",CONSUM
Despensa,"Desayuno, dulces y café",Membrillo 2 x 200 Gr,"3,13 € / 1 Kg","1,25 €",CONSUM
Despensa,"Desayuno, dulces y café",Membrillo 2 x 200 Gr,"3,13 € / 1 Kg","1,25 €",CONSUM
Despensa,"Desayuno, dulces y café",Membrillo 2 x 200 Gr,"3,13 € / 1 Kg","1,25 €",CONSUM
Despensa,"Desayuno, dulces y café",Membrillo 2 x 200 Gr,"3,13 € / 1 Kg","1,25 €",CONSUM
Despensa,"Desayuno, dulces y café",Membrillo 2 x 200 Gr,"3,13 € / 1 Kg","1,25 €",CONSUM
Despensa,"Desayuno, dulces y café",Membrillo 2 x 200 Gr,"3,13 € / 1 Kg","1,25 €",CONSUM
Despensa,"Desayuno, dulces y café",Membrillo 2 x 200 Gr,"3,13 € / 1 Kg","1,25 €",CONSUM
Despensa,"Desayuno, dulces y café",Membrillo 2 x 200 Gr,"3,13 € / 1 Kg","1,25 €",CONSUM
Despensa,"Desayuno, dulces y café",Membrillo 2 x 200 Gr,"3,13 € / 1 Kg","1,25 €",CONSUM
Despensa,"Desayuno, dulces y café",Membrillo 2 x 200 Gr,"3,13 € / 1 Kg","1,25 €",CONSUM
Despensa,"Desayuno, dulces y café",Membrillo 2 x 200 Gr,"3,13 € / 1 Kg","1,25 €",CONSUM
Despensa,"Desayuno, dulces y café",Membrillo 2 x 200 Gr,"3,13 € / 1 Kg","1,25 €",CONSUM
Despensa,"Desayuno, dulces y café",Membrillo 2 x 200 Gr,"3,13 € / 1 Kg","1,25 €",CONSUM
Despensa,"Desayuno, dulces y café",Membrillo 2 x 200 Gr,"3,13 € / 1 Kg","1,25 €",CONSUM
Despensa,"Desayuno, dulces y café",Membrillo 2 x 200 Gr,"3,13 € / 1 Kg","1,25 €",CONSUM
Despensa,"Desayuno, dulces y café",Valencianas 24 Unidades 700 Gr,"3,57 € / 1 Kg","2,50 €",CONSUM
Despensa,"Desayuno, dulces y café",Valencianas 24 Unidades 700 Gr,"3,57 € / 1 Kg","2,50 €",CONSUM
Despensa,"Desayuno, dulces y café",Valencianas 24 Unidades 700 Gr,"3,57 € / 1 Kg","2,50 €",CONSUM
Despensa,"Desayuno, dulces y café",Valencianas 24 Unidades 700 Gr,"3,57 € / 1 Kg","2,50 €",CONSUM
Despensa,"Desayuno, dulces y café",Valencianas 24 Unidades 700 Gr,"3,57 € / 1 Kg","2,50 €",CONSUM
Despensa,"Desayuno, dulces y café",Valencianas 24 Unidades 700 Gr,"3,57 € / 1 Kg","2,50 €",CONSUM
Despensa,"Desayuno, dulces y café",Valencianas 24 Unidades 700 Gr,"3,57 € / 1 Kg","2,50 €",CONSUM
Despensa,"Desayuno, dulces y café",Valencianas 24 Unidades 700 Gr,"3,57 € / 1 Kg","2,50 €",CONSUM
Despensa,"Desayuno, dulces y café",Valencianas 24 Unidades 700 Gr,"3,57 € / 1 Kg","2,50 €",CONSUM
Despensa,"Desayuno, dulces y café",Valencianas 24 Unidades 700 Gr,"3,57 € / 1 Kg","2,50 €",CONSUM
Despensa,"Desayuno, dulces y café",Valencianas 24 Unidades 700 Gr,"3,57 € / 1 Kg","2,50 €",CONSUM
Despensa,"Desayuno, dulces y café",Valencianas 24 Unidades 700 Gr,"3,57 € / 1 Kg","2,50 €",CONSUM
Despensa,"Desayuno, dulces y café",Valencianas 24 Unidades 700 Gr,"3,57 € / 1 Kg","2,50 €",CONSUM
Despensa,"Desayuno, dulces y café",Valencianas 24 Unidades 700 Gr,"3,57 € / 1 Kg","2,50 €",CONSUM
Despensa,"Desayuno, dulces y café",Valencianas 24 Unidades 700 Gr,"3,57 € / 1 Kg","2,50 €",CONSUM
Despensa,"Desayuno, dulces y café",Valencianas 24 Unidades 700 Gr,"3,57 € / 1 Kg","2,50 €",CONSUM
Despensa,"Desayuno, dulces y café",Valencianas 24 Unidades 700 Gr,"3,57 € / 1 Kg","2,50 €",CONSUM
Despensa,"Desayuno, dulces y café",Valencianas 24 Unidades 700 Gr,"3,57 € / 1 Kg","2,50 €",CONSUM
Despensa,"Desayuno, dulces y café",Valencianas 24 Unidades 700 Gr,"3,57 € / 1 Kg","2,50 €",CONSUM
Despensa,"Desayuno, dulces y café",Valencianas 24 Unidades 700 Gr,"3,57 € / 1 Kg","2,50 €",CONSUM
Despensa,"Desayuno, dulces y café",Barquillos Rellenos de Crema Sabor Nata 150 Gr,"4,60 € / 1 Kg","0,69 €",CONSUM
Despensa,"Desayuno, dulces y café",Barquillos Rellenos de Crema Sabor Nata 150 Gr,"4,60 € / 1 Kg","0,69 €",CONSUM
Despensa,"Desayuno, dulces y café",Barquillos Rellenos de Crema Sabor Nata 150 Gr,"4,60 € / 1 Kg","0,69 €",CONSUM
Despensa,"Desayuno, dulces y café",Barquillos Rellenos de Crema Sabor Nata 150 Gr,"4,60 € / 1 Kg","0,69 €",CONSUM
Despensa,"Desayuno, dulces y café",Barquillos Rellenos de Crema Sabor Nata 150 Gr,"4,60 € / 1 Kg","0,69 €",CONSUM
Despensa,"Desayuno, dulces y café",Barquillos Rellenos de Crema Sabor Nata 150 Gr,"4,60 € / 1 Kg","0,69 €",CONSUM
Despensa,"Desayuno, dulces y café",Barquillos Rellenos de Crema Sabor Nata 150 Gr,"4,60 € / 1 Kg","0,69 €",CONSUM
Despensa,"Desayuno, dulces y café",Barquillos Rellenos de Crema Sabor Nata 150 Gr,"4,60 € / 1 Kg","0,69 €",CONSUM
Despensa,"Desayuno, dulces y café",Barquillos Rellenos de Crema Sabor Nata 150 Gr,"4,60 € / 1 Kg","0,69 €",CONSUM
Despensa,"Desayuno, dulces y café",Barquillos Rellenos de Crema Sabor Nata 150 Gr,"4,60 € / 1 Kg","0,69 €",CONSUM
Despensa,"Desayuno, dulces y café",Barquillos Rellenos de Crema Sabor Nata 150 Gr,"4,60 € / 1 Kg","0,69 €",CONSUM
Despensa,"Desayuno, dulces y café",Barquillos Rellenos de Crema Sabor Nata 150 Gr,"4,60 € / 1 Kg","0,69 €",CONSUM
Despensa,"Desayuno, dulces y café",Barquillos Rellenos de Crema Sabor Nata 150 Gr,"4,60 € / 1 Kg","0,69 €",CONSUM
Despensa,"Desayuno, dulces y café",Barquillos Rellenos de Crema Sabor Nata 150 Gr,"4,60 € / 1 Kg","0,69 €",CONSUM
Despensa,"Desayuno, dulces y café",Barquillos Rellenos de Crema Sabor Nata 150 Gr,"4,60 € / 1 Kg","0,69 €",CONSUM
Despensa,"Desayuno, dulces y café",Barquillos Rellenos de Crema Sabor Nata 150 Gr,"4,60 € / 1 Kg","0,69 €",CONSUM
Despensa,"Desayuno, dulces y café",Barquillos Rellenos de Crema Sabor Nata 150 Gr,"4,60 € / 1 Kg","0,69 €",CONSUM
Despensa,"Desayuno, dulces y café",Barquillos Rellenos de Crema Sabor Nata 150 Gr,"4,60 € / 1 Kg","0,69 €",CONSUM
Despensa,"Desayuno, dulces y café",Barquillos Rellenos de Crema Sabor Nata 150 Gr,"4,60 € / 1 Kg","0,69 €",CONSUM
Despensa,"Desayuno, dulces y café",Barquillos Rellenos de Crema Sabor Nata 150 Gr,"4,60 € / 1 Kg","0,69 €",CONSUM
Despensa,"Desayuno, dulces y café",Café Con Leche Cápsulas 16 U,"0,27 € / 1 U","4,25 €",DOLCE GUSTO
Despensa,"Desayuno, dulces y café",Café Con Leche Cápsulas 16 U,"0,27 € / 1 U","4,25 €",DOLCE GUSTO
Despensa,"Desayuno, dulces y café",Café Con Leche Cápsulas 16 U,"0,27 € / 1 U","4,25 €",DOLCE GUSTO
Despensa,"Desayuno, dulces y café",Café Con Leche Cápsulas 16 U,"0,27 € / 1 U","4,25 €",DOLCE GUSTO
Despensa,"Desayuno, dulces y café",Café Con Leche Cápsulas 16 U,"0,27 € / 1 U","4,25 €",DOLCE GUSTO
Despensa,"Desayuno, dulces y café",Café Con Leche Cápsulas 16 U,"0,27 € / 1 U","4,25 €",DOLCE GUSTO
Despensa,"Desayuno, dulces y café",Café Con Leche Cápsulas 16 U,"0,27 € / 1 U","4,25 €",DOLCE GUSTO
Despensa,"Desayuno, dulces y café",Café Con Leche Cápsulas 16 U,"0,27 € / 1 U","4,25 €",DOLCE GUSTO
Despensa,"Desayuno, dulces y café",Café Con Leche Cápsulas 16 U,"0,27 € / 1 U","4,25 €",DOLCE GUSTO
Despensa,"Desayuno, dulces y café",Café Con Leche Cápsulas 16 U,"0,27 € / 1 U","4,25 €",DOLCE GUSTO
Despensa,"Desayuno, dulces y café",Café Con Leche Cápsulas 16 U,"0,27 € / 1 U","4,25 €",DOLCE GUSTO
Despensa,"Desayuno, dulces y café",Café Con Leche Cápsulas 16 U,"0,27 € / 1 U","4,25 €",DOLCE GUSTO
Despensa,"Desayuno, dulces y café",Café Con Leche Cápsulas 16 U,"0,27 € / 1 U","4,25 €",DOLCE GUSTO
Despensa,"Desayuno, dulces y café",Café Con Leche Cápsulas 16 U,"0,27 € / 1 U","4,25 €",DOLCE GUSTO
Despensa,"Desayuno, dulces y café",Café Con Leche Cápsulas 16 U,"0,27 € / 1 U","4,25 €",DOLCE GUSTO
Despensa,"Desayuno, dulces y café",Café Con Leche Cápsulas 16 U,"0,27 € / 1 U","4,25 €",DOLCE GUSTO
Despensa,"Desayuno, dulces y café",Café Con Leche Cápsulas 16 U,"0,27 € / 1 U","4,25 €",DOLCE GUSTO
Despensa,"Desayuno, dulces y café",Café Con Leche Cápsulas 16 U,"0,27 € / 1 U","4,25 €",DOLCE GUSTO
Despensa,"Desayuno, dulces y café",Café Con Leche Cápsulas 16 U,"0,27 € / 1 U","4,25 €",DOLCE GUSTO
Despensa,"Desayuno, dulces y café",Café Con Leche Cápsulas 16 U,"0,27 € / 1 U","4,25 €",DOLCE GUSTO
Despensa,"Desayuno, dulces y café",Harina de Trigo Común Paquete 1 Kg,"0,70 € / 1 Kg","0,70 €",RIO
Despensa,"Desayuno, dulces y café",Harina de Trigo Común Paquete 1 Kg,"0,70 € / 1 Kg","0,70 €",RIO
Despensa,"Desayuno, dulces y café",Harina de Trigo Común Paquete 1 Kg,"0,70 € / 1 Kg","0,70 €",RIO
Despensa,"Desayuno, dulces y café",Harina de Trigo Común Paquete 1 Kg,"0,70 € / 1 Kg","0,70 €",RIO
Despensa,"Desayuno, dulces y café",Harina de Trigo Común Paquete 1 Kg,"0,70 € / 1 Kg","0,70 €",RIO
Despensa,"Desayuno, dulces y café",Harina de Trigo Común Paquete 1 Kg,"0,70 € / 1 Kg","0,70 €",RIO
Despensa,"Desayuno, dulces y café",Harina de Trigo Común Paquete 1 Kg,"0,70 € / 1 Kg","0,70 €",RIO
Despensa,"Desayuno, dulces y café",Harina de Trigo Común Paquete 1 Kg,"0,70 € / 1 Kg","0,70 €",RIO
Despensa,"Desayuno, dulces y café",Harina de Trigo Común Paquete 1 Kg,"0,70 € / 1 Kg","0,70 €",RIO
Despensa,"Desayuno, dulces y café",Harina de Trigo Común Paquete 1 Kg,"0,70 € / 1 Kg","0,70 €",RIO
Despensa,"Desayuno, dulces y café",Harina de Trigo Común Paquete 1 Kg,"0,70 € / 1 Kg","0,70 €",RIO
Despensa,"Desayuno, dulces y café",Harina de Trigo Común Paquete 1 Kg,"0,70 € / 1 Kg","0,70 €",RIO
Despensa,"Desayuno, dulces y café",Harina de Trigo Común Paquete 1 Kg,"0,70 € / 1 Kg","0,70 €",RIO
Despensa,"Desayuno, dulces y café",Harina de Trigo Común Paquete 1 Kg,"0,70 € / 1 Kg","0,70 €",RIO
Despensa,"Desayuno, dulces y café",Harina de Trigo Común Paquete 1 Kg,"0,70 € / 1 Kg","0,70 €",RIO
Despensa,"Desayuno, dulces y café",Harina de Trigo Común Paquete 1 Kg,"0,70 € / 1 Kg","0,70 €",RIO
Despensa,"Desayuno, dulces y café",Harina de Trigo Común Paquete 1 Kg,"0,70 € / 1 Kg","0,70 €",RIO
Despensa,"Desayuno, dulces y café",Harina de Trigo Común Paquete 1 Kg,"0,70 € / 1 Kg","0,70 €",RIO
Despensa,"Desayuno, dulces y café",Harina de Trigo Común Paquete 1 Kg,"0,70 € / 1 Kg","0,70 €",RIO
Despensa,"Desayuno, dulces y café",Harina de Trigo Común Paquete 1 Kg,"0,70 € / 1 Kg","0,70 €",RIO
Despensa,"Desayuno, dulces y café",Kinder Bueno Mini 108 Gr,"23,06 € / 1 Kg","2,49 €",KINDER
Despensa,"Desayuno, dulces y café",Kinder Bueno Mini 108 Gr,"23,06 € / 1 Kg","2,49 €",KINDER
Despensa,"Desayuno, dulces y café",Kinder Bueno Mini 108 Gr,"23,06 € / 1 Kg","2,49 €",KINDER
Despensa,"Desayuno, dulces y café",Kinder Bueno Mini 108 Gr,"23,06 € / 1 Kg","2,49 €",KINDER
Despensa,"Desayuno, dulces y café",Kinder Bueno Mini 108 Gr,"23,06 € / 1 Kg","2,49 €",KINDER
Despensa,"Desayuno, dulces y café",Kinder Bueno Mini 108 Gr,"23,06 € / 1 Kg","2,49 €",KINDER
Despensa,"Desayuno, dulces y café",Kinder Bueno Mini 108 Gr,"23,06 € / 1 Kg","2,49 €",KINDER
Despensa,"Desayuno, dulces y café",Kinder Bueno Mini 108 Gr,"23,06 € / 1 Kg","2,49 €",KINDER
Despensa,"Desayuno, dulces y café",Kinder Bueno Mini 108 Gr,"23,06 € / 1 Kg","2,49 €",KINDER
Despensa,"Desayuno, dulces y café",Kinder Bueno Mini 108 Gr,"23,06 € / 1 Kg","2,49 €",KINDER
Despensa,"Desayuno, dulces y café",Kinder Bueno Mini 108 Gr,"23,06 € / 1 Kg","2,49 €",KINDER
Despensa,"Desayuno, dulces y café",Kinder Bueno Mini 108 Gr,"23,06 € / 1 Kg","2,49 €",KINDER
Despensa,"Desayuno, dulces y café",Kinder Bueno Mini 108 Gr,"23,06 € / 1 Kg","2,49 €",KINDER
Despensa,"Desayuno, dulces y café",Kinder Bueno Mini 108 Gr,"23,06 € / 1 Kg","2,49 €",KINDER
Despensa,"Desayuno, dulces y café",Kinder Bueno Mini 108 Gr,"23,06 € / 1 Kg","2,49 €",KINDER
Despensa,"Desayuno, dulces y café",Kinder Bueno Mini 108 Gr,"23,06 € / 1 Kg","2,49 €",KINDER
Despensa,"Desayuno, dulces y café",Kinder Bueno Mini 108 Gr,"23,06 € / 1 Kg","2,49 €",KINDER
Despensa,"Desayuno, dulces y café",Kinder Bueno Mini 108 Gr,"23,06 € / 1 Kg","2,49 €",KINDER
Despensa,"Desayuno, dulces y café",Kinder Bueno Mini 108 Gr,"23,06 € / 1 Kg","2,49 €",KINDER
Despensa,"Desayuno, dulces y café",Kinder Bueno Mini 108 Gr,"23,06 € / 1 Kg","2,49 €",KINDER
Despensa,"Desayuno, dulces y café",Galletas Desayuno con Chocolate y Cereales 400 Gr,"4,38 € / 1 Kg","1,75 €",CONSUM
Despensa,"Desayuno, dulces y café",Galletas Desayuno con Chocolate y Cereales 400 Gr,"4,38 € / 1 Kg","1,75 €",CONSUM
Despensa,"Desayuno, dulces y café",Galletas Desayuno con Chocolate y Cereales 400 Gr,"4,38 € / 1 Kg","1,75 €",CONSUM
Despensa,"Desayuno, dulces y café",Galletas Desayuno con Chocolate y Cereales 400 Gr,"4,38 € / 1 Kg","1,75 €",CONSUM
Despensa,"Desayuno, dulces y café",Galletas Desayuno con Chocolate y Cereales 400 Gr,"4,38 € / 1 Kg","1,75 €",CONSUM
Despensa,"Desayuno, dulces y café",Galletas Desayuno con Chocolate y Cereales 400 Gr,"4,38 € / 1 Kg","1,75 €",CONSUM
Despensa,"Desayuno, dulces y café",Galletas Desayuno con Chocolate y Cereales 400 Gr,"4,38 € / 1 Kg","1,75 €",CONSUM
Despensa,"Desayuno, dulces y café",Galletas Desayuno con Chocolate y Cereales 400 Gr,"4,38 € / 1 Kg","1,75 €",CONSUM
Despensa,"Desayuno, dulces y café",Galletas Desayuno con Chocolate y Cereales 400 Gr,"4,38 € / 1 Kg","1,75 €",CONSUM
Despensa,"Desayuno, dulces y café",Galletas Desayuno con Chocolate y Cereales 400 Gr,"4,38 € / 1 Kg","1,75 €",CONSUM
Despensa,"Desayuno, dulces y café",Galletas Desayuno con Chocolate y Cereales 400 Gr,"4,38 € / 1 Kg","1,75 €",CONSUM
Despensa,"Desayuno, dulces y café",Galletas Desayuno con Chocolate y Cereales 400 Gr,"4,38 € / 1 Kg","1,75 €",CONSUM
Despensa,"Desayuno, dulces y café",Galletas Desayuno con Chocolate y Cereales 400 Gr,"4,38 € / 1 Kg","1,75 €",CONSUM
Despensa,"Desayuno, dulces y café",Galletas Desayuno con Chocolate y Cereales 400 Gr,"4,38 € / 1 Kg","1,75 €",CONSUM
Despensa,"Desayuno, dulces y café",Galletas Desayuno con Chocolate y Cereales 400 Gr,"4,38 € / 1 Kg","1,75 €",CONSUM
Despensa,"Desayuno, dulces y café",Galletas Desayuno con Chocolate y Cereales 400 Gr,"4,38 € / 1 Kg","1,75 €",CONSUM
Despensa,"Desayuno, dulces y café",Galletas Desayuno con Chocolate y Cereales 400 Gr,"4,38 € / 1 Kg","1,75 €",CONSUM
Despensa,"Desayuno, dulces y café",Galletas Desayuno con Chocolate y Cereales 400 Gr,"4,38 € / 1 Kg","1,75 €",CONSUM
Despensa,"Desayuno, dulces y café",Galletas Desayuno con Chocolate y Cereales 400 Gr,"4,38 € / 1 Kg","1,75 €",CONSUM
Despensa,"Desayuno, dulces y café",Galletas Desayuno con Chocolate y Cereales 400 Gr,"4,38 € / 1 Kg","1,75 €",CONSUM
Despensa,"Desayuno, dulces y café",Confitura Diet Fresa 280 Gr,"9,61 € / 1 Kg","2,69 €",HERO
Despensa,"Desayuno, dulces y café",Confitura Diet Fresa 280 Gr,"9,61 € / 1 Kg","2,69 €",HERO
Despensa,"Desayuno, dulces y café",Confitura Diet Fresa 280 Gr,"9,61 € / 1 Kg","2,69 €",HERO
Despensa,"Desayuno, dulces y café",Confitura Diet Fresa 280 Gr,"9,61 € / 1 Kg","2,69 €",HERO
Despensa,"Desayuno, dulces y café",Confitura Diet Fresa 280 Gr,"9,61 € / 1 Kg","2,69 €",HERO
Despensa,"Desayuno, dulces y café",Confitura Diet Fresa 280 Gr,"9,61 € / 1 Kg","2,69 €",HERO
Despensa,"Desayuno, dulces y café",Confitura Diet Fresa 280 Gr,"9,61 € / 1 Kg","2,69 €",HERO
Despensa,"Desayuno, dulces y café",Confitura Diet Fresa 280 Gr,"9,61 € / 1 Kg","2,69 €",HERO
Despensa,"Desayuno, dulces y café",Confitura Diet Fresa 280 Gr,"9,61 € / 1 Kg","2,69 €",HERO
Despensa,"Desayuno, dulces y café",Confitura Diet Fresa 280 Gr,"9,61 € / 1 Kg","2,69 €",HERO
Despensa,"Desayuno, dulces y café",Confitura Diet Fresa 280 Gr,"9,61 € / 1 Kg","2,69 €",HERO
Despensa,"Desayuno, dulces y café",Confitura Diet Fresa 280 Gr,"9,61 € / 1 Kg","2,69 €",HERO
Despensa,"Desayuno, dulces y café",Confitura Diet Fresa 280 Gr,"9,61 € / 1 Kg","2,69 €",HERO
Despensa,"Desayuno, dulces y café",Confitura Diet Fresa 280 Gr,"9,61 € / 1 Kg","2,69 €",HERO
Despensa,"Desayuno, dulces y café",Confitura Diet Fresa 280 Gr,"9,61 € / 1 Kg","2,69 €",HERO
Despensa,"Desayuno, dulces y café",Confitura Diet Fresa 280 Gr,"9,61 € / 1 Kg","2,69 €",HERO
Despensa,"Desayuno, dulces y café",Confitura Diet Fresa 280 Gr,"9,61 € / 1 Kg","2,69 €",HERO
Despensa,"Desayuno, dulces y café",Confitura Diet Fresa 280 Gr,"9,61 € / 1 Kg","2,69 €",HERO
Despensa,"Desayuno, dulces y café",Confitura Diet Fresa 280 Gr,"9,61 € / 1 Kg","2,69 €",HERO
Despensa,"Desayuno, dulces y café",Confitura Diet Fresa 280 Gr,"9,61 € / 1 Kg","2,69 €",HERO
Despensa,"Desayuno, dulces y café",Cereales Trigo 430 Gr,"7,88 € / 1 Kg","3,39 €",WEETABIX
Despensa,"Desayuno, dulces y café",Cereales Trigo 430 Gr,"7,88 € / 1 Kg","3,39 €",WEETABIX
Despensa,"Desayuno, dulces y café",Cereales Trigo 430 Gr,"7,88 € / 1 Kg","3,39 €",WEETABIX
Despensa,"Desayuno, dulces y café",Cereales Trigo 430 Gr,"7,88 € / 1 Kg","3,39 €",WEETABIX
Despensa,"Desayuno, dulces y café",Cereales Trigo 430 Gr,"7,88 € / 1 Kg","3,39 €",WEETABIX
Despensa,"Desayuno, dulces y café",Cereales Trigo 430 Gr,"7,88 € / 1 Kg","3,39 €",WEETABIX
Despensa,"Desayuno, dulces y café",Cereales Trigo 430 Gr,"7,88 € / 1 Kg","3,39 €",WEETABIX
Despensa,"Desayuno, dulces y café",Cereales Trigo 430 Gr,"7,88 € / 1 Kg","3,39 €",WEETABIX
Despensa,"Desayuno, dulces y café",Cereales Trigo 430 Gr,"7,88 € / 1 Kg","3,39 €",WEETABIX
Despensa,"Desayuno, dulces y café",Cereales Trigo 430 Gr,"7,88 € / 1 Kg","3,39 €",WEETABIX
Despensa,"Desayuno, dulces y café",Cereales Trigo 430 Gr,"7,88 € / 1 Kg","3,39 €",WEETABIX
Despensa,"Desayuno, dulces y café",Cereales Trigo 430 Gr,"7,88 € / 1 Kg","3,39 €",WEETABIX
Despensa,"Desayuno, dulces y café",Cereales Trigo 430 Gr,"7,88 € / 1 Kg","3,39 €",WEETABIX
Despensa,"Desayuno, dulces y café",Cereales Trigo 430 Gr,"7,88 € / 1 Kg","3,39 €",WEETABIX
Despensa,"Desayuno, dulces y café",Cereales Trigo 430 Gr,"7,88 € / 1 Kg","3,39 €",WEETABIX
Despensa,"Desayuno, dulces y café",Cereales Trigo 430 Gr,"7,88 € / 1 Kg","3,39 €",WEETABIX
Despensa,"Desayuno, dulces y café",Cereales Trigo 430 Gr,"7,88 € / 1 Kg","3,39 €",WEETABIX
Despensa,"Desayuno, dulces y café",Cereales Trigo 430 Gr,"7,88 € / 1 Kg","3,39 €",WEETABIX
Despensa,"Desayuno, dulces y café",Cereales Trigo 430 Gr,"7,88 € / 1 Kg","3,39 €",WEETABIX
Despensa,"Desayuno, dulces y café",Cereales Trigo 430 Gr,"7,88 € / 1 Kg","3,39 €",WEETABIX
Despensa,"Desayuno, dulces y café",Preparado Pastel Fresco Sabor Limón 103 Gr,"15,44 € / 1 Kg","1,59 €",ROYAL
Despensa,"Desayuno, dulces y café",Preparado Pastel Fresco Sabor Limón 103 Gr,"15,44 € / 1 Kg","1,59 €",ROYAL
Despensa,"Desayuno, dulces y café",Preparado Pastel Fresco Sabor Limón 103 Gr,"15,44 € / 1 Kg","1,59 €",ROYAL
Despensa,"Desayuno, dulces y café",Preparado Pastel Fresco Sabor Limón 103 Gr,"15,44 € / 1 Kg","1,59 €",ROYAL
Despensa,"Desayuno, dulces y café",Preparado Pastel Fresco Sabor Limón 103 Gr,"15,44 € / 1 Kg","1,59 €",ROYAL
Despensa,"Desayuno, dulces y café",Preparado Pastel Fresco Sabor Limón 103 Gr,"15,44 € / 1 Kg","1,59 €",ROYAL
Despensa,"Desayuno, dulces y café",Preparado Pastel Fresco Sabor Limón 103 Gr,"15,44 € / 1 Kg","1,59 €",ROYAL
Despensa,"Desayuno, dulces y café",Preparado Pastel Fresco Sabor Limón 103 Gr,"15,44 € / 1 Kg","1,59 €",ROYAL
Despensa,"Desayuno, dulces y café",Preparado Pastel Fresco Sabor Limón 103 Gr,"15,44 € / 1 Kg","1,59 €",ROYAL
Despensa,"Desayuno, dulces y café",Preparado Pastel Fresco Sabor Limón 103 Gr,"15,44 € / 1 Kg","1,59 €",ROYAL
Despensa,"Desayuno, dulces y café",Preparado Pastel Fresco Sabor Limón 103 Gr,"15,44 € / 1 Kg","1,59 €",ROYAL
Despensa,"Desayuno, dulces y café",Preparado Pastel Fresco Sabor Limón 103 Gr,"15,44 € / 1 Kg","1,59 €",ROYAL
Despensa,"Desayuno, dulces y café",Preparado Pastel Fresco Sabor Limón 103 Gr,"15,44 € / 1 Kg","1,59 €",ROYAL
Despensa,"Desayuno, dulces y café",Preparado Pastel Fresco Sabor Limón 103 Gr,"15,44 € / 1 Kg","1,59 €",ROYAL
Despensa,"Desayuno, dulces y café",Preparado Pastel Fresco Sabor Limón 103 Gr,"15,44 € / 1 Kg","1,59 €",ROYAL
Despensa,"Desayuno, dulces y café",Preparado Pastel Fresco Sabor Limón 103 Gr,"15,44 € / 1 Kg","1,59 €",ROYAL
Despensa,"Desayuno, dulces y café",Preparado Pastel Fresco Sabor Limón 103 Gr,"15,44 € / 1 Kg","1,59 €",ROYAL
Despensa,"Desayuno, dulces y café",Preparado Pastel Fresco Sabor Limón 103 Gr,"15,44 € / 1 Kg","1,59 €",ROYAL
Despensa,"Desayuno, dulces y café",Preparado Pastel Fresco Sabor Limón 103 Gr,"15,44 € / 1 Kg","1,59 €",ROYAL
Despensa,"Desayuno, dulces y café",Preparado Pastel Fresco Sabor Limón 103 Gr,"15,44 € / 1 Kg","1,59 €",ROYAL
Despensa,"Desayuno, dulces y café",Galleta Caramelizada 12 Packs de 2 Unidades 187 Gr,"8,02 € / 1 Kg","1,50 €",LOTUS
Despensa,"Desayuno, dulces y café",Galleta Caramelizada 12 Packs de 2 Unidades 187 Gr,"8,02 € / 1 Kg","1,50 €",LOTUS
Despensa,"Desayuno, dulces y café",Galleta Caramelizada 12 Packs de 2 Unidades 187 Gr,"8,02 € / 1 Kg","1,50 €",LOTUS
Despensa,"Desayuno, dulces y café",Galleta Caramelizada 12 Packs de 2 Unidades 187 Gr,"8,02 € / 1 Kg","1,50 €",LOTUS
Despensa,"Desayuno, dulces y café",Galleta Caramelizada 12 Packs de 2 Unidades 187 Gr,"8,02 € / 1 Kg","1,50 €",LOTUS
Despensa,"Desayuno, dulces y café",Galleta Caramelizada 12 Packs de 2 Unidades 187 Gr,"8,02 € / 1 Kg","1,50 €",LOTUS
Despensa,"Desayuno, dulces y café",Galleta Caramelizada 12 Packs de 2 Unidades 187 Gr,"8,02 € / 1 Kg","1,50 €",LOTUS
Despensa,"Desayuno, dulces y café",Galleta Caramelizada 12 Packs de 2 Unidades 187 Gr,"8,02 € / 1 Kg","1,50 €",LOTUS
Despensa,"Desayuno, dulces y café",Galleta Caramelizada 12 Packs de 2 Unidades 187 Gr,"8,02 € / 1 Kg","1,50 €",LOTUS
Despensa,"Desayuno, dulces y café",Galleta Caramelizada 12 Packs de 2 Unidades 187 Gr,"8,02 € / 1 Kg","1,50 €",LOTUS
Despensa,"Desayuno, dulces y café",Galleta Caramelizada 12 Packs de 2 Unidades 187 Gr,"8,02 € / 1 Kg","1,50 €",LOTUS
Despensa,"Desayuno, dulces y café",Galleta Caramelizada 12 Packs de 2 Unidades 187 Gr,"8,02 € / 1 Kg","1,50 €",LOTUS
Despensa,"Desayuno, dulces y café",Galleta Caramelizada 12 Packs de 2 Unidades 187 Gr,"8,02 € / 1 Kg","1,50 €",LOTUS
Despensa,"Desayuno, dulces y café",Galleta Caramelizada 12 Packs de 2 Unidades 187 Gr,"8,02 € / 1 Kg","1,50 €",LOTUS
Despensa,"Desayuno, dulces y café",Galleta Caramelizada 12 Packs de 2 Unidades 187 Gr,"8,02 € / 1 Kg","1,50 €",LOTUS
Despensa,"Desayuno, dulces y café",Galleta Caramelizada 12 Packs de 2 Unidades 187 Gr,"8,02 € / 1 Kg","1,50 €",LOTUS
Despensa,"Desayuno, dulces y café",Galleta Caramelizada 12 Packs de 2 Unidades 187 Gr,"8,02 € / 1 Kg","1,50 €",LOTUS
Despensa,"Desayuno, dulces y café",Galleta Caramelizada 12 Packs de 2 Unidades 187 Gr,"8,02 € / 1 Kg","1,50 €",LOTUS
Despensa,"Desayuno, dulces y café",Galleta Caramelizada 12 Packs de 2 Unidades 187 Gr,"8,02 € / 1 Kg","1,50 €",LOTUS
Despensa,"Desayuno, dulces y café",Galleta Caramelizada 12 Packs de 2 Unidades 187 Gr,"8,02 € / 1 Kg","1,50 €",LOTUS
Despensa,"Desayuno, dulces y café",Dulce de Frutas 400 Gr,"5,98 € / 1 Kg","2,39 €",EL QUIJOTE
Despensa,"Desayuno, dulces y café",Dulce de Frutas 400 Gr,"5,98 € / 1 Kg","2,39 €",EL QUIJOTE
Despensa,"Desayuno, dulces y café",Dulce de Frutas 400 Gr,"5,98 € / 1 Kg","2,39 €",EL QUIJOTE
Despensa,"Desayuno, dulces y café",Dulce de Frutas 400 Gr,"5,98 € / 1 Kg","2,39 €",EL QUIJOTE
Despensa,"Desayuno, dulces y café",Dulce de Frutas 400 Gr,"5,98 € / 1 Kg","2,39 €",EL QUIJOTE
Despensa,"Desayuno, dulces y café",Dulce de Frutas 400 Gr,"5,98 € / 1 Kg","2,39 €",EL QUIJOTE
Despensa,"Desayuno, dulces y café",Dulce de Frutas 400 Gr,"5,98 € / 1 Kg","2,39 €",EL QUIJOTE
Despensa,"Desayuno, dulces y café",Dulce de Frutas 400 Gr,"5,98 € / 1 Kg","2,39 €",EL QUIJOTE
Despensa,"Desayuno, dulces y café",Dulce de Frutas 400 Gr,"5,98 € / 1 Kg","2,39 €",EL QUIJOTE
Despensa,"Desayuno, dulces y café",Dulce de Frutas 400 Gr,"5,98 € / 1 Kg","2,39 €",EL QUIJOTE
Despensa,"Desayuno, dulces y café",Dulce de Frutas 400 Gr,"5,98 € / 1 Kg","2,39 €",EL QUIJOTE
Despensa,"Desayuno, dulces y café",Dulce de Frutas 400 Gr,"5,98 € / 1 Kg","2,39 €",EL QUIJOTE
Despensa,"Desayuno, dulces y café",Dulce de Frutas 400 Gr,"5,98 € / 1 Kg","2,39 €",EL QUIJOTE
Despensa,"Desayuno, dulces y café",Dulce de Frutas 400 Gr,"5,98 € / 1 Kg","2,39 €",EL QUIJOTE
Despensa,"Desayuno, dulces y café",Dulce de Frutas 400 Gr,"5,98 € / 1 Kg","2,39 €",EL QUIJOTE
Despensa,"Desayuno, dulces y café",Dulce de Frutas 400 Gr,"5,98 € / 1 Kg","2,39 €",EL QUIJOTE
Despensa,"Desayuno, dulces y café",Dulce de Frutas 400 Gr,"5,98 € / 1 Kg","2,39 €",EL QUIJOTE
Despensa,"Desayuno, dulces y café",Dulce de Frutas 400 Gr,"5,98 € / 1 Kg","2,39 €",EL QUIJOTE
Despensa,"Desayuno, dulces y café",Dulce de Frutas 400 Gr,"5,98 € / 1 Kg","2,39 €",EL QUIJOTE
Despensa,"Desayuno, dulces y café",Dulce de Frutas 400 Gr,"5,98 € / 1 Kg","2,39 €",EL QUIJOTE
Despensa,"Desayuno, dulces y café",Flan de Vainilla 6 Sobres 192 Gr,"7,81 € / 1 Kg","1,50 €",POTAX
Despensa,"Desayuno, dulces y café",Flan de Vainilla 6 Sobres 192 Gr,"7,81 € / 1 Kg","1,50 €",POTAX
Despensa,"Desayuno, dulces y café",Flan de Vainilla 6 Sobres 192 Gr,"7,81 € / 1 Kg","1,50 €",POTAX
Despensa,"Desayuno, dulces y café",Flan de Vainilla 6 Sobres 192 Gr,"7,81 € / 1 Kg","1,50 €",POTAX
Despensa,"Desayuno, dulces y café",Flan de Vainilla 6 Sobres 192 Gr,"7,81 € / 1 Kg","1,50 €",POTAX
Despensa,"Desayuno, dulces y café",Flan de Vainilla 6 Sobres 192 Gr,"7,81 € / 1 Kg","1,50 €",POTAX
Despensa,"Desayuno, dulces y café",Flan de Vainilla 6 Sobres 192 Gr,"7,81 € / 1 Kg","1,50 €",POTAX
Despensa,"Desayuno, dulces y café",Flan de Vainilla 6 Sobres 192 Gr,"7,81 € / 1 Kg","1,50 €",POTAX
Despensa,"Desayuno, dulces y café",Flan de Vainilla 6 Sobres 192 Gr,"7,81 € / 1 Kg","1,50 €",POTAX
Despensa,"Desayuno, dulces y café",Flan de Vainilla 6 Sobres 192 Gr,"7,81 € / 1 Kg","1,50 €",POTAX
Despensa,"Desayuno, dulces y café",Flan de Vainilla 6 Sobres 192 Gr,"7,81 € / 1 Kg","1,50 €",POTAX
Despensa,"Desayuno, dulces y café",Flan de Vainilla 6 Sobres 192 Gr,"7,81 € / 1 Kg","1,50 €",POTAX
Despensa,"Desayuno, dulces y café",Flan de Vainilla 6 Sobres 192 Gr,"7,81 € / 1 Kg","1,50 €",POTAX
Despensa,"Desayuno, dulces y café",Flan de Vainilla 6 Sobres 192 Gr,"7,81 € / 1 Kg","1,50 €",POTAX
Despensa,"Desayuno, dulces y café",Flan de Vainilla 6 Sobres 192 Gr,"7,81 € / 1 Kg","1,50 €",POTAX
Despensa,"Desayuno, dulces y café",Flan de Vainilla 6 Sobres 192 Gr,"7,81 € / 1 Kg","1,50 €",POTAX
Despensa,"Desayuno, dulces y café",Flan de Vainilla 6 Sobres 192 Gr,"7,81 € / 1 Kg","1,50 €",POTAX
Despensa,"Desayuno, dulces y café",Flan de Vainilla 6 Sobres 192 Gr,"7,81 € / 1 Kg","1,50 €",POTAX
Despensa,"Desayuno, dulces y café",Flan de Vainilla 6 Sobres 192 Gr,"7,81 € / 1 Kg","1,50 €",POTAX
Despensa,"Desayuno, dulces y café",Flan de Vainilla 6 Sobres 192 Gr,"7,81 € / 1 Kg","1,50 €",POTAX
Despensa,"Desayuno, dulces y café",Preparado para Crepes Botella 198 Gr,"14,14 € / 1 Kg","2,80 €",MAIZENA
Despensa,"Desayuno, dulces y café",Preparado para Crepes Botella 198 Gr,"14,14 € / 1 Kg","2,80 €",MAIZENA
Despensa,"Desayuno, dulces y café",Preparado para Crepes Botella 198 Gr,"14,14 € / 1 Kg","2,80 €",MAIZENA
Despensa,"Desayuno, dulces y café",Preparado para Crepes Botella 198 Gr,"14,14 € / 1 Kg","2,80 €",MAIZENA
Despensa,"Desayuno, dulces y café",Preparado para Crepes Botella 198 Gr,"14,14 € / 1 Kg","2,80 €",MAIZENA
Despensa,"Desayuno, dulces y café",Preparado para Crepes Botella 198 Gr,"14,14 € / 1 Kg","2,80 €",MAIZENA
Despensa,"Desayuno, dulces y café",Preparado para Crepes Botella 198 Gr,"14,14 € / 1 Kg","2,80 €",MAIZENA
Despensa,"Desayuno, dulces y café",Preparado para Crepes Botella 198 Gr,"14,14 € / 1 Kg","2,80 €",MAIZENA
Despensa,"Desayuno, dulces y café",Preparado para Crepes Botella 198 Gr,"14,14 € / 1 Kg","2,80 €",MAIZENA
Despensa,"Desayuno, dulces y café",Preparado para Crepes Botella 198 Gr,"14,14 € / 1 Kg","2,80 €",MAIZENA
Despensa,"Desayuno, dulces y café",Preparado para Crepes Botella 198 Gr,"14,14 € / 1 Kg","2,80 €",MAIZENA
Despensa,"Desayuno, dulces y café",Preparado para Crepes Botella 198 Gr,"14,14 € / 1 Kg","2,80 €",MAIZENA
Despensa,"Desayuno, dulces y café",Preparado para Crepes Botella 198 Gr,"14,14 € / 1 Kg","2,80 €",MAIZENA
Despensa,"Desayuno, dulces y café",Preparado para Crepes Botella 198 Gr,"14,14 € / 1 Kg","2,80 €",MAIZENA
Despensa,"Desayuno, dulces y café",Preparado para Crepes Botella 198 Gr,"14,14 € / 1 Kg","2,80 €",MAIZENA
Despensa,"Desayuno, dulces y café",Preparado para Crepes Botella 198 Gr,"14,14 € / 1 Kg","2,80 €",MAIZENA
Despensa,"Desayuno, dulces y café",Preparado para Crepes Botella 198 Gr,"14,14 € / 1 Kg","2,80 €",MAIZENA
Despensa,"Desayuno, dulces y café",Preparado para Crepes Botella 198 Gr,"14,14 € / 1 Kg","2,80 €",MAIZENA
Despensa,"Desayuno, dulces y café",Preparado para Crepes Botella 198 Gr,"14,14 € / 1 Kg","2,80 €",MAIZENA
Despensa,"Desayuno, dulces y café",Preparado para Crepes Botella 198 Gr,"14,14 € / 1 Kg","2,80 €",MAIZENA
Despensa,"Desayuno, dulces y café",Natillas en Polvo con Canela 125 Gr,"13,20 € / 1 Kg","1,65 €",CONSUM
Despensa,"Desayuno, dulces y café",Natillas en Polvo con Canela 125 Gr,"13,20 € / 1 Kg","1,65 €",CONSUM
Despensa,"Desayuno, dulces y café",Natillas en Polvo con Canela 125 Gr,"13,20 € / 1 Kg","1,65 €",CONSUM
Despensa,"Desayuno, dulces y café",Natillas en Polvo con Canela 125 Gr,"13,20 € / 1 Kg","1,65 €",CONSUM
Despensa,"Desayuno, dulces y café",Natillas en Polvo con Canela 125 Gr,"13,20 € / 1 Kg","1,65 €",CONSUM
Despensa,"Desayuno, dulces y café",Natillas en Polvo con Canela 125 Gr,"13,20 € / 1 Kg","1,65 €",CONSUM
Despensa,"Desayuno, dulces y café",Natillas en Polvo con Canela 125 Gr,"13,20 € / 1 Kg","1,65 €",CONSUM
Despensa,"Desayuno, dulces y café",Natillas en Polvo con Canela 125 Gr,"13,20 € / 1 Kg","1,65 €",CONSUM
Despensa,"Desayuno, dulces y café",Natillas en Polvo con Canela 125 Gr,"13,20 € / 1 Kg","1,65 €",CONSUM
Despensa,"Desayuno, dulces y café",Natillas en Polvo con Canela 125 Gr,"13,20 € / 1 Kg","1,65 €",CONSUM
Despensa,"Desayuno, dulces y café",Natillas en Polvo con Canela 125 Gr,"13,20 € / 1 Kg","1,65 €",CONSUM
Despensa,"Desayuno, dulces y café",Natillas en Polvo con Canela 125 Gr,"13,20 € / 1 Kg","1,65 €",CONSUM
Despensa,"Desayuno, dulces y café",Natillas en Polvo con Canela 125 Gr,"13,20 € / 1 Kg","1,65 €",CONSUM
Despensa,"Desayuno, dulces y café",Natillas en Polvo con Canela 125 Gr,"13,20 € / 1 Kg","1,65 €",CONSUM
Despensa,"Desayuno, dulces y café",Natillas en Polvo con Canela 125 Gr,"13,20 € / 1 Kg","1,65 €",CONSUM
Despensa,"Desayuno, dulces y café",Natillas en Polvo con Canela 125 Gr,"13,20 € / 1 Kg","1,65 €",CONSUM
Despensa,"Desayuno, dulces y café",Natillas en Polvo con Canela 125 Gr,"13,20 € / 1 Kg","1,65 €",CONSUM
Despensa,"Desayuno, dulces y café",Natillas en Polvo con Canela 125 Gr,"13,20 € / 1 Kg","1,65 €",CONSUM
Despensa,"Desayuno, dulces y café",Natillas en Polvo con Canela 125 Gr,"13,20 € / 1 Kg","1,65 €",CONSUM
Despensa,"Desayuno, dulces y café",Natillas en Polvo con Canela 125 Gr,"13,20 € / 1 Kg","1,65 €",CONSUM
Despensa,"Desayuno, dulces y café",Harina de Arroz Paquete 500 Gr,"2,28 € / 1 Kg","1,14 €",REX
Despensa,"Desayuno, dulces y café",Harina de Arroz Paquete 500 Gr,"2,28 € / 1 Kg","1,14 €",REX
Despensa,"Desayuno, dulces y café",Harina de Arroz Paquete 500 Gr,"2,28 € / 1 Kg","1,14 €",REX
Despensa,"Desayuno, dulces y café",Harina de Arroz Paquete 500 Gr,"2,28 € / 1 Kg","1,14 €",REX
Despensa,"Desayuno, dulces y café",Harina de Arroz Paquete 500 Gr,"2,28 € / 1 Kg","1,14 €",REX
Despensa,"Desayuno, dulces y café",Harina de Arroz Paquete 500 Gr,"2,28 € / 1 Kg","1,14 €",REX
Despensa,"Desayuno, dulces y café",Harina de Arroz Paquete 500 Gr,"2,28 € / 1 Kg","1,14 €",REX
Despensa,"Desayuno, dulces y café",Harina de Arroz Paquete 500 Gr,"2,28 € / 1 Kg","1,14 €",REX
Despensa,"Desayuno, dulces y café",Harina de Arroz Paquete 500 Gr,"2,28 € / 1 Kg","1,14 €",REX
Despensa,"Desayuno, dulces y café",Harina de Arroz Paquete 500 Gr,"2,28 € / 1 Kg","1,14 €",REX
Despensa,"Desayuno, dulces y café",Harina de Arroz Paquete 500 Gr,"2,28 € / 1 Kg","1,14 €",REX
Despensa,"Desayuno, dulces y café",Harina de Arroz Paquete 500 Gr,"2,28 € / 1 Kg","1,14 €",REX
Despensa,"Desayuno, dulces y café",Harina de Arroz Paquete 500 Gr,"2,28 € / 1 Kg","1,14 €",REX
Despensa,"Desayuno, dulces y café",Harina de Arroz Paquete 500 Gr,"2,28 € / 1 Kg","1,14 €",REX
Despensa,"Desayuno, dulces y café",Harina de Arroz Paquete 500 Gr,"2,28 € / 1 Kg","1,14 €",REX
Despensa,"Desayuno, dulces y café",Harina de Arroz Paquete 500 Gr,"2,28 € / 1 Kg","1,14 €",REX
Despensa,"Desayuno, dulces y café",Harina de Arroz Paquete 500 Gr,"2,28 € / 1 Kg","1,14 €",REX
Despensa,"Desayuno, dulces y café",Harina de Arroz Paquete 500 Gr,"2,28 € / 1 Kg","1,14 €",REX
Despensa,"Desayuno, dulces y café",Harina de Arroz Paquete 500 Gr,"2,28 € / 1 Kg","1,14 €",REX
Despensa,"Desayuno, dulces y café",Harina de Arroz Paquete 500 Gr,"2,28 € / 1 Kg","1,14 €",REX
Despensa,"Desayuno, dulces y café",Surtido Goma Brillo 150 Gr,"6,33 € / 1 Kg","0,95 €",CONSUM
Despensa,"Desayuno, dulces y café",Surtido Goma Brillo 150 Gr,"6,33 € / 1 Kg","0,95 €",CONSUM
Despensa,"Desayuno, dulces y café",Surtido Goma Brillo 150 Gr,"6,33 € / 1 Kg","0,95 €",CONSUM
Despensa,"Desayuno, dulces y café",Surtido Goma Brillo 150 Gr,"6,33 € / 1 Kg","0,95 €",CONSUM
Despensa,"Desayuno, dulces y café",Surtido Goma Brillo 150 Gr,"6,33 € / 1 Kg","0,95 €",CONSUM
Despensa,"Desayuno, dulces y café",Surtido Goma Brillo 150 Gr,"6,33 € / 1 Kg","0,95 €",CONSUM
Despensa,"Desayuno, dulces y café",Surtido Goma Brillo 150 Gr,"6,33 € / 1 Kg","0,95 €",CONSUM
Despensa,"Desayuno, dulces y café",Surtido Goma Brillo 150 Gr,"6,33 € / 1 Kg","0,95 €",CONSUM
Despensa,"Desayuno, dulces y café",Surtido Goma Brillo 150 Gr,"6,33 € / 1 Kg","0,95 €",CONSUM
Despensa,"Desayuno, dulces y café",Surtido Goma Brillo 150 Gr,"6,33 € / 1 Kg","0,95 €",CONSUM
Despensa,"Desayuno, dulces y café",Surtido Goma Brillo 150 Gr,"6,33 € / 1 Kg","0,95 €",CONSUM
Despensa,"Desayuno, dulces y café",Surtido Goma Brillo 150 Gr,"6,33 € / 1 Kg","0,95 €",CONSUM
Despensa,"Desayuno, dulces y café",Surtido Goma Brillo 150 Gr,"6,33 € / 1 Kg","0,95 €",CONSUM
Despensa,"Desayuno, dulces y café",Surtido Goma Brillo 150 Gr,"6,33 € / 1 Kg","0,95 €",CONSUM
Despensa,"Desayuno, dulces y café",Surtido Goma Brillo 150 Gr,"6,33 € / 1 Kg","0,95 €",CONSUM
Despensa,"Desayuno, dulces y café",Surtido Goma Brillo 150 Gr,"6,33 € / 1 Kg","0,95 €",CONSUM
Despensa,"Desayuno, dulces y café",Surtido Goma Brillo 150 Gr,"6,33 € / 1 Kg","0,95 €",CONSUM
Despensa,"Desayuno, dulces y café",Surtido Goma Brillo 150 Gr,"6,33 € / 1 Kg","0,95 €",CONSUM
Despensa,"Desayuno, dulces y café",Surtido Goma Brillo 150 Gr,"6,33 € / 1 Kg","0,95 €",CONSUM
Despensa,"Desayuno, dulces y café",Surtido Goma Brillo 150 Gr,"6,33 € / 1 Kg","0,95 €",CONSUM
Despensa,"Desayuno, dulces y café",Galleta Tostada sin Azúcares 400 Gr,"6,48 € / 1 Kg","2,59 €",GULLON ZERO
Despensa,"Desayuno, dulces y café",Galleta Tostada sin Azúcares 400 Gr,"6,48 € / 1 Kg","2,59 €",GULLON ZERO
Despensa,"Desayuno, dulces y café",Galleta Tostada sin Azúcares 400 Gr,"6,48 € / 1 Kg","2,59 €",GULLON ZERO
Despensa,"Desayuno, dulces y café",Galleta Tostada sin Azúcares 400 Gr,"6,48 € / 1 Kg","2,59 €",GULLON ZERO
Despensa,"Desayuno, dulces y café",Galleta Tostada sin Azúcares 400 Gr,"6,48 € / 1 Kg","2,59 €",GULLON ZERO
Despensa,"Desayuno, dulces y café",Galleta Tostada sin Azúcares 400 Gr,"6,48 € / 1 Kg","2,59 €",GULLON ZERO
Despensa,"Desayuno, dulces y café",Galleta Tostada sin Azúcares 400 Gr,"6,48 € / 1 Kg","2,59 €",GULLON ZERO
Despensa,"Desayuno, dulces y café",Galleta Tostada sin Azúcares 400 Gr,"6,48 € / 1 Kg","2,59 €",GULLON ZERO
Despensa,"Desayuno, dulces y café",Galleta Tostada sin Azúcares 400 Gr,"6,48 € / 1 Kg","2,59 €",GULLON ZERO
Despensa,"Desayuno, dulces y café",Galleta Tostada sin Azúcares 400 Gr,"6,48 € / 1 Kg","2,59 €",GULLON ZERO
Despensa,"Desayuno, dulces y café",Galleta Tostada sin Azúcares 400 Gr,"6,48 € / 1 Kg","2,59 €",GULLON ZERO
Despensa,"Desayuno, dulces y café",Galleta Tostada sin Azúcares 400 Gr,"6,48 € / 1 Kg","2,59 €",GULLON ZERO
Despensa,"Desayuno, dulces y café",Galleta Tostada sin Azúcares 400 Gr,"6,48 € / 1 Kg","2,59 €",GULLON ZERO
Despensa,"Desayuno, dulces y café",Galleta Tostada sin Azúcares 400 Gr,"6,48 € / 1 Kg","2,59 €",GULLON ZERO
Despensa,"Desayuno, dulces y café",Galleta Tostada sin Azúcares 400 Gr,"6,48 € / 1 Kg","2,59 €",GULLON ZERO
Despensa,"Desayuno, dulces y café",Galleta Tostada sin Azúcares 400 Gr,"6,48 € / 1 Kg","2,59 €",GULLON ZERO
Despensa,"Desayuno, dulces y café",Galleta Tostada sin Azúcares 400 Gr,"6,48 € / 1 Kg","2,59 €",GULLON ZERO
Despensa,"Desayuno, dulces y café",Galleta Tostada sin Azúcares 400 Gr,"6,48 € / 1 Kg","2,59 €",GULLON ZERO
Despensa,"Desayuno, dulces y café",Galleta Tostada sin Azúcares 400 Gr,"6,48 € / 1 Kg","2,59 €",GULLON ZERO
Despensa,"Desayuno, dulces y café",Galleta Tostada sin Azúcares 400 Gr,"6,48 € / 1 Kg","2,59 €",GULLON ZERO
Despensa,"Desayuno, dulces y café",Surtido Galletas 420 Gr,"13,33 € / 1 Kg","5,60 €",CUETARA
Despensa,"Desayuno, dulces y café",Surtido Galletas 420 Gr,"13,33 € / 1 Kg","5,60 €",CUETARA
Despensa,"Desayuno, dulces y café",Surtido Galletas 420 Gr,"13,33 € / 1 Kg","5,60 €",CUETARA
Despensa,"Desayuno, dulces y café",Surtido Galletas 420 Gr,"13,33 € / 1 Kg","5,60 €",CUETARA
Despensa,"Desayuno, dulces y café",Surtido Galletas 420 Gr,"13,33 € / 1 Kg","5,60 €",CUETARA
Despensa,"Desayuno, dulces y café",Surtido Galletas 420 Gr,"13,33 € / 1 Kg","5,60 €",CUETARA
Despensa,"Desayuno, dulces y café",Surtido Galletas 420 Gr,"13,33 € / 1 Kg","5,60 €",CUETARA
Despensa,"Desayuno, dulces y café",Surtido Galletas 420 Gr,"13,33 € / 1 Kg","5,60 €",CUETARA
Despensa,"Desayuno, dulces y café",Surtido Galletas 420 Gr,"13,33 € / 1 Kg","5,60 €",CUETARA
Despensa,"Desayuno, dulces y café",Surtido Galletas 420 Gr,"13,33 € / 1 Kg","5,60 €",CUETARA
Despensa,"Desayuno, dulces y café",Surtido Galletas 420 Gr,"13,33 € / 1 Kg","5,60 €",CUETARA
Despensa,"Desayuno, dulces y café",Surtido Galletas 420 Gr,"13,33 € / 1 Kg","5,60 €",CUETARA
Despensa,"Desayuno, dulces y café",Surtido Galletas 420 Gr,"13,33 € / 1 Kg","5,60 €",CUETARA
Despensa,"Desayuno, dulces y café",Surtido Galletas 420 Gr,"13,33 € / 1 Kg","5,60 €",CUETARA
Despensa,"Desayuno, dulces y café",Surtido Galletas 420 Gr,"13,33 € / 1 Kg","5,60 €",CUETARA
Despensa,"Desayuno, dulces y café",Surtido Galletas 420 Gr,"13,33 € / 1 Kg","5,60 €",CUETARA
Despensa,"Desayuno, dulces y café",Surtido Galletas 420 Gr,"13,33 € / 1 Kg","5,60 €",CUETARA
Despensa,"Desayuno, dulces y café",Surtido Galletas 420 Gr,"13,33 € / 1 Kg","5,60 €",CUETARA
Despensa,"Desayuno, dulces y café",Surtido Galletas 420 Gr,"13,33 € / 1 Kg","5,60 €",CUETARA
Despensa,"Desayuno, dulces y café",Surtido Galletas 420 Gr,"13,33 € / 1 Kg","5,60 €",CUETARA
Despensa,"Desayuno, dulces y café",Postre Manzana y Mango Pack de 2 2 x 100 Gr,"7,00 € / 1 Kg","1,40 €",ANELA
Despensa,"Desayuno, dulces y café",Postre Manzana y Mango Pack de 2 2 x 100 Gr,"7,00 € / 1 Kg","1,40 €",ANELA
Despensa,"Desayuno, dulces y café",Postre Manzana y Mango Pack de 2 2 x 100 Gr,"7,00 € / 1 Kg","1,40 €",ANELA
Despensa,"Desayuno, dulces y café",Postre Manzana y Mango Pack de 2 2 x 100 Gr,"7,00 € / 1 Kg","1,40 €",ANELA
Despensa,"Desayuno, dulces y café",Postre Manzana y Mango Pack de 2 2 x 100 Gr,"7,00 € / 1 Kg","1,40 €",ANELA
Despensa,"Desayuno, dulces y café",Postre Manzana y Mango Pack de 2 2 x 100 Gr,"7,00 € / 1 Kg","1,40 €",ANELA
Despensa,"Desayuno, dulces y café",Postre Manzana y Mango Pack de 2 2 x 100 Gr,"7,00 € / 1 Kg","1,40 €",ANELA
Despensa,"Desayuno, dulces y café",Postre Manzana y Mango Pack de 2 2 x 100 Gr,"7,00 € / 1 Kg","1,40 €",ANELA
Despensa,"Desayuno, dulces y café",Postre Manzana y Mango Pack de 2 2 x 100 Gr,"7,00 € / 1 Kg","1,40 €",ANELA
Despensa,"Desayuno, dulces y café",Postre Manzana y Mango Pack de 2 2 x 100 Gr,"7,00 € / 1 Kg","1,40 €",ANELA
Despensa,"Desayuno, dulces y café",Postre Manzana y Mango Pack de 2 2 x 100 Gr,"7,00 € / 1 Kg","1,40 €",ANELA
Despensa,"Desayuno, dulces y café",Postre Manzana y Mango Pack de 2 2 x 100 Gr,"7,00 € / 1 Kg","1,40 €",ANELA
Despensa,"Desayuno, dulces y café",Postre Manzana y Mango Pack de 2 2 x 100 Gr,"7,00 € / 1 Kg","1,40 €",ANELA
Despensa,"Desayuno, dulces y café",Postre Manzana y Mango Pack de 2 2 x 100 Gr,"7,00 € / 1 Kg","1,40 €",ANELA
Despensa,"Desayuno, dulces y café",Postre Manzana y Mango Pack de 2 2 x 100 Gr,"7,00 € / 1 Kg","1,40 €",ANELA
Despensa,"Desayuno, dulces y café",Postre Manzana y Mango Pack de 2 2 x 100 Gr,"7,00 € / 1 Kg","1,40 €",ANELA
Despensa,"Desayuno, dulces y café",Postre Manzana y Mango Pack de 2 2 x 100 Gr,"7,00 € / 1 Kg","1,40 €",ANELA
Despensa,"Desayuno, dulces y café",Postre Manzana y Mango Pack de 2 2 x 100 Gr,"7,00 € / 1 Kg","1,40 €",ANELA
Despensa,"Desayuno, dulces y café",Postre Manzana y Mango Pack de 2 2 x 100 Gr,"7,00 € / 1 Kg","1,40 €",ANELA
Despensa,"Desayuno, dulces y café",Postre Manzana y Mango Pack de 2 2 x 100 Gr,"7,00 € / 1 Kg","1,40 €",ANELA
Despensa,"Desayuno, dulces y café",Chocolate a la Taza 300 Gr,"10,67 € / 1 Kg","3,20 €",VALOR
Despensa,"Desayuno, dulces y café",Chocolate a la Taza 300 Gr,"10,67 € / 1 Kg","3,20 €",VALOR
Despensa,"Desayuno, dulces y café",Chocolate a la Taza 300 Gr,"10,67 € / 1 Kg","3,20 €",VALOR
Despensa,"Desayuno, dulces y café",Chocolate a la Taza 300 Gr,"10,67 € / 1 Kg","3,20 €",VALOR
Despensa,"Desayuno, dulces y café",Chocolate a la Taza 300 Gr,"10,67 € / 1 Kg","3,20 €",VALOR
Despensa,"Desayuno, dulces y café",Chocolate a la Taza 300 Gr,"10,67 € / 1 Kg","3,20 €",VALOR
Despensa,"Desayuno, dulces y café",Chocolate a la Taza 300 Gr,"10,67 € / 1 Kg","3,20 €",VALOR
Despensa,"Desayuno, dulces y café",Chocolate a la Taza 300 Gr,"10,67 € / 1 Kg","3,20 €",VALOR
Despensa,"Desayuno, dulces y café",Chocolate a la Taza 300 Gr,"10,67 € / 1 Kg","3,20 €",VALOR
Despensa,"Desayuno, dulces y café",Chocolate a la Taza 300 Gr,"10,67 € / 1 Kg","3,20 €",VALOR
Despensa,"Desayuno, dulces y café",Chocolate a la Taza 300 Gr,"10,67 € / 1 Kg","3,20 €",VALOR
Despensa,"Desayuno, dulces y café",Chocolate a la Taza 300 Gr,"10,67 € / 1 Kg","3,20 €",VALOR
Despensa,"Desayuno, dulces y café",Chocolate a la Taza 300 Gr,"10,67 € / 1 Kg","3,20 €",VALOR
Despensa,"Desayuno, dulces y café",Chocolate a la Taza 300 Gr,"10,67 € / 1 Kg","3,20 €",VALOR
Despensa,"Desayuno, dulces y café",Chocolate a la Taza 300 Gr,"10,67 € / 1 Kg","3,20 €",VALOR
Despensa,"Desayuno, dulces y café",Chocolate a la Taza 300 Gr,"10,67 € / 1 Kg","3,20 €",VALOR
Despensa,"Desayuno, dulces y café",Chocolate a la Taza 300 Gr,"10,67 € / 1 Kg","3,20 €",VALOR
Despensa,"Desayuno, dulces y café",Chocolate a la Taza 300 Gr,"10,67 € / 1 Kg","3,20 €",VALOR
Despensa,"Desayuno, dulces y café",Chocolate a la Taza 300 Gr,"10,67 € / 1 Kg","3,20 €",VALOR
Despensa,"Desayuno, dulces y café",Chocolate a la Taza 300 Gr,"10,67 € / 1 Kg","3,20 €",VALOR
Despensa,"Desayuno, dulces y café",Chocolate Negro Flor de Sal Excellence 100 Gr,"32,50 € / 1 Kg","3,25 €",LINDT
Despensa,"Desayuno, dulces y café",Chocolate Negro Flor de Sal Excellence 100 Gr,"32,50 € / 1 Kg","3,25 €",LINDT
Despensa,"Desayuno, dulces y café",Chocolate Negro Flor de Sal Excellence 100 Gr,"32,50 € / 1 Kg","3,25 €",LINDT
Despensa,"Desayuno, dulces y café",Chocolate Negro Flor de Sal Excellence 100 Gr,"32,50 € / 1 Kg","3,25 €",LINDT
Despensa,"Desayuno, dulces y café",Chocolate Negro Flor de Sal Excellence 100 Gr,"32,50 € / 1 Kg","3,25 €",LINDT
Despensa,"Desayuno, dulces y café",Chocolate Negro Flor de Sal Excellence 100 Gr,"32,50 € / 1 Kg","3,25 €",LINDT
Despensa,"Desayuno, dulces y café",Chocolate Negro Flor de Sal Excellence 100 Gr,"32,50 € / 1 Kg","3,25 €",LINDT
Despensa,"Desayuno, dulces y café",Chocolate Negro Flor de Sal Excellence 100 Gr,"32,50 € / 1 Kg","3,25 €",LINDT
Despensa,"Desayuno, dulces y café",Chocolate Negro Flor de Sal Excellence 100 Gr,"32,50 € / 1 Kg","3,25 €",LINDT
Despensa,"Desayuno, dulces y café",Chocolate Negro Flor de Sal Excellence 100 Gr,"32,50 € / 1 Kg","3,25 €",LINDT
Despensa,"Desayuno, dulces y café",Chocolate Negro Flor de Sal Excellence 100 Gr,"32,50 € / 1 Kg","3,25 €",LINDT
Despensa,"Desayuno, dulces y café",Chocolate Negro Flor de Sal Excellence 100 Gr,"32,50 € / 1 Kg","3,25 €",LINDT
Despensa,"Desayuno, dulces y café",Chocolate Negro Flor de Sal Excellence 100 Gr,"32,50 € / 1 Kg","3,25 €",LINDT
Despensa,"Desayuno, dulces y café",Chocolate Negro Flor de Sal Excellence 100 Gr,"32,50 € / 1 Kg","3,25 €",LINDT
Despensa,"Desayuno, dulces y café",Chocolate Negro Flor de Sal Excellence 100 Gr,"32,50 € / 1 Kg","3,25 €",LINDT
Despensa,"Desayuno, dulces y café",Chocolate Negro Flor de Sal Excellence 100 Gr,"32,50 € / 1 Kg","3,25 €",LINDT
Despensa,"Desayuno, dulces y café",Chocolate Negro Flor de Sal Excellence 100 Gr,"32,50 € / 1 Kg","3,25 €",LINDT
Despensa,"Desayuno, dulces y café",Chocolate Negro Flor de Sal Excellence 100 Gr,"32,50 € / 1 Kg","3,25 €",LINDT
Despensa,"Desayuno, dulces y café",Chocolate Negro Flor de Sal Excellence 100 Gr,"32,50 € / 1 Kg","3,25 €",LINDT
Despensa,"Desayuno, dulces y café",Chocolate Negro Flor de Sal Excellence 100 Gr,"32,50 € / 1 Kg","3,25 €",LINDT
Despensa,"Desayuno, dulces y café",Azúcar de Coco Bío 300 Gr,"8,83 € / 1 Kg","2,65 €",ECOWASSY
Despensa,"Desayuno, dulces y café",Azúcar de Coco Bío 300 Gr,"8,83 € / 1 Kg","2,65 €",ECOWASSY
Despensa,"Desayuno, dulces y café",Azúcar de Coco Bío 300 Gr,"8,83 € / 1 Kg","2,65 €",ECOWASSY
Despensa,"Desayuno, dulces y café",Azúcar de Coco Bío 300 Gr,"8,83 € / 1 Kg","2,65 €",ECOWASSY
Despensa,"Desayuno, dulces y café",Azúcar de Coco Bío 300 Gr,"8,83 € / 1 Kg","2,65 €",ECOWASSY
Despensa,"Desayuno, dulces y café",Azúcar de Coco Bío 300 Gr,"8,83 € / 1 Kg","2,65 €",ECOWASSY
Despensa,"Desayuno, dulces y café",Azúcar de Coco Bío 300 Gr,"8,83 € / 1 Kg","2,65 €",ECOWASSY
Despensa,"Desayuno, dulces y café",Azúcar de Coco Bío 300 Gr,"8,83 € / 1 Kg","2,65 €",ECOWASSY
Despensa,"Desayuno, dulces y café",Azúcar de Coco Bío 300 Gr,"8,83 € / 1 Kg","2,65 €",ECOWASSY
Despensa,"Desayuno, dulces y café",Azúcar de Coco Bío 300 Gr,"8,83 € / 1 Kg","2,65 €",ECOWASSY
Despensa,"Desayuno, dulces y café",Azúcar de Coco Bío 300 Gr,"8,83 € / 1 Kg","2,65 €",ECOWASSY
Despensa,"Desayuno, dulces y café",Azúcar de Coco Bío 300 Gr,"8,83 € / 1 Kg","2,65 €",ECOWASSY
Despensa,"Desayuno, dulces y café",Azúcar de Coco Bío 300 Gr,"8,83 € / 1 Kg","2,65 €",ECOWASSY
Despensa,"Desayuno, dulces y café",Azúcar de Coco Bío 300 Gr,"8,83 € / 1 Kg","2,65 €",ECOWASSY
Despensa,"Desayuno, dulces y café",Azúcar de Coco Bío 300 Gr,"8,83 € / 1 Kg","2,65 €",ECOWASSY
Despensa,"Desayuno, dulces y café",Azúcar de Coco Bío 300 Gr,"8,83 € / 1 Kg","2,65 €",ECOWASSY
Despensa,"Desayuno, dulces y café",Azúcar de Coco Bío 300 Gr,"8,83 € / 1 Kg","2,65 €",ECOWASSY
Despensa,"Desayuno, dulces y café",Azúcar de Coco Bío 300 Gr,"8,83 € / 1 Kg","2,65 €",ECOWASSY
Despensa,"Desayuno, dulces y café",Azúcar de Coco Bío 300 Gr,"8,83 € / 1 Kg","2,65 €",ECOWASSY
Despensa,"Desayuno, dulces y café",Azúcar de Coco Bío 300 Gr,"8,83 € / 1 Kg","2,65 €",ECOWASSY
Despensa,"Desayuno, dulces y café",Tubitos Rellenos Crema de Cacao 160 Gr,"8,33 € / 1 Kg","1,25 €",MELS
Despensa,"Desayuno, dulces y café",Tubitos Rellenos Crema de Cacao 160 Gr,"8,33 € / 1 Kg","1,25 €",MELS
Despensa,"Desayuno, dulces y café",Tubitos Rellenos Crema de Cacao 160 Gr,"8,33 € / 1 Kg","1,25 €",MELS
Despensa,"Desayuno, dulces y café",Tubitos Rellenos Crema de Cacao 160 Gr,"8,33 € / 1 Kg","1,25 €",MELS
Despensa,"Desayuno, dulces y café",Tubitos Rellenos Crema de Cacao 160 Gr,"8,33 € / 1 Kg","1,25 €",MELS
Despensa,"Desayuno, dulces y café",Tubitos Rellenos Crema de Cacao 160 Gr,"8,33 € / 1 Kg","1,25 €",MELS
Despensa,"Desayuno, dulces y café",Tubitos Rellenos Crema de Cacao 160 Gr,"8,33 € / 1 Kg","1,25 €",MELS
Despensa,"Desayuno, dulces y café",Tubitos Rellenos Crema de Cacao 160 Gr,"8,33 € / 1 Kg","1,25 €",MELS
Despensa,"Desayuno, dulces y café",Tubitos Rellenos Crema de Cacao 160 Gr,"8,33 € / 1 Kg","1,25 €",MELS
Despensa,"Desayuno, dulces y café",Tubitos Rellenos Crema de Cacao 160 Gr,"8,33 € / 1 Kg","1,25 €",MELS
Despensa,"Desayuno, dulces y café",Tubitos Rellenos Crema de Cacao 160 Gr,"8,33 € / 1 Kg","1,25 €",MELS
Despensa,"Desayuno, dulces y café",Tubitos Rellenos Crema de Cacao 160 Gr,"8,33 € / 1 Kg","1,25 €",MELS
Despensa,"Desayuno, dulces y café",Tubitos Rellenos Crema de Cacao 160 Gr,"8,33 € / 1 Kg","1,25 €",MELS
Despensa,"Desayuno, dulces y café",Tubitos Rellenos Crema de Cacao 160 Gr,"8,33 € / 1 Kg","1,25 €",MELS
Despensa,"Desayuno, dulces y café",Tubitos Rellenos Crema de Cacao 160 Gr,"8,33 € / 1 Kg","1,25 €",MELS
Despensa,"Desayuno, dulces y café",Tubitos Rellenos Crema de Cacao 160 Gr,"8,33 € / 1 Kg","1,25 €",MELS
Despensa,"Desayuno, dulces y café",Tubitos Rellenos Crema de Cacao 160 Gr,"8,33 € / 1 Kg","1,25 €",MELS
Despensa,"Desayuno, dulces y café",Tubitos Rellenos Crema de Cacao 160 Gr,"8,33 € / 1 Kg","1,25 €",MELS
Despensa,"Desayuno, dulces y café",Tubitos Rellenos Crema de Cacao 160 Gr,"8,33 € / 1 Kg","1,25 €",MELS
Despensa,"Desayuno, dulces y café",Tubitos Rellenos Crema de Cacao 160 Gr,"8,33 € / 1 Kg","1,25 €",MELS
Despensa,"Desayuno, dulces y café",Caramelo Mix Frutas sin Azúcar 90 Gr,"11,67 € / 1 Kg","1,05 €",CONSUM
Despensa,"Desayuno, dulces y café",Caramelo Mix Frutas sin Azúcar 90 Gr,"11,67 € / 1 Kg","1,05 €",CONSUM
Despensa,"Desayuno, dulces y café",Caramelo Mix Frutas sin Azúcar 90 Gr,"11,67 € / 1 Kg","1,05 €",CONSUM
Despensa,"Desayuno, dulces y café",Caramelo Mix Frutas sin Azúcar 90 Gr,"11,67 € / 1 Kg","1,05 €",CONSUM
Despensa,"Desayuno, dulces y café",Caramelo Mix Frutas sin Azúcar 90 Gr,"11,67 € / 1 Kg","1,05 €",CONSUM
Despensa,"Desayuno, dulces y café",Caramelo Mix Frutas sin Azúcar 90 Gr,"11,67 € / 1 Kg","1,05 €",CONSUM
Despensa,"Desayuno, dulces y café",Caramelo Mix Frutas sin Azúcar 90 Gr,"11,67 € / 1 Kg","1,05 €",CONSUM
Despensa,"Desayuno, dulces y café",Caramelo Mix Frutas sin Azúcar 90 Gr,"11,67 € / 1 Kg","1,05 €",CONSUM
Despensa,"Desayuno, dulces y café",Caramelo Mix Frutas sin Azúcar 90 Gr,"11,67 € / 1 Kg","1,05 €",CONSUM
Despensa,"Desayuno, dulces y café",Caramelo Mix Frutas sin Azúcar 90 Gr,"11,67 € / 1 Kg","1,05 €",CONSUM
Despensa,"Desayuno, dulces y café",Caramelo Mix Frutas sin Azúcar 90 Gr,"11,67 € / 1 Kg","1,05 €",CONSUM
Despensa,"Desayuno, dulces y café",Caramelo Mix Frutas sin Azúcar 90 Gr,"11,67 € / 1 Kg","1,05 €",CONSUM
Despensa,"Desayuno, dulces y café",Caramelo Mix Frutas sin Azúcar 90 Gr,"11,67 € / 1 Kg","1,05 €",CONSUM
Despensa,"Desayuno, dulces y café",Caramelo Mix Frutas sin Azúcar 90 Gr,"11,67 € / 1 Kg","1,05 €",CONSUM
Despensa,"Desayuno, dulces y café",Caramelo Mix Frutas sin Azúcar 90 Gr,"11,67 € / 1 Kg","1,05 €",CONSUM
Despensa,"Desayuno, dulces y café",Caramelo Mix Frutas sin Azúcar 90 Gr,"11,67 € / 1 Kg","1,05 €",CONSUM
Despensa,"Desayuno, dulces y café",Caramelo Mix Frutas sin Azúcar 90 Gr,"11,67 € / 1 Kg","1,05 €",CONSUM
Despensa,"Desayuno, dulces y café",Caramelo Mix Frutas sin Azúcar 90 Gr,"11,67 € / 1 Kg","1,05 €",CONSUM
Despensa,"Desayuno, dulces y café",Caramelo Mix Frutas sin Azúcar 90 Gr,"11,67 € / 1 Kg","1,05 €",CONSUM
Despensa,"Desayuno, dulces y café",Caramelo Mix Frutas sin Azúcar 90 Gr,"11,67 € / 1 Kg","1,05 €",CONSUM
Despensa,"Desayuno, dulces y café",Rodajas de Sandía 90 Gr,"15,44 € / 1 Kg","1,39 €",HARIBO
Despensa,"Desayuno, dulces y café",Rodajas de Sandía 90 Gr,"15,44 € / 1 Kg","1,39 €",HARIBO
Despensa,"Desayuno, dulces y café",Rodajas de Sandía 90 Gr,"15,44 € / 1 Kg","1,39 €",HARIBO
Despensa,"Desayuno, dulces y café",Rodajas de Sandía 90 Gr,"15,44 € / 1 Kg","1,39 €",HARIBO
Despensa,"Desayuno, dulces y café",Rodajas de Sandía 90 Gr,"15,44 € / 1 Kg","1,39 €",HARIBO
Despensa,"Desayuno, dulces y café",Rodajas de Sandía 90 Gr,"15,44 € / 1 Kg","1,39 €",HARIBO
Despensa,"Desayuno, dulces y café",Rodajas de Sandía 90 Gr,"15,44 € / 1 Kg","1,39 €",HARIBO
Despensa,"Desayuno, dulces y café",Rodajas de Sandía 90 Gr,"15,44 € / 1 Kg","1,39 €",HARIBO
Despensa,"Desayuno, dulces y café",Rodajas de Sandía 90 Gr,"15,44 € / 1 Kg","1,39 €",HARIBO
Despensa,"Desayuno, dulces y café",Rodajas de Sandía 90 Gr,"15,44 € / 1 Kg","1,39 €",HARIBO
Despensa,"Desayuno, dulces y café",Rodajas de Sandía 90 Gr,"15,44 € / 1 Kg","1,39 €",HARIBO
Despensa,"Desayuno, dulces y café",Rodajas de Sandía 90 Gr,"15,44 € / 1 Kg","1,39 €",HARIBO
Despensa,"Desayuno, dulces y café",Rodajas de Sandía 90 Gr,"15,44 € / 1 Kg","1,39 €",HARIBO
Despensa,"Desayuno, dulces y café",Rodajas de Sandía 90 Gr,"15,44 € / 1 Kg","1,39 €",HARIBO
Despensa,"Desayuno, dulces y café",Rodajas de Sandía 90 Gr,"15,44 € / 1 Kg","1,39 €",HARIBO
Despensa,"Desayuno, dulces y café",Rodajas de Sandía 90 Gr,"15,44 € / 1 Kg","1,39 €",HARIBO
Despensa,"Desayuno, dulces y café",Rodajas de Sandía 90 Gr,"15,44 € / 1 Kg","1,39 €",HARIBO
Despensa,"Desayuno, dulces y café",Rodajas de Sandía 90 Gr,"15,44 € / 1 Kg","1,39 €",HARIBO
Despensa,"Desayuno, dulces y café",Rodajas de Sandía 90 Gr,"15,44 € / 1 Kg","1,39 €",HARIBO
Despensa,"Desayuno, dulces y café",Rodajas de Sandía 90 Gr,"15,44 € / 1 Kg","1,39 €",HARIBO
Despensa,"Desayuno, dulces y café",Café Espresso Colombia Cápsulas 20 U,"0,43 € / 1 U","8,65 €",L'OR
Despensa,"Desayuno, dulces y café",Café Espresso Colombia Cápsulas 20 U,"0,43 € / 1 U","8,65 €",L'OR
Despensa,"Desayuno, dulces y café",Café Espresso Colombia Cápsulas 20 U,"0,43 € / 1 U","8,65 €",L'OR
Despensa,"Desayuno, dulces y café",Café Espresso Colombia Cápsulas 20 U,"0,43 € / 1 U","8,65 €",L'OR
Despensa,"Desayuno, dulces y café",Café Espresso Colombia Cápsulas 20 U,"0,43 € / 1 U","8,65 €",L'OR
Despensa,"Desayuno, dulces y café",Café Espresso Colombia Cápsulas 20 U,"0,43 € / 1 U","8,65 €",L'OR
Despensa,"Desayuno, dulces y café",Café Espresso Colombia Cápsulas 20 U,"0,43 € / 1 U","8,65 €",L'OR
Despensa,"Desayuno, dulces y café",Café Espresso Colombia Cápsulas 20 U,"0,43 € / 1 U","8,65 €",L'OR
Despensa,"Desayuno, dulces y café",Café Espresso Colombia Cápsulas 20 U,"0,43 € / 1 U","8,65 €",L'OR
Despensa,"Desayuno, dulces y café",Café Espresso Colombia Cápsulas 20 U,"0,43 € / 1 U","8,65 €",L'OR
Despensa,"Desayuno, dulces y café",Café Espresso Colombia Cápsulas 20 U,"0,43 € / 1 U","8,65 €",L'OR
Despensa,"Desayuno, dulces y café",Café Espresso Colombia Cápsulas 20 U,"0,43 € / 1 U","8,65 €",L'OR
Despensa,"Desayuno, dulces y café",Café Espresso Colombia Cápsulas 20 U,"0,43 € / 1 U","8,65 €",L'OR
Despensa,"Desayuno, dulces y café",Café Espresso Colombia Cápsulas 20 U,"0,43 € / 1 U","8,65 €",L'OR
Despensa,"Desayuno, dulces y café",Café Espresso Colombia Cápsulas 20 U,"0,43 € / 1 U","8,65 €",L'OR
Despensa,"Desayuno, dulces y café",Café Espresso Colombia Cápsulas 20 U,"0,43 € / 1 U","8,65 €",L'OR
Despensa,"Desayuno, dulces y café",Café Espresso Colombia Cápsulas 20 U,"0,43 € / 1 U","8,65 €",L'OR
Despensa,"Desayuno, dulces y café",Café Espresso Colombia Cápsulas 20 U,"0,43 € / 1 U","8,65 €",L'OR
Despensa,"Desayuno, dulces y café",Café Espresso Colombia Cápsulas 20 U,"0,43 € / 1 U","8,65 €",L'OR
Despensa,"Desayuno, dulces y café",Café Espresso Colombia Cápsulas 20 U,"0,43 € / 1 U","8,65 €",L'OR
Despensa,"Desayuno, dulces y café",Infusión Figura 20 Bolsitas 20 U,"0,06 € / 1 U","1,10 €",CONSUM
Despensa,"Desayuno, dulces y café",Infusión Figura 20 Bolsitas 20 U,"0,06 € / 1 U","1,10 €",CONSUM
Despensa,"Desayuno, dulces y café",Infusión Figura 20 Bolsitas 20 U,"0,06 € / 1 U","1,10 €",CONSUM
Despensa,"Desayuno, dulces y café",Infusión Figura 20 Bolsitas 20 U,"0,06 € / 1 U","1,10 €",CONSUM
Despensa,"Desayuno, dulces y café",Infusión Figura 20 Bolsitas 20 U,"0,06 € / 1 U","1,10 €",CONSUM
Despensa,"Desayuno, dulces y café",Infusión Figura 20 Bolsitas 20 U,"0,06 € / 1 U","1,10 €",CONSUM
Despensa,"Desayuno, dulces y café",Infusión Figura 20 Bolsitas 20 U,"0,06 € / 1 U","1,10 €",CONSUM
Despensa,"Desayuno, dulces y café",Infusión Figura 20 Bolsitas 20 U,"0,06 € / 1 U","1,10 €",CONSUM
Despensa,"Desayuno, dulces y café",Infusión Figura 20 Bolsitas 20 U,"0,06 € / 1 U","1,10 €",CONSUM
Despensa,"Desayuno, dulces y café",Infusión Figura 20 Bolsitas 20 U,"0,06 € / 1 U","1,10 €",CONSUM
Despensa,"Desayuno, dulces y café",Infusión Figura 20 Bolsitas 20 U,"0,06 € / 1 U","1,10 €",CONSUM
Despensa,"Desayuno, dulces y café",Infusión Figura 20 Bolsitas 20 U,"0,06 € / 1 U","1,10 €",CONSUM
Despensa,"Desayuno, dulces y café",Infusión Figura 20 Bolsitas 20 U,"0,06 € / 1 U","1,10 €",CONSUM
Despensa,"Desayuno, dulces y café",Infusión Figura 20 Bolsitas 20 U,"0,06 € / 1 U","1,10 €",CONSUM
Despensa,"Desayuno, dulces y café",Infusión Figura 20 Bolsitas 20 U,"0,06 € / 1 U","1,10 €",CONSUM
Despensa,"Desayuno, dulces y café",Infusión Figura 20 Bolsitas 20 U,"0,06 € / 1 U","1,10 €",CONSUM
Despensa,"Desayuno, dulces y café",Infusión Figura 20 Bolsitas 20 U,"0,06 € / 1 U","1,10 €",CONSUM
Despensa,"Desayuno, dulces y café",Infusión Figura 20 Bolsitas 20 U,"0,06 € / 1 U","1,10 €",CONSUM
Despensa,"Desayuno, dulces y café",Infusión Figura 20 Bolsitas 20 U,"0,06 € / 1 U","1,10 €",CONSUM
Despensa,"Desayuno, dulces y café",Infusión Figura 20 Bolsitas 20 U,"0,06 € / 1 U","1,10 €",CONSUM
Despensa,"Desayuno, dulces y café",Kinder Schokobons White Bolsa 200 Gr,"19,95 € / 1 Kg","3,99 €",KINDER
Despensa,"Desayuno, dulces y café",Kinder Schokobons White Bolsa 200 Gr,"19,95 € / 1 Kg","3,99 €",KINDER
Despensa,"Desayuno, dulces y café",Kinder Schokobons White Bolsa 200 Gr,"19,95 € / 1 Kg","3,99 €",KINDER
Despensa,"Desayuno, dulces y café",Kinder Schokobons White Bolsa 200 Gr,"19,95 € / 1 Kg","3,99 €",KINDER
Despensa,"Desayuno, dulces y café",Kinder Schokobons White Bolsa 200 Gr,"19,95 € / 1 Kg","3,99 €",KINDER
Despensa,"Desayuno, dulces y café",Kinder Schokobons White Bolsa 200 Gr,"19,95 € / 1 Kg","3,99 €",KINDER
Despensa,"Desayuno, dulces y café",Kinder Schokobons White Bolsa 200 Gr,"19,95 € / 1 Kg","3,99 €",KINDER
Despensa,"Desayuno, dulces y café",Kinder Schokobons White Bolsa 200 Gr,"19,95 € / 1 Kg","3,99 €",KINDER
Despensa,"Desayuno, dulces y café",Kinder Schokobons White Bolsa 200 Gr,"19,95 € / 1 Kg","3,99 €",KINDER
Despensa,"Desayuno, dulces y café",Kinder Schokobons White Bolsa 200 Gr,"19,95 € / 1 Kg","3,99 €",KINDER
Despensa,"Desayuno, dulces y café",Kinder Schokobons White Bolsa 200 Gr,"19,95 € / 1 Kg","3,99 €",KINDER
Despensa,"Desayuno, dulces y café",Kinder Schokobons White Bolsa 200 Gr,"19,95 € / 1 Kg","3,99 €",KINDER
Despensa,"Desayuno, dulces y café",Kinder Schokobons White Bolsa 200 Gr,"19,95 € / 1 Kg","3,99 €",KINDER
Despensa,"Desayuno, dulces y café",Kinder Schokobons White Bolsa 200 Gr,"19,95 € / 1 Kg","3,99 €",KINDER
Despensa,"Desayuno, dulces y café",Kinder Schokobons White Bolsa 200 Gr,"19,95 € / 1 Kg","3,99 €",KINDER
Despensa,"Desayuno, dulces y café",Kinder Schokobons White Bolsa 200 Gr,"19,95 € / 1 Kg","3,99 €",KINDER
Despensa,"Desayuno, dulces y café",Kinder Schokobons White Bolsa 200 Gr,"19,95 € / 1 Kg","3,99 €",KINDER
Despensa,"Desayuno, dulces y café",Kinder Schokobons White Bolsa 200 Gr,"19,95 € / 1 Kg","3,99 €",KINDER
Despensa,"Desayuno, dulces y café",Kinder Schokobons White Bolsa 200 Gr,"19,95 € / 1 Kg","3,99 €",KINDER
Despensa,"Desayuno, dulces y café",Kinder Schokobons White Bolsa 200 Gr,"19,95 € / 1 Kg","3,99 €",KINDER
Despensa,"Desayuno, dulces y café",Pastas de Té Bandeja 350 Gr,"5,40 € / 1 Kg","1,89 €",GARCINUEZ
Despensa,"Desayuno, dulces y café",Pastas de Té Bandeja 350 Gr,"5,40 € / 1 Kg","1,89 €",GARCINUEZ
Despensa,"Desayuno, dulces y café",Pastas de Té Bandeja 350 Gr,"5,40 € / 1 Kg","1,89 €",GARCINUEZ
Despensa,"Desayuno, dulces y café",Pastas de Té Bandeja 350 Gr,"5,40 € / 1 Kg","1,89 €",GARCINUEZ
Despensa,"Desayuno, dulces y café",Pastas de Té Bandeja 350 Gr,"5,40 € / 1 Kg","1,89 €",GARCINUEZ
Despensa,"Desayuno, dulces y café",Pastas de Té Bandeja 350 Gr,"5,40 € / 1 Kg","1,89 €",GARCINUEZ
Despensa,"Desayuno, dulces y café",Pastas de Té Bandeja 350 Gr,"5,40 € / 1 Kg","1,89 €",GARCINUEZ
Despensa,"Desayuno, dulces y café",Pastas de Té Bandeja 350 Gr,"5,40 € / 1 Kg","1,89 €",GARCINUEZ
Despensa,"Desayuno, dulces y café",Pastas de Té Bandeja 350 Gr,"5,40 € / 1 Kg","1,89 €",GARCINUEZ
Despensa,"Desayuno, dulces y café",Pastas de Té Bandeja 350 Gr,"5,40 € / 1 Kg","1,89 €",GARCINUEZ
Despensa,"Desayuno, dulces y café",Pastas de Té Bandeja 350 Gr,"5,40 € / 1 Kg","1,89 €",GARCINUEZ
Despensa,"Desayuno, dulces y café",Pastas de Té Bandeja 350 Gr,"5,40 € / 1 Kg","1,89 €",GARCINUEZ
Despensa,"Desayuno, dulces y café",Pastas de Té Bandeja 350 Gr,"5,40 € / 1 Kg","1,89 €",GARCINUEZ
Despensa,"Desayuno, dulces y café",Pastas de Té Bandeja 350 Gr,"5,40 € / 1 Kg","1,89 €",GARCINUEZ
Despensa,"Desayuno, dulces y café",Pastas de Té Bandeja 350 Gr,"5,40 € / 1 Kg","1,89 €",GARCINUEZ
Despensa,"Desayuno, dulces y café",Pastas de Té Bandeja 350 Gr,"5,40 € / 1 Kg","1,89 €",GARCINUEZ
Despensa,"Desayuno, dulces y café",Pastas de Té Bandeja 350 Gr,"5,40 € / 1 Kg","1,89 €",GARCINUEZ
Despensa,"Desayuno, dulces y café",Pastas de Té Bandeja 350 Gr,"5,40 € / 1 Kg","1,89 €",GARCINUEZ
Despensa,"Desayuno, dulces y café",Pastas de Té Bandeja 350 Gr,"5,40 € / 1 Kg","1,89 €",GARCINUEZ
Despensa,"Desayuno, dulces y café",Pastas de Té Bandeja 350 Gr,"5,40 € / 1 Kg","1,89 €",GARCINUEZ
Despensa,"Desayuno, dulces y café",Cereales Choco Protein Sin Azúcar 250 Gr,"11,96 € / 1 Kg","2,99 €",ESGIR
Despensa,"Desayuno, dulces y café",Cereales Choco Protein Sin Azúcar 250 Gr,"11,96 € / 1 Kg","2,99 €",ESGIR
Despensa,"Desayuno, dulces y café",Cereales Choco Protein Sin Azúcar 250 Gr,"11,96 € / 1 Kg","2,99 €",ESGIR
Despensa,"Desayuno, dulces y café",Cereales Choco Protein Sin Azúcar 250 Gr,"11,96 € / 1 Kg","2,99 €",ESGIR
Despensa,"Desayuno, dulces y café",Cereales Choco Protein Sin Azúcar 250 Gr,"11,96 € / 1 Kg","2,99 €",ESGIR
Despensa,"Desayuno, dulces y café",Cereales Choco Protein Sin Azúcar 250 Gr,"11,96 € / 1 Kg","2,99 €",ESGIR
Despensa,"Desayuno, dulces y café",Cereales Choco Protein Sin Azúcar 250 Gr,"11,96 € / 1 Kg","2,99 €",ESGIR
Despensa,"Desayuno, dulces y café",Cereales Choco Protein Sin Azúcar 250 Gr,"11,96 € / 1 Kg","2,99 €",ESGIR
Despensa,"Desayuno, dulces y café",Cereales Choco Protein Sin Azúcar 250 Gr,"11,96 € / 1 Kg","2,99 €",ESGIR
Despensa,"Desayuno, dulces y café",Cereales Choco Protein Sin Azúcar 250 Gr,"11,96 € / 1 Kg","2,99 €",ESGIR
Despensa,"Desayuno, dulces y café",Cereales Choco Protein Sin Azúcar 250 Gr,"11,96 € / 1 Kg","2,99 €",ESGIR
Despensa,"Desayuno, dulces y café",Cereales Choco Protein Sin Azúcar 250 Gr,"11,96 € / 1 Kg","2,99 €",ESGIR
Despensa,"Desayuno, dulces y café",Cereales Choco Protein Sin Azúcar 250 Gr,"11,96 € / 1 Kg","2,99 €",ESGIR
Despensa,"Desayuno, dulces y café",Cereales Choco Protein Sin Azúcar 250 Gr,"11,96 € / 1 Kg","2,99 €",ESGIR
Despensa,"Desayuno, dulces y café",Cereales Choco Protein Sin Azúcar 250 Gr,"11,96 € / 1 Kg","2,99 €",ESGIR
Despensa,"Desayuno, dulces y café",Cereales Choco Protein Sin Azúcar 250 Gr,"11,96 € / 1 Kg","2,99 €",ESGIR
Despensa,"Desayuno, dulces y café",Cereales Choco Protein Sin Azúcar 250 Gr,"11,96 € / 1 Kg","2,99 €",ESGIR
Despensa,"Desayuno, dulces y café",Cereales Choco Protein Sin Azúcar 250 Gr,"11,96 € / 1 Kg","2,99 €",ESGIR
Despensa,"Desayuno, dulces y café",Cereales Choco Protein Sin Azúcar 250 Gr,"11,96 € / 1 Kg","2,99 €",ESGIR
Despensa,"Desayuno, dulces y café",Cereales Choco Protein Sin Azúcar 250 Gr,"11,96 € / 1 Kg","2,99 €",ESGIR
Despensa,"Desayuno, dulces y café",Café Grano Descafeinado 500 Gr,"8,40 € / 1 Kg","4,20 €",CONSUM
Despensa,"Desayuno, dulces y café",Café Grano Descafeinado 500 Gr,"8,40 € / 1 Kg","4,20 €",CONSUM
Despensa,"Desayuno, dulces y café",Café Grano Descafeinado 500 Gr,"8,40 € / 1 Kg","4,20 €",CONSUM
Despensa,"Desayuno, dulces y café",Café Grano Descafeinado 500 Gr,"8,40 € / 1 Kg","4,20 €",CONSUM
Despensa,"Desayuno, dulces y café",Café Grano Descafeinado 500 Gr,"8,40 € / 1 Kg","4,20 €",CONSUM
Despensa,"Desayuno, dulces y café",Café Grano Descafeinado 500 Gr,"8,40 € / 1 Kg","4,20 €",CONSUM
Despensa,"Desayuno, dulces y café",Café Grano Descafeinado 500 Gr,"8,40 € / 1 Kg","4,20 €",CONSUM
Despensa,"Desayuno, dulces y café",Café Grano Descafeinado 500 Gr,"8,40 € / 1 Kg","4,20 €",CONSUM
Despensa,"Desayuno, dulces y café",Café Grano Descafeinado 500 Gr,"8,40 € / 1 Kg","4,20 €",CONSUM
Despensa,"Desayuno, dulces y café",Café Grano Descafeinado 500 Gr,"8,40 € / 1 Kg","4,20 €",CONSUM
Despensa,"Desayuno, dulces y café",Café Grano Descafeinado 500 Gr,"8,40 € / 1 Kg","4,20 €",CONSUM
Despensa,"Desayuno, dulces y café",Café Grano Descafeinado 500 Gr,"8,40 € / 1 Kg","4,20 €",CONSUM
Despensa,"Desayuno, dulces y café",Café Grano Descafeinado 500 Gr,"8,40 € / 1 Kg","4,20 €",CONSUM
Despensa,"Desayuno, dulces y café",Café Grano Descafeinado 500 Gr,"8,40 € / 1 Kg","4,20 €",CONSUM
Despensa,"Desayuno, dulces y café",Café Grano Descafeinado 500 Gr,"8,40 € / 1 Kg","4,20 €",CONSUM
Despensa,"Desayuno, dulces y café",Café Grano Descafeinado 500 Gr,"8,40 € / 1 Kg","4,20 €",CONSUM
Despensa,"Desayuno, dulces y café",Café Grano Descafeinado 500 Gr,"8,40 € / 1 Kg","4,20 €",CONSUM
Despensa,"Desayuno, dulces y café",Café Grano Descafeinado 500 Gr,"8,40 € / 1 Kg","4,20 €",CONSUM
Despensa,"Desayuno, dulces y café",Café Grano Descafeinado 500 Gr,"8,40 € / 1 Kg","4,20 €",CONSUM
Despensa,"Desayuno, dulces y café",Café Grano Descafeinado 500 Gr,"8,40 € / 1 Kg","4,20 €",CONSUM
Despensa,"Desayuno, dulces y café",Galactic Brownies 8 Unidades 200 Gr,"11,25 € / 1 Kg","2,25 €",MR.BROWNIE
Despensa,"Desayuno, dulces y café",Galactic Brownies 8 Unidades 200 Gr,"11,25 € / 1 Kg","2,25 €",MR.BROWNIE
Despensa,"Desayuno, dulces y café",Galactic Brownies 8 Unidades 200 Gr,"11,25 € / 1 Kg","2,25 €",MR.BROWNIE
Despensa,"Desayuno, dulces y café",Galactic Brownies 8 Unidades 200 Gr,"11,25 € / 1 Kg","2,25 €",MR.BROWNIE
Despensa,"Desayuno, dulces y café",Galactic Brownies 8 Unidades 200 Gr,"11,25 € / 1 Kg","2,25 €",MR.BROWNIE
Despensa,"Desayuno, dulces y café",Galactic Brownies 8 Unidades 200 Gr,"11,25 € / 1 Kg","2,25 €",MR.BROWNIE
Despensa,"Desayuno, dulces y café",Galactic Brownies 8 Unidades 200 Gr,"11,25 € / 1 Kg","2,25 €",MR.BROWNIE
Despensa,"Desayuno, dulces y café",Galactic Brownies 8 Unidades 200 Gr,"11,25 € / 1 Kg","2,25 €",MR.BROWNIE
Despensa,"Desayuno, dulces y café",Galactic Brownies 8 Unidades 200 Gr,"11,25 € / 1 Kg","2,25 €",MR.BROWNIE
Despensa,"Desayuno, dulces y café",Galactic Brownies 8 Unidades 200 Gr,"11,25 € / 1 Kg","2,25 €",MR.BROWNIE
Despensa,"Desayuno, dulces y café",Galactic Brownies 8 Unidades 200 Gr,"11,25 € / 1 Kg","2,25 €",MR.BROWNIE
Despensa,"Desayuno, dulces y café",Galactic Brownies 8 Unidades 200 Gr,"11,25 € / 1 Kg","2,25 €",MR.BROWNIE
Despensa,"Desayuno, dulces y café",Galactic Brownies 8 Unidades 200 Gr,"11,25 € / 1 Kg","2,25 €",MR.BROWNIE
Despensa,"Desayuno, dulces y café",Galactic Brownies 8 Unidades 200 Gr,"11,25 € / 1 Kg","2,25 €",MR.BROWNIE
Despensa,"Desayuno, dulces y café",Galactic Brownies 8 Unidades 200 Gr,"11,25 € / 1 Kg","2,25 €",MR.BROWNIE
Despensa,"Desayuno, dulces y café",Galactic Brownies 8 Unidades 200 Gr,"11,25 € / 1 Kg","2,25 €",MR.BROWNIE
Despensa,"Desayuno, dulces y café",Galactic Brownies 8 Unidades 200 Gr,"11,25 € / 1 Kg","2,25 €",MR.BROWNIE
Despensa,"Desayuno, dulces y café",Galactic Brownies 8 Unidades 200 Gr,"11,25 € / 1 Kg","2,25 €",MR.BROWNIE
Despensa,"Desayuno, dulces y café",Galactic Brownies 8 Unidades 200 Gr,"11,25 € / 1 Kg","2,25 €",MR.BROWNIE
Despensa,"Desayuno, dulces y café",Galactic Brownies 8 Unidades 200 Gr,"11,25 € / 1 Kg","2,25 €",MR.BROWNIE
Despensa,"Desayuno, dulces y café",Galletas Pick Up! Rellenas de Chocolate 4 x 28 Gr,"17,77 € / 1 Kg","1,99 €",BAHLSEN
Despensa,"Desayuno, dulces y café",Galletas Pick Up! Rellenas de Chocolate 4 x 28 Gr,"17,77 € / 1 Kg","1,99 €",BAHLSEN
Despensa,"Desayuno, dulces y café",Galletas Pick Up! Rellenas de Chocolate 4 x 28 Gr,"17,77 € / 1 Kg","1,99 €",BAHLSEN
Despensa,"Desayuno, dulces y café",Galletas Pick Up! Rellenas de Chocolate 4 x 28 Gr,"17,77 € / 1 Kg","1,99 €",BAHLSEN
Despensa,"Desayuno, dulces y café",Galletas Pick Up! Rellenas de Chocolate 4 x 28 Gr,"17,77 € / 1 Kg","1,99 €",BAHLSEN
Despensa,"Desayuno, dulces y café",Galletas Pick Up! Rellenas de Chocolate 4 x 28 Gr,"17,77 € / 1 Kg","1,99 €",BAHLSEN
Despensa,"Desayuno, dulces y café",Galletas Pick Up! Rellenas de Chocolate 4 x 28 Gr,"17,77 € / 1 Kg","1,99 €",BAHLSEN
Despensa,"Desayuno, dulces y café",Galletas Pick Up! Rellenas de Chocolate 4 x 28 Gr,"17,77 € / 1 Kg","1,99 €",BAHLSEN
Despensa,"Desayuno, dulces y café",Galletas Pick Up! Rellenas de Chocolate 4 x 28 Gr,"17,77 € / 1 Kg","1,99 €",BAHLSEN
Despensa,"Desayuno, dulces y café",Galletas Pick Up! Rellenas de Chocolate 4 x 28 Gr,"17,77 € / 1 Kg","1,99 €",BAHLSEN
Despensa,"Desayuno, dulces y café",Galletas Pick Up! Rellenas de Chocolate 4 x 28 Gr,"17,77 € / 1 Kg","1,99 €",BAHLSEN
Despensa,"Desayuno, dulces y café",Galletas Pick Up! Rellenas de Chocolate 4 x 28 Gr,"17,77 € / 1 Kg","1,99 €",BAHLSEN
Despensa,"Desayuno, dulces y café",Galletas Pick Up! Rellenas de Chocolate 4 x 28 Gr,"17,77 € / 1 Kg","1,99 €",BAHLSEN
Despensa,"Desayuno, dulces y café",Galletas Pick Up! Rellenas de Chocolate 4 x 28 Gr,"17,77 € / 1 Kg","1,99 €",BAHLSEN
Despensa,"Desayuno, dulces y café",Galletas Pick Up! Rellenas de Chocolate 4 x 28 Gr,"17,77 € / 1 Kg","1,99 €",BAHLSEN
Despensa,"Desayuno, dulces y café",Galletas Pick Up! Rellenas de Chocolate 4 x 28 Gr,"17,77 € / 1 Kg","1,99 €",BAHLSEN
Despensa,"Desayuno, dulces y café",Galletas Pick Up! Rellenas de Chocolate 4 x 28 Gr,"17,77 € / 1 Kg","1,99 €",BAHLSEN
Despensa,"Desayuno, dulces y café",Galletas Pick Up! Rellenas de Chocolate 4 x 28 Gr,"17,77 € / 1 Kg","1,99 €",BAHLSEN
Despensa,"Desayuno, dulces y café",Galletas Pick Up! Rellenas de Chocolate 4 x 28 Gr,"17,77 € / 1 Kg","1,99 €",BAHLSEN
Despensa,"Desayuno, dulces y café",Galletas Pick Up! Rellenas de Chocolate 4 x 28 Gr,"17,77 € / 1 Kg","1,99 €",BAHLSEN
Despensa,"Desayuno, dulces y café",Cereales Kit Kat 330 Gr,"12,09 € / 1 Kg","3,99 €",NESTLE
Despensa,"Desayuno, dulces y café",Cereales Kit Kat 330 Gr,"12,09 € / 1 Kg","3,99 €",NESTLE
Despensa,"Desayuno, dulces y café",Cereales Kit Kat 330 Gr,"12,09 € / 1 Kg","3,99 €",NESTLE
Despensa,"Desayuno, dulces y café",Cereales Kit Kat 330 Gr,"12,09 € / 1 Kg","3,99 €",NESTLE
Despensa,"Desayuno, dulces y café",Cereales Kit Kat 330 Gr,"12,09 € / 1 Kg","3,99 €",NESTLE
Despensa,"Desayuno, dulces y café",Cereales Kit Kat 330 Gr,"12,09 € / 1 Kg","3,99 €",NESTLE
Despensa,"Desayuno, dulces y café",Cereales Kit Kat 330 Gr,"12,09 € / 1 Kg","3,99 €",NESTLE
Despensa,"Desayuno, dulces y café",Cereales Kit Kat 330 Gr,"12,09 € / 1 Kg","3,99 €",NESTLE
Despensa,"Desayuno, dulces y café",Cereales Kit Kat 330 Gr,"12,09 € / 1 Kg","3,99 €",NESTLE
Despensa,"Desayuno, dulces y café",Cereales Kit Kat 330 Gr,"12,09 € / 1 Kg","3,99 €",NESTLE
Despensa,"Desayuno, dulces y café",Cereales Kit Kat 330 Gr,"12,09 € / 1 Kg","3,99 €",NESTLE
Despensa,"Desayuno, dulces y café",Cereales Kit Kat 330 Gr,"12,09 € / 1 Kg","3,99 €",NESTLE
Despensa,"Desayuno, dulces y café",Cereales Kit Kat 330 Gr,"12,09 € / 1 Kg","3,99 €",NESTLE
Despensa,"Desayuno, dulces y café",Cereales Kit Kat 330 Gr,"12,09 € / 1 Kg","3,99 €",NESTLE
Despensa,"Desayuno, dulces y café",Cereales Kit Kat 330 Gr,"12,09 € / 1 Kg","3,99 €",NESTLE
Despensa,"Desayuno, dulces y café",Cereales Kit Kat 330 Gr,"12,09 € / 1 Kg","3,99 €",NESTLE
Despensa,"Desayuno, dulces y café",Cereales Kit Kat 330 Gr,"12,09 € / 1 Kg","3,99 €",NESTLE
Despensa,"Desayuno, dulces y café",Cereales Kit Kat 330 Gr,"12,09 € / 1 Kg","3,99 €",NESTLE
Despensa,"Desayuno, dulces y café",Cereales Kit Kat 330 Gr,"12,09 € / 1 Kg","3,99 €",NESTLE
Despensa,"Desayuno, dulces y café",Cereales Kit Kat 330 Gr,"12,09 € / 1 Kg","3,99 €",NESTLE
Despensa,"Desayuno, dulces y café",Café Natural Doypack 75 Gr,"36,67 € / 1 Kg","2,75 €",NESCAFE
Despensa,"Desayuno, dulces y café",Café Natural Doypack 75 Gr,"36,67 € / 1 Kg","2,75 €",NESCAFE
Despensa,"Desayuno, dulces y café",Café Natural Doypack 75 Gr,"36,67 € / 1 Kg","2,75 €",NESCAFE
Despensa,"Desayuno, dulces y café",Café Natural Doypack 75 Gr,"36,67 € / 1 Kg","2,75 €",NESCAFE
Despensa,"Desayuno, dulces y café",Café Natural Doypack 75 Gr,"36,67 € / 1 Kg","2,75 €",NESCAFE
Despensa,"Desayuno, dulces y café",Café Natural Doypack 75 Gr,"36,67 € / 1 Kg","2,75 €",NESCAFE
Despensa,"Desayuno, dulces y café",Café Natural Doypack 75 Gr,"36,67 € / 1 Kg","2,75 €",NESCAFE
Despensa,"Desayuno, dulces y café",Café Natural Doypack 75 Gr,"36,67 € / 1 Kg","2,75 €",NESCAFE
Despensa,"Desayuno, dulces y café",Café Natural Doypack 75 Gr,"36,67 € / 1 Kg","2,75 €",NESCAFE
Despensa,"Desayuno, dulces y café",Café Natural Doypack 75 Gr,"36,67 € / 1 Kg","2,75 €",NESCAFE
Despensa,"Desayuno, dulces y café",Café Natural Doypack 75 Gr,"36,67 € / 1 Kg","2,75 €",NESCAFE
Despensa,"Desayuno, dulces y café",Café Natural Doypack 75 Gr,"36,67 € / 1 Kg","2,75 €",NESCAFE
Despensa,"Desayuno, dulces y café",Café Natural Doypack 75 Gr,"36,67 € / 1 Kg","2,75 €",NESCAFE
Despensa,"Desayuno, dulces y café",Café Natural Doypack 75 Gr,"36,67 € / 1 Kg","2,75 €",NESCAFE
Despensa,"Desayuno, dulces y café",Café Natural Doypack 75 Gr,"36,67 € / 1 Kg","2,75 €",NESCAFE
Despensa,"Desayuno, dulces y café",Café Natural Doypack 75 Gr,"36,67 € / 1 Kg","2,75 €",NESCAFE
Despensa,"Desayuno, dulces y café",Café Natural Doypack 75 Gr,"36,67 € / 1 Kg","2,75 €",NESCAFE
Despensa,"Desayuno, dulces y café",Café Natural Doypack 75 Gr,"36,67 € / 1 Kg","2,75 €",NESCAFE
Despensa,"Desayuno, dulces y café",Café Natural Doypack 75 Gr,"36,67 € / 1 Kg","2,75 €",NESCAFE
Despensa,"Desayuno, dulces y café",Café Natural Doypack 75 Gr,"36,67 € / 1 Kg","2,75 €",NESCAFE
Despensa,"Desayuno, dulces y café",Barrita Chocolate con Leche 3 x 34 Gr,"16,57 € / 1 Kg","1,69 €",JUNGLY
Despensa,"Desayuno, dulces y café",Barrita Chocolate con Leche 3 x 34 Gr,"16,57 € / 1 Kg","1,69 €",JUNGLY
Despensa,"Desayuno, dulces y café",Barrita Chocolate con Leche 3 x 34 Gr,"16,57 € / 1 Kg","1,69 €",JUNGLY
Despensa,"Desayuno, dulces y café",Barrita Chocolate con Leche 3 x 34 Gr,"16,57 € / 1 Kg","1,69 €",JUNGLY
Despensa,"Desayuno, dulces y café",Barrita Chocolate con Leche 3 x 34 Gr,"16,57 € / 1 Kg","1,69 €",JUNGLY
Despensa,"Desayuno, dulces y café",Barrita Chocolate con Leche 3 x 34 Gr,"16,57 € / 1 Kg","1,69 €",JUNGLY
Despensa,"Desayuno, dulces y café",Barrita Chocolate con Leche 3 x 34 Gr,"16,57 € / 1 Kg","1,69 €",JUNGLY
Despensa,"Desayuno, dulces y café",Barrita Chocolate con Leche 3 x 34 Gr,"16,57 € / 1 Kg","1,69 €",JUNGLY
Despensa,"Desayuno, dulces y café",Barrita Chocolate con Leche 3 x 34 Gr,"16,57 € / 1 Kg","1,69 €",JUNGLY
Despensa,"Desayuno, dulces y café",Barrita Chocolate con Leche 3 x 34 Gr,"16,57 € / 1 Kg","1,69 €",JUNGLY
Despensa,"Desayuno, dulces y café",Barrita Chocolate con Leche 3 x 34 Gr,"16,57 € / 1 Kg","1,69 €",JUNGLY
Despensa,"Desayuno, dulces y café",Barrita Chocolate con Leche 3 x 34 Gr,"16,57 € / 1 Kg","1,69 €",JUNGLY
Despensa,"Desayuno, dulces y café",Barrita Chocolate con Leche 3 x 34 Gr,"16,57 € / 1 Kg","1,69 €",JUNGLY
Despensa,"Desayuno, dulces y café",Barrita Chocolate con Leche 3 x 34 Gr,"16,57 € / 1 Kg","1,69 €",JUNGLY
Despensa,"Desayuno, dulces y café",Barrita Chocolate con Leche 3 x 34 Gr,"16,57 € / 1 Kg","1,69 €",JUNGLY
Despensa,"Desayuno, dulces y café",Barrita Chocolate con Leche 3 x 34 Gr,"16,57 € / 1 Kg","1,69 €",JUNGLY
Despensa,"Desayuno, dulces y café",Barrita Chocolate con Leche 3 x 34 Gr,"16,57 € / 1 Kg","1,69 €",JUNGLY
Despensa,"Desayuno, dulces y café",Barrita Chocolate con Leche 3 x 34 Gr,"16,57 € / 1 Kg","1,69 €",JUNGLY
Despensa,"Desayuno, dulces y café",Barrita Chocolate con Leche 3 x 34 Gr,"16,57 € / 1 Kg","1,69 €",JUNGLY
Despensa,"Desayuno, dulces y café",Barrita Chocolate con Leche 3 x 34 Gr,"16,57 € / 1 Kg","1,69 €",JUNGLY
Despensa,"Desayuno, dulces y café",Panela Bio Tierra Madre Azúcar de Caña Integral 400 Gr,"4,88 € / 1 Kg","1,95 €",OXFAM
Despensa,"Desayuno, dulces y café",Panela Bio Tierra Madre Azúcar de Caña Integral 400 Gr,"4,88 € / 1 Kg","1,95 €",OXFAM
Despensa,"Desayuno, dulces y café",Panela Bio Tierra Madre Azúcar de Caña Integral 400 Gr,"4,88 € / 1 Kg","1,95 €",OXFAM
Despensa,"Desayuno, dulces y café",Panela Bio Tierra Madre Azúcar de Caña Integral 400 Gr,"4,88 € / 1 Kg","1,95 €",OXFAM
Despensa,"Desayuno, dulces y café",Panela Bio Tierra Madre Azúcar de Caña Integral 400 Gr,"4,88 € / 1 Kg","1,95 €",OXFAM
Despensa,"Desayuno, dulces y café",Panela Bio Tierra Madre Azúcar de Caña Integral 400 Gr,"4,88 € / 1 Kg","1,95 €",OXFAM
Despensa,"Desayuno, dulces y café",Panela Bio Tierra Madre Azúcar de Caña Integral 400 Gr,"4,88 € / 1 Kg","1,95 €",OXFAM
Despensa,"Desayuno, dulces y café",Panela Bio Tierra Madre Azúcar de Caña Integral 400 Gr,"4,88 € / 1 Kg","1,95 €",OXFAM
Despensa,"Desayuno, dulces y café",Panela Bio Tierra Madre Azúcar de Caña Integral 400 Gr,"4,88 € / 1 Kg","1,95 €",OXFAM
Despensa,"Desayuno, dulces y café",Panela Bio Tierra Madre Azúcar de Caña Integral 400 Gr,"4,88 € / 1 Kg","1,95 €",OXFAM
Despensa,"Desayuno, dulces y café",Panela Bio Tierra Madre Azúcar de Caña Integral 400 Gr,"4,88 € / 1 Kg","1,95 €",OXFAM
Despensa,"Desayuno, dulces y café",Panela Bio Tierra Madre Azúcar de Caña Integral 400 Gr,"4,88 € / 1 Kg","1,95 €",OXFAM
Despensa,"Desayuno, dulces y café",Panela Bio Tierra Madre Azúcar de Caña Integral 400 Gr,"4,88 € / 1 Kg","1,95 €",OXFAM
Despensa,"Desayuno, dulces y café",Panela Bio Tierra Madre Azúcar de Caña Integral 400 Gr,"4,88 € / 1 Kg","1,95 €",OXFAM
Despensa,"Desayuno, dulces y café",Panela Bio Tierra Madre Azúcar de Caña Integral 400 Gr,"4,88 € / 1 Kg","1,95 €",OXFAM
Despensa,"Desayuno, dulces y café",Panela Bio Tierra Madre Azúcar de Caña Integral 400 Gr,"4,88 € / 1 Kg","1,95 €",OXFAM
Despensa,"Desayuno, dulces y café",Panela Bio Tierra Madre Azúcar de Caña Integral 400 Gr,"4,88 € / 1 Kg","1,95 €",OXFAM
Despensa,"Desayuno, dulces y café",Panela Bio Tierra Madre Azúcar de Caña Integral 400 Gr,"4,88 € / 1 Kg","1,95 €",OXFAM
Despensa,"Desayuno, dulces y café",Panela Bio Tierra Madre Azúcar de Caña Integral 400 Gr,"4,88 € / 1 Kg","1,95 €",OXFAM
Despensa,"Desayuno, dulces y café",Panela Bio Tierra Madre Azúcar de Caña Integral 400 Gr,"4,88 € / 1 Kg","1,95 €",OXFAM
Despensa,"Desayuno, dulces y café",Caramelo Miel Limón sin Azúcar 31 Gr,"2,42 € / 100 Gr","0,75 €",PECTOL
Despensa,"Desayuno, dulces y café",Caramelo Miel Limón sin Azúcar 31 Gr,"2,42 € / 100 Gr","0,75 €",PECTOL
Despensa,"Desayuno, dulces y café",Caramelo Miel Limón sin Azúcar 31 Gr,"2,42 € / 100 Gr","0,75 €",PECTOL
Despensa,"Desayuno, dulces y café",Caramelo Miel Limón sin Azúcar 31 Gr,"2,42 € / 100 Gr","0,75 €",PECTOL
Despensa,"Desayuno, dulces y café",Caramelo Miel Limón sin Azúcar 31 Gr,"2,42 € / 100 Gr","0,75 €",PECTOL
Despensa,"Desayuno, dulces y café",Caramelo Miel Limón sin Azúcar 31 Gr,"2,42 € / 100 Gr","0,75 €",PECTOL
Despensa,"Desayuno, dulces y café",Caramelo Miel Limón sin Azúcar 31 Gr,"2,42 € / 100 Gr","0,75 €",PECTOL
Despensa,Panes y tostadas,Tortillas de Trigo Paquete 8 Unidades 326 Gr,"6,42 € / 1 Kg","2,45 €
2,09 €",OLD EL PASO
Despensa,Panes y tostadas,Tortillas de Trigo Paquete 8 Unidades 326 Gr,"6,42 € / 1 Kg","2,45 €
2,09 €",OLD EL PASO
Despensa,Panes y tostadas,Tortillas de Trigo Paquete 8 Unidades 326 Gr,"6,42 € / 1 Kg","2,45 €
2,09 €",OLD EL PASO
Despensa,Panes y tostadas,Tortillas de Trigo Paquete 8 Unidades 326 Gr,"6,42 € / 1 Kg","2,45 €
2,09 €",OLD EL PASO
Despensa,Panes y tostadas,Tortillas de Trigo Paquete 8 Unidades 326 Gr,"6,42 € / 1 Kg","2,45 €
2,09 €",OLD EL PASO
Despensa,Panes y tostadas,Tortillas de Trigo Paquete 8 Unidades 326 Gr,"6,42 € / 1 Kg","2,45 €
2,09 €",OLD EL PASO
Despensa,Panes y tostadas,Tortillas de Trigo Paquete 8 Unidades 326 Gr,"6,42 € / 1 Kg","2,45 €
2,09 €",OLD EL PASO
Despensa,Panes y tostadas,Tortillas de Trigo Paquete 8 Unidades 326 Gr,"6,42 € / 1 Kg","2,45 €
2,09 €",OLD EL PASO
Despensa,Panes y tostadas,Tortillas de Trigo Paquete 8 Unidades 326 Gr,"6,42 € / 1 Kg","2,45 €
2,09 €",OLD EL PASO
Despensa,Panes y tostadas,Tortillas de Trigo Paquete 8 Unidades 326 Gr,"6,42 € / 1 Kg","2,45 €
2,09 €",OLD EL PASO
Despensa,Panes y tostadas,Tortillas de Trigo Paquete 8 Unidades 326 Gr,"6,42 € / 1 Kg","2,45 €
2,09 €",OLD EL PASO
Despensa,Panes y tostadas,Tortillas de Trigo Paquete 8 Unidades 326 Gr,"6,42 € / 1 Kg","2,45 €
2,09 €",OLD EL PASO
Despensa,Panes y tostadas,Tortillas de Trigo Paquete 8 Unidades 326 Gr,"6,42 € / 1 Kg","2,45 €
2,09 €",OLD EL PASO
Despensa,Panes y tostadas,Tortillas de Trigo Paquete 8 Unidades 326 Gr,"6,42 € / 1 Kg","2,45 €
2,09 €",OLD EL PASO
Despensa,Panes y tostadas,Tortillas de Trigo Paquete 8 Unidades 326 Gr,"6,42 € / 1 Kg","2,45 €
2,09 €",OLD EL PASO
Despensa,Panes y tostadas,Tortillas de Trigo Paquete 8 Unidades 326 Gr,"6,42 € / 1 Kg","2,45 €
2,09 €",OLD EL PASO
Despensa,Panes y tostadas,Tortillas de Trigo Paquete 8 Unidades 326 Gr,"6,42 € / 1 Kg","2,45 €
2,09 €",OLD EL PASO
Despensa,Panes y tostadas,Tortillas de Trigo Paquete 8 Unidades 326 Gr,"6,42 € / 1 Kg","2,45 €
2,09 €",OLD EL PASO
Despensa,Panes y tostadas,Tortillas de Trigo Paquete 8 Unidades 326 Gr,"6,42 € / 1 Kg","2,45 €
2,09 €",OLD EL PASO
Despensa,Panes y tostadas,Tortillas de Trigo Paquete 8 Unidades 326 Gr,"6,42 € / 1 Kg","2,45 €
2,09 €",OLD EL PASO
Despensa,Panes y tostadas,Tortilla Pocket Paquete 8 Unidades 223 Gr,"12,96 € / 1 Kg","3,39 €
2,89 €",OLD EL PASO
Despensa,Panes y tostadas,Tortilla Pocket Paquete 8 Unidades 223 Gr,"12,96 € / 1 Kg","3,39 €
2,89 €",OLD EL PASO
Despensa,Panes y tostadas,Tortilla Pocket Paquete 8 Unidades 223 Gr,"12,96 € / 1 Kg","3,39 €
2,89 €",OLD EL PASO
Despensa,Panes y tostadas,Tortilla Pocket Paquete 8 Unidades 223 Gr,"12,96 € / 1 Kg","3,39 €
2,89 €",OLD EL PASO
Despensa,Panes y tostadas,Tortilla Pocket Paquete 8 Unidades 223 Gr,"12,96 € / 1 Kg","3,39 €
2,89 €",OLD EL PASO
Despensa,Panes y tostadas,Tortilla Pocket Paquete 8 Unidades 223 Gr,"12,96 € / 1 Kg","3,39 €
2,89 €",OLD EL PASO
Despensa,Panes y tostadas,Tortilla Pocket Paquete 8 Unidades 223 Gr,"12,96 € / 1 Kg","3,39 €
2,89 €",OLD EL PASO
Despensa,Panes y tostadas,Tortilla Pocket Paquete 8 Unidades 223 Gr,"12,96 € / 1 Kg","3,39 €
2,89 €",OLD EL PASO
Despensa,Panes y tostadas,Tortilla Pocket Paquete 8 Unidades 223 Gr,"12,96 € / 1 Kg","3,39 €
2,89 €",OLD EL PASO
Despensa,Panes y tostadas,Tortilla Pocket Paquete 8 Unidades 223 Gr,"12,96 € / 1 Kg","3,39 €
2,89 €",OLD EL PASO
Despensa,Panes y tostadas,Tortilla Pocket Paquete 8 Unidades 223 Gr,"12,96 € / 1 Kg","3,39 €
2,89 €",OLD EL PASO
Despensa,Panes y tostadas,Tortilla Pocket Paquete 8 Unidades 223 Gr,"12,96 € / 1 Kg","3,39 €
2,89 €",OLD EL PASO
Despensa,Panes y tostadas,Tortilla Pocket Paquete 8 Unidades 223 Gr,"12,96 € / 1 Kg","3,39 €
2,89 €",OLD EL PASO
Despensa,Panes y tostadas,Tortilla Pocket Paquete 8 Unidades 223 Gr,"12,96 € / 1 Kg","3,39 €
2,89 €",OLD EL PASO
Despensa,Panes y tostadas,Tortilla Pocket Paquete 8 Unidades 223 Gr,"12,96 € / 1 Kg","3,39 €
2,89 €",OLD EL PASO
Despensa,Panes y tostadas,Tortilla Pocket Paquete 8 Unidades 223 Gr,"12,96 € / 1 Kg","3,39 €
2,89 €",OLD EL PASO
Despensa,Panes y tostadas,Tortilla Pocket Paquete 8 Unidades 223 Gr,"12,96 € / 1 Kg","3,39 €
2,89 €",OLD EL PASO
Despensa,Panes y tostadas,Tortilla Pocket Paquete 8 Unidades 223 Gr,"12,96 € / 1 Kg","3,39 €
2,89 €",OLD EL PASO
Despensa,Panes y tostadas,Tortilla Pocket Paquete 8 Unidades 223 Gr,"12,96 € / 1 Kg","3,39 €
2,89 €",OLD EL PASO
Despensa,Panes y tostadas,Tortilla Pocket Paquete 8 Unidades 223 Gr,"12,96 € / 1 Kg","3,39 €
2,89 €",OLD EL PASO
Despensa,Panes y tostadas,Pan Tostado Sabor Ajo y Perejil 160 Gr,"7,44 € / 1 Kg","1,19 €",CONSUM
Despensa,Panes y tostadas,Pan Tostado Sabor Ajo y Perejil 160 Gr,"7,44 € / 1 Kg","1,19 €",CONSUM
Despensa,Panes y tostadas,Pan Tostado Sabor Ajo y Perejil 160 Gr,"7,44 € / 1 Kg","1,19 €",CONSUM
Despensa,Panes y tostadas,Pan Tostado Sabor Ajo y Perejil 160 Gr,"7,44 € / 1 Kg","1,19 €",CONSUM
Despensa,Panes y tostadas,Pan Tostado Sabor Ajo y Perejil 160 Gr,"7,44 € / 1 Kg","1,19 €",CONSUM
Despensa,Panes y tostadas,Pan Tostado Sabor Ajo y Perejil 160 Gr,"7,44 € / 1 Kg","1,19 €",CONSUM
Despensa,Panes y tostadas,Pan Tostado Sabor Ajo y Perejil 160 Gr,"7,44 € / 1 Kg","1,19 €",CONSUM
Despensa,Panes y tostadas,Pan Tostado Sabor Ajo y Perejil 160 Gr,"7,44 € / 1 Kg","1,19 €",CONSUM
Despensa,Panes y tostadas,Pan Tostado Sabor Ajo y Perejil 160 Gr,"7,44 € / 1 Kg","1,19 €",CONSUM
Despensa,Panes y tostadas,Pan Tostado Sabor Ajo y Perejil 160 Gr,"7,44 € / 1 Kg","1,19 €",CONSUM
Despensa,Panes y tostadas,Pan Tostado Sabor Ajo y Perejil 160 Gr,"7,44 € / 1 Kg","1,19 €",CONSUM
Despensa,Panes y tostadas,Pan Tostado Sabor Ajo y Perejil 160 Gr,"7,44 € / 1 Kg","1,19 €",CONSUM
Despensa,Panes y tostadas,Pan Tostado Sabor Ajo y Perejil 160 Gr,"7,44 € / 1 Kg","1,19 €",CONSUM
Despensa,Panes y tostadas,Pan Tostado Sabor Ajo y Perejil 160 Gr,"7,44 € / 1 Kg","1,19 €",CONSUM
Despensa,Panes y tostadas,Pan Tostado Sabor Ajo y Perejil 160 Gr,"7,44 € / 1 Kg","1,19 €",CONSUM
Despensa,Panes y tostadas,Pan Tostado Sabor Ajo y Perejil 160 Gr,"7,44 € / 1 Kg","1,19 €",CONSUM
Despensa,Panes y tostadas,Pan Tostado Sabor Ajo y Perejil 160 Gr,"7,44 € / 1 Kg","1,19 €",CONSUM
Despensa,Panes y tostadas,Pan Tostado Sabor Ajo y Perejil 160 Gr,"7,44 € / 1 Kg","1,19 €",CONSUM
Despensa,Panes y tostadas,Pan Tostado Sabor Ajo y Perejil 160 Gr,"7,44 € / 1 Kg","1,19 €",CONSUM
Despensa,Panes y tostadas,Pan Tostado Sabor Ajo y Perejil 160 Gr,"7,44 € / 1 Kg","1,19 €",CONSUM
Despensa,Panes y tostadas,Pan de Molde sin Corteza 820 Gr,"4,26 € / 1 Kg","3,49 €",DULCESOL
Despensa,Panes y tostadas,Pan de Molde sin Corteza 820 Gr,"4,26 € / 1 Kg","3,49 €",DULCESOL
Despensa,Panes y tostadas,Pan de Molde sin Corteza 820 Gr,"4,26 € / 1 Kg","3,49 €",DULCESOL
Despensa,Panes y tostadas,Pan de Molde sin Corteza 820 Gr,"4,26 € / 1 Kg","3,49 €",DULCESOL
Despensa,Panes y tostadas,Pan de Molde sin Corteza 820 Gr,"4,26 € / 1 Kg","3,49 €",DULCESOL
Despensa,Panes y tostadas,Pan de Molde sin Corteza 820 Gr,"4,26 € / 1 Kg","3,49 €",DULCESOL
Despensa,Panes y tostadas,Pan de Molde sin Corteza 820 Gr,"4,26 € / 1 Kg","3,49 €",DULCESOL
Despensa,Panes y tostadas,Pan de Molde sin Corteza 820 Gr,"4,26 € / 1 Kg","3,49 €",DULCESOL
Despensa,Panes y tostadas,Pan de Molde sin Corteza 820 Gr,"4,26 € / 1 Kg","3,49 €",DULCESOL
Despensa,Panes y tostadas,Pan de Molde sin Corteza 820 Gr,"4,26 € / 1 Kg","3,49 €",DULCESOL
Despensa,Panes y tostadas,Pan de Molde sin Corteza 820 Gr,"4,26 € / 1 Kg","3,49 €",DULCESOL
Despensa,Panes y tostadas,Pan de Molde sin Corteza 820 Gr,"4,26 € / 1 Kg","3,49 €",DULCESOL
Despensa,Panes y tostadas,Pan de Molde sin Corteza 820 Gr,"4,26 € / 1 Kg","3,49 €",DULCESOL
Despensa,Panes y tostadas,Pan de Molde sin Corteza 820 Gr,"4,26 € / 1 Kg","3,49 €",DULCESOL
Despensa,Panes y tostadas,Pan de Molde sin Corteza 820 Gr,"4,26 € / 1 Kg","3,49 €",DULCESOL
Despensa,Panes y tostadas,Pan de Molde sin Corteza 820 Gr,"4,26 € / 1 Kg","3,49 €",DULCESOL
Despensa,Panes y tostadas,Pan de Molde sin Corteza 820 Gr,"4,26 € / 1 Kg","3,49 €",DULCESOL
Despensa,Panes y tostadas,Pan de Molde sin Corteza 820 Gr,"4,26 € / 1 Kg","3,49 €",DULCESOL
Despensa,Panes y tostadas,Pan de Molde sin Corteza 820 Gr,"4,26 € / 1 Kg","3,49 €",DULCESOL
Despensa,Panes y tostadas,Pan de Molde sin Corteza 820 Gr,"4,26 € / 1 Kg","3,49 €",DULCESOL
Despensa,Panes y tostadas,Pan Tostado Integral 30 Rebanadas 324 Gr,"8,30 € / 1 Kg","2,69 €",ORTIZ
Despensa,Panes y tostadas,Pan Tostado Integral 30 Rebanadas 324 Gr,"8,30 € / 1 Kg","2,69 €",ORTIZ
Despensa,Panes y tostadas,Pan Tostado Integral 30 Rebanadas 324 Gr,"8,30 € / 1 Kg","2,69 €",ORTIZ
Despensa,Panes y tostadas,Pan Tostado Integral 30 Rebanadas 324 Gr,"8,30 € / 1 Kg","2,69 €",ORTIZ
Despensa,Panes y tostadas,Pan Tostado Integral 30 Rebanadas 324 Gr,"8,30 € / 1 Kg","2,69 €",ORTIZ
Despensa,Panes y tostadas,Pan Tostado Integral 30 Rebanadas 324 Gr,"8,30 € / 1 Kg","2,69 €",ORTIZ
Despensa,Panes y tostadas,Pan Tostado Integral 30 Rebanadas 324 Gr,"8,30 € / 1 Kg","2,69 €",ORTIZ
Despensa,Panes y tostadas,Pan Tostado Integral 30 Rebanadas 324 Gr,"8,30 € / 1 Kg","2,69 €",ORTIZ
Despensa,Panes y tostadas,Pan Tostado Integral 30 Rebanadas 324 Gr,"8,30 € / 1 Kg","2,69 €",ORTIZ
Despensa,Panes y tostadas,Pan Tostado Integral 30 Rebanadas 324 Gr,"8,30 € / 1 Kg","2,69 €",ORTIZ
Despensa,Panes y tostadas,Pan Tostado Integral 30 Rebanadas 324 Gr,"8,30 € / 1 Kg","2,69 €",ORTIZ
Despensa,Panes y tostadas,Pan Tostado Integral 30 Rebanadas 324 Gr,"8,30 € / 1 Kg","2,69 €",ORTIZ
Despensa,Panes y tostadas,Pan Tostado Integral 30 Rebanadas 324 Gr,"8,30 € / 1 Kg","2,69 €",ORTIZ
Despensa,Panes y tostadas,Pan Tostado Integral 30 Rebanadas 324 Gr,"8,30 € / 1 Kg","2,69 €",ORTIZ
Despensa,Panes y tostadas,Pan Tostado Integral 30 Rebanadas 324 Gr,"8,30 € / 1 Kg","2,69 €",ORTIZ
Despensa,Panes y tostadas,Pan Tostado Integral 30 Rebanadas 324 Gr,"8,30 € / 1 Kg","2,69 €",ORTIZ
Despensa,Panes y tostadas,Pan Tostado Integral 30 Rebanadas 324 Gr,"8,30 € / 1 Kg","2,69 €",ORTIZ
Despensa,Panes y tostadas,Pan Tostado Integral 30 Rebanadas 324 Gr,"8,30 € / 1 Kg","2,69 €",ORTIZ
Despensa,Panes y tostadas,Pan Tostado Integral 30 Rebanadas 324 Gr,"8,30 € / 1 Kg","2,69 €",ORTIZ
Despensa,Panes y tostadas,Pan Tostado Integral 30 Rebanadas 324 Gr,"8,30 € / 1 Kg","2,69 €",ORTIZ
Despensa,Panes y tostadas,Tostaditas Toque Pasas y Miel 120 Gr,"10,00 € / 1 Kg","1,20 €",CONSUM
Despensa,Panes y tostadas,Tostaditas Toque Pasas y Miel 120 Gr,"10,00 € / 1 Kg","1,20 €",CONSUM
Despensa,Panes y tostadas,Tostaditas Toque Pasas y Miel 120 Gr,"10,00 € / 1 Kg","1,20 €",CONSUM
Despensa,Panes y tostadas,Tostaditas Toque Pasas y Miel 120 Gr,"10,00 € / 1 Kg","1,20 €",CONSUM
Despensa,Panes y tostadas,Tostaditas Toque Pasas y Miel 120 Gr,"10,00 € / 1 Kg","1,20 €",CONSUM
Despensa,Panes y tostadas,Tostaditas Toque Pasas y Miel 120 Gr,"10,00 € / 1 Kg","1,20 €",CONSUM
Despensa,Panes y tostadas,Tostaditas Toque Pasas y Miel 120 Gr,"10,00 € / 1 Kg","1,20 €",CONSUM
Despensa,Panes y tostadas,Tostaditas Toque Pasas y Miel 120 Gr,"10,00 € / 1 Kg","1,20 €",CONSUM
Despensa,Panes y tostadas,Tostaditas Toque Pasas y Miel 120 Gr,"10,00 € / 1 Kg","1,20 €",CONSUM
Despensa,Panes y tostadas,Tostaditas Toque Pasas y Miel 120 Gr,"10,00 € / 1 Kg","1,20 €",CONSUM
Despensa,Panes y tostadas,Tostaditas Toque Pasas y Miel 120 Gr,"10,00 € / 1 Kg","1,20 €",CONSUM
Despensa,Panes y tostadas,Tostaditas Toque Pasas y Miel 120 Gr,"10,00 € / 1 Kg","1,20 €",CONSUM
Despensa,Panes y tostadas,Tostaditas Toque Pasas y Miel 120 Gr,"10,00 € / 1 Kg","1,20 €",CONSUM
Despensa,Panes y tostadas,Tostaditas Toque Pasas y Miel 120 Gr,"10,00 € / 1 Kg","1,20 €",CONSUM
Despensa,Panes y tostadas,Tostaditas Toque Pasas y Miel 120 Gr,"10,00 € / 1 Kg","1,20 €",CONSUM
Despensa,Panes y tostadas,Tostaditas Toque Pasas y Miel 120 Gr,"10,00 € / 1 Kg","1,20 €",CONSUM
Despensa,Panes y tostadas,Tostaditas Toque Pasas y Miel 120 Gr,"10,00 € / 1 Kg","1,20 €",CONSUM
Despensa,Panes y tostadas,Tostaditas Toque Pasas y Miel 120 Gr,"10,00 € / 1 Kg","1,20 €",CONSUM
Despensa,Panes y tostadas,Tostaditas Toque Pasas y Miel 120 Gr,"10,00 € / 1 Kg","1,20 €",CONSUM
Despensa,Panes y tostadas,Tostaditas Toque Pasas y Miel 120 Gr,"10,00 € / 1 Kg","1,20 €",CONSUM
Despensa,Panes y tostadas,Pan de Molde Protein K 450 Gr,"8,20 € / 1 Kg","3,69 €",KETTERER
Despensa,Panes y tostadas,Pan de Molde Protein K 450 Gr,"8,20 € / 1 Kg","3,69 €",KETTERER
Despensa,Panes y tostadas,Pan de Molde Protein K 450 Gr,"8,20 € / 1 Kg","3,69 €",KETTERER
Despensa,Panes y tostadas,Pan de Molde Protein K 450 Gr,"8,20 € / 1 Kg","3,69 €",KETTERER
Despensa,Panes y tostadas,Pan de Molde Protein K 450 Gr,"8,20 € / 1 Kg","3,69 €",KETTERER
Despensa,Panes y tostadas,Pan de Molde Protein K 450 Gr,"8,20 € / 1 Kg","3,69 €",KETTERER
Despensa,Panes y tostadas,Pan de Molde Protein K 450 Gr,"8,20 € / 1 Kg","3,69 €",KETTERER
Despensa,Panes y tostadas,Pan de Molde Protein K 450 Gr,"8,20 € / 1 Kg","3,69 €",KETTERER
Despensa,Panes y tostadas,Pan de Molde Protein K 450 Gr,"8,20 € / 1 Kg","3,69 €",KETTERER
Despensa,Panes y tostadas,Pan de Molde Protein K 450 Gr,"8,20 € / 1 Kg","3,69 €",KETTERER
Despensa,Panes y tostadas,Pan de Molde Protein K 450 Gr,"8,20 € / 1 Kg","3,69 €",KETTERER
Despensa,Panes y tostadas,Pan de Molde Protein K 450 Gr,"8,20 € / 1 Kg","3,69 €",KETTERER
Despensa,Panes y tostadas,Pan de Molde Protein K 450 Gr,"8,20 € / 1 Kg","3,69 €",KETTERER
Despensa,Panes y tostadas,Pan de Molde Protein K 450 Gr,"8,20 € / 1 Kg","3,69 €",KETTERER
Despensa,Panes y tostadas,Pan de Molde Protein K 450 Gr,"8,20 € / 1 Kg","3,69 €",KETTERER
Despensa,Panes y tostadas,Pan de Molde Protein K 450 Gr,"8,20 € / 1 Kg","3,69 €",KETTERER
Despensa,Panes y tostadas,Pan de Molde Protein K 450 Gr,"8,20 € / 1 Kg","3,69 €",KETTERER
Despensa,Panes y tostadas,Pan de Molde Protein K 450 Gr,"8,20 € / 1 Kg","3,69 €",KETTERER
Despensa,Panes y tostadas,Pan de Molde Protein K 450 Gr,"8,20 € / 1 Kg","3,69 €",KETTERER
Despensa,Panes y tostadas,Pan de Molde Protein K 450 Gr,"8,20 € / 1 Kg","3,69 €",KETTERER
Despensa,Panes y tostadas,Pan Rallado Sin Gluten 300 Gr,"7,30 € / 1 Kg","2,19 €",GALLO
Despensa,Panes y tostadas,Pan Rallado Sin Gluten 300 Gr,"7,30 € / 1 Kg","2,19 €",GALLO
Despensa,Panes y tostadas,Pan Rallado Sin Gluten 300 Gr,"7,30 € / 1 Kg","2,19 €",GALLO
Despensa,Panes y tostadas,Pan Rallado Sin Gluten 300 Gr,"7,30 € / 1 Kg","2,19 €",GALLO
Despensa,Panes y tostadas,Pan Rallado Sin Gluten 300 Gr,"7,30 € / 1 Kg","2,19 €",GALLO
Despensa,Panes y tostadas,Pan Rallado Sin Gluten 300 Gr,"7,30 € / 1 Kg","2,19 €",GALLO
Despensa,Panes y tostadas,Pan Rallado Sin Gluten 300 Gr,"7,30 € / 1 Kg","2,19 €",GALLO
Despensa,Panes y tostadas,Pan Rallado Sin Gluten 300 Gr,"7,30 € / 1 Kg","2,19 €",GALLO
Despensa,Panes y tostadas,Pan Rallado Sin Gluten 300 Gr,"7,30 € / 1 Kg","2,19 €",GALLO
Despensa,Panes y tostadas,Pan Rallado Sin Gluten 300 Gr,"7,30 € / 1 Kg","2,19 €",GALLO
Despensa,Panes y tostadas,Pan Rallado Sin Gluten 300 Gr,"7,30 € / 1 Kg","2,19 €",GALLO
Despensa,Panes y tostadas,Pan Rallado Sin Gluten 300 Gr,"7,30 € / 1 Kg","2,19 €",GALLO
Despensa,Panes y tostadas,Pan Rallado Sin Gluten 300 Gr,"7,30 € / 1 Kg","2,19 €",GALLO
Despensa,Panes y tostadas,Pan Rallado Sin Gluten 300 Gr,"7,30 € / 1 Kg","2,19 €",GALLO
Despensa,"Harina, levadura y pan rallado",Harina de Trigo Paquete 1 Kg,"1,15 € / 1 Kg","1,39 €
1,15 €",GALLO
Despensa,"Harina, levadura y pan rallado",Harina de Trigo Paquete 1 Kg,"1,15 € / 1 Kg","1,39 €
1,15 €",GALLO
Despensa,"Harina, levadura y pan rallado",Harina de Trigo Paquete 1 Kg,"1,15 € / 1 Kg","1,39 €
1,15 €",GALLO
Despensa,"Harina, levadura y pan rallado",Harina de Trigo Paquete 1 Kg,"1,15 € / 1 Kg","1,39 €
1,15 €",GALLO
Despensa,"Harina, levadura y pan rallado",Harina de Trigo Paquete 1 Kg,"1,15 € / 1 Kg","1,39 €
1,15 €",GALLO
Despensa,"Harina, levadura y pan rallado",Harina de Trigo Paquete 1 Kg,"1,15 € / 1 Kg","1,39 €
1,15 €",GALLO
Despensa,"Harina, levadura y pan rallado",Harina de Trigo Paquete 1 Kg,"1,15 € / 1 Kg","1,39 €
1,15 €",GALLO
Despensa,"Harina, levadura y pan rallado",Harina de Trigo Paquete 1 Kg,"1,15 € / 1 Kg","1,39 €
1,15 €",GALLO
Despensa,"Harina, levadura y pan rallado",Harina de Trigo Paquete 1 Kg,"1,15 € / 1 Kg","1,39 €
1,15 €",GALLO
Despensa,"Harina, levadura y pan rallado",Harina de Trigo Paquete 1 Kg,"1,15 € / 1 Kg","1,39 €
1,15 €",GALLO
Despensa,"Harina, levadura y pan rallado",Harina de Trigo Paquete 1 Kg,"1,15 € / 1 Kg","1,39 €
1,15 €",GALLO
Despensa,"Harina, levadura y pan rallado",Harina de Trigo Paquete 1 Kg,"1,15 € / 1 Kg","1,39 €
1,15 €",GALLO
Despensa,"Harina, levadura y pan rallado",Harina de Trigo Paquete 1 Kg,"1,15 € / 1 Kg","1,39 €
1,15 €",GALLO
Despensa,"Harina, levadura y pan rallado",Harina de Trigo Paquete 1 Kg,"1,15 € / 1 Kg","1,39 €
1,15 €",GALLO
Despensa,"Harina, levadura y pan rallado",Harina de Trigo Paquete 1 Kg,"1,15 € / 1 Kg","1,39 €
1,15 €",GALLO
Despensa,"Harina, levadura y pan rallado",Harina de Trigo Paquete 1 Kg,"1,15 € / 1 Kg","1,39 €
1,15 €",GALLO
Despensa,"Harina, levadura y pan rallado",Harina de Trigo Paquete 1 Kg,"1,15 € / 1 Kg","1,39 €
1,15 €",GALLO
Despensa,"Harina, levadura y pan rallado",Harina de Trigo Paquete 1 Kg,"1,15 € / 1 Kg","1,39 €
1,15 €",GALLO
Despensa,"Harina, levadura y pan rallado",Harina de Trigo Paquete 1 Kg,"1,15 € / 1 Kg","1,39 €
1,15 €",GALLO
Despensa,"Harina, levadura y pan rallado",Harina de Trigo Paquete 1 Kg,"1,15 € / 1 Kg","1,39 €
1,15 €",GALLO
Despensa,"Harina, levadura y pan rallado",Harina de Arroz Paquete 500 Gr,"2,28 € / 1 Kg","1,14 €",REX
Despensa,"Harina, levadura y pan rallado",Harina de Arroz Paquete 500 Gr,"2,28 € / 1 Kg","1,14 €",REX
Despensa,"Harina, levadura y pan rallado",Harina de Arroz Paquete 500 Gr,"2,28 € / 1 Kg","1,14 €",REX
Despensa,"Harina, levadura y pan rallado",Harina de Arroz Paquete 500 Gr,"2,28 € / 1 Kg","1,14 €",REX
Despensa,"Harina, levadura y pan rallado",Harina de Arroz Paquete 500 Gr,"2,28 € / 1 Kg","1,14 €",REX
Despensa,"Harina, levadura y pan rallado",Harina de Arroz Paquete 500 Gr,"2,28 € / 1 Kg","1,14 €",REX
Despensa,"Harina, levadura y pan rallado",Harina de Arroz Paquete 500 Gr,"2,28 € / 1 Kg","1,14 €",REX
Despensa,"Harina, levadura y pan rallado",Harina de Arroz Paquete 500 Gr,"2,28 € / 1 Kg","1,14 €",REX
Despensa,"Harina, levadura y pan rallado",Harina de Arroz Paquete 500 Gr,"2,28 € / 1 Kg","1,14 €",REX
Despensa,"Harina, levadura y pan rallado",Harina de Arroz Paquete 500 Gr,"2,28 € / 1 Kg","1,14 €",REX
Despensa,"Harina, levadura y pan rallado",Harina de Arroz Paquete 500 Gr,"2,28 € / 1 Kg","1,14 €",REX
Despensa,"Harina, levadura y pan rallado",Harina de Arroz Paquete 500 Gr,"2,28 € / 1 Kg","1,14 €",REX
Despensa,"Harina, levadura y pan rallado",Harina de Arroz Paquete 500 Gr,"2,28 € / 1 Kg","1,14 €",REX
Despensa,"Harina, levadura y pan rallado",Harina de Arroz Paquete 500 Gr,"2,28 € / 1 Kg","1,14 €",REX
Despensa,"Harina, levadura y pan rallado",Harina de Arroz Paquete 500 Gr,"2,28 € / 1 Kg","1,14 €",REX
Despensa,"Harina, levadura y pan rallado",Harina de Arroz Paquete 500 Gr,"2,28 € / 1 Kg","1,14 €",REX
Despensa,Lácteos y huevos,Leche Entera Brik 1 L,"1,00 € / 1 L","1,15 €
1,00 €",PULEVA
Despensa,Lácteos y huevos,Leche Entera Brik 1 L,"1,00 € / 1 L","1,15 €
1,00 €",PULEVA
Despensa,Lácteos y huevos,Leche Entera Brik 1 L,"1,00 € / 1 L","1,15 €
1,00 €",PULEVA
Despensa,Lácteos y huevos,Leche Entera Brik 1 L,"1,00 € / 1 L","1,15 €
1,00 €",PULEVA
Despensa,Lácteos y huevos,Leche Entera Brik 1 L,"1,00 € / 1 L","1,15 €
1,00 €",PULEVA
Despensa,Lácteos y huevos,Leche Entera Brik 1 L,"1,00 € / 1 L","1,15 €
1,00 €",PULEVA
Despensa,Lácteos y huevos,Leche Entera Brik 1 L,"1,00 € / 1 L","1,15 €
1,00 €",PULEVA
Despensa,Lácteos y huevos,Leche Entera Brik 1 L,"1,00 € / 1 L","1,15 €
1,00 €",PULEVA
Despensa,Lácteos y huevos,Leche Entera Brik 1 L,"1,00 € / 1 L","1,15 €
1,00 €",PULEVA
Despensa,Lácteos y huevos,Leche Entera Brik 1 L,"1,00 € / 1 L","1,15 €
1,00 €",PULEVA
Despensa,Lácteos y huevos,Leche Entera Brik 1 L,"1,00 € / 1 L","1,15 €
1,00 €",PULEVA
Despensa,Lácteos y huevos,Leche Entera Brik 1 L,"1,00 € / 1 L","1,15 €
1,00 €",PULEVA
Despensa,Lácteos y huevos,Leche Entera Brik 1 L,"1,00 € / 1 L","1,15 €
1,00 €",PULEVA
Despensa,Lácteos y huevos,Leche Entera Brik 1 L,"1,00 € / 1 L","1,15 €
1,00 €",PULEVA
Despensa,Lácteos y huevos,Leche Entera Brik 1 L,"1,00 € / 1 L","1,15 €
1,00 €",PULEVA
Despensa,Lácteos y huevos,Leche Entera Brik 1 L,"1,00 € / 1 L","1,15 €
1,00 €",PULEVA
Despensa,Lácteos y huevos,Leche Entera Brik 1 L,"1,00 € / 1 L","1,15 €
1,00 €",PULEVA
Despensa,Lácteos y huevos,Leche Entera Brik 1 L,"1,00 € / 1 L","1,15 €
1,00 €",PULEVA
Despensa,Lácteos y huevos,Leche Entera Brik 1 L,"1,00 € / 1 L","1,15 €
1,00 €",PULEVA
Despensa,Lácteos y huevos,Leche Entera Brik 1 L,"1,00 € / 1 L","1,15 €
1,00 €",PULEVA
Despensa,Lácteos y huevos,Peques3 Crecimiento con Cereales 1 L,"1,75 € / 1 L","1,95 €
1,75 €",PULEVA
Despensa,Lácteos y huevos,Peques3 Crecimiento con Cereales 1 L,"1,75 € / 1 L","1,95 €
1,75 €",PULEVA
Despensa,Lácteos y huevos,Peques3 Crecimiento con Cereales 1 L,"1,75 € / 1 L","1,95 €
1,75 €",PULEVA
Despensa,Lácteos y huevos,Peques3 Crecimiento con Cereales 1 L,"1,75 € / 1 L","1,95 €
1,75 €",PULEVA
Despensa,Lácteos y huevos,Peques3 Crecimiento con Cereales 1 L,"1,75 € / 1 L","1,95 €
1,75 €",PULEVA
Despensa,Lácteos y huevos,Peques3 Crecimiento con Cereales 1 L,"1,75 € / 1 L","1,95 €
1,75 €",PULEVA
Despensa,Lácteos y huevos,Peques3 Crecimiento con Cereales 1 L,"1,75 € / 1 L","1,95 €
1,75 €",PULEVA
Despensa,Lácteos y huevos,Peques3 Crecimiento con Cereales 1 L,"1,75 € / 1 L","1,95 €
1,75 €",PULEVA
Despensa,Lácteos y huevos,Peques3 Crecimiento con Cereales 1 L,"1,75 € / 1 L","1,95 €
1,75 €",PULEVA
Despensa,Lácteos y huevos,Peques3 Crecimiento con Cereales 1 L,"1,75 € / 1 L","1,95 €
1,75 €",PULEVA
Despensa,Lácteos y huevos,Peques3 Crecimiento con Cereales 1 L,"1,75 € / 1 L","1,95 €
1,75 €",PULEVA
Despensa,Lácteos y huevos,Peques3 Crecimiento con Cereales 1 L,"1,75 € / 1 L","1,95 €
1,75 €",PULEVA
Despensa,Lácteos y huevos,Peques3 Crecimiento con Cereales 1 L,"1,75 € / 1 L","1,95 €
1,75 €",PULEVA
Despensa,Lácteos y huevos,Peques3 Crecimiento con Cereales 1 L,"1,75 € / 1 L","1,95 €
1,75 €",PULEVA
Despensa,Lácteos y huevos,Peques3 Crecimiento con Cereales 1 L,"1,75 € / 1 L","1,95 €
1,75 €",PULEVA
Despensa,Lácteos y huevos,Peques3 Crecimiento con Cereales 1 L,"1,75 € / 1 L","1,95 €
1,75 €",PULEVA
Despensa,Lácteos y huevos,Peques3 Crecimiento con Cereales 1 L,"1,75 € / 1 L","1,95 €
1,75 €",PULEVA
Despensa,Lácteos y huevos,Peques3 Crecimiento con Cereales 1 L,"1,75 € / 1 L","1,95 €
1,75 €",PULEVA
Despensa,Lácteos y huevos,Peques3 Crecimiento con Cereales 1 L,"1,75 € / 1 L","1,95 €
1,75 €",PULEVA
Despensa,Lácteos y huevos,Peques3 Crecimiento con Cereales 1 L,"1,75 € / 1 L","1,95 €
1,75 €",PULEVA
Despensa,Lácteos y huevos,Activia con Pera Yogur Bífidus P-4 ud. 4 x 120 Gr,"4,77 € / 1 Kg","2,99 €
2,29 €",DANONE
Despensa,Lácteos y huevos,Activia con Pera Yogur Bífidus P-4 ud. 4 x 120 Gr,"4,77 € / 1 Kg","2,99 €
2,29 €",DANONE
Despensa,Lácteos y huevos,Activia con Pera Yogur Bífidus P-4 ud. 4 x 120 Gr,"4,77 € / 1 Kg","2,99 €
2,29 €",DANONE
Despensa,Lácteos y huevos,Activia con Pera Yogur Bífidus P-4 ud. 4 x 120 Gr,"4,77 € / 1 Kg","2,99 €
2,29 €",DANONE
Despensa,Lácteos y huevos,Activia con Pera Yogur Bífidus P-4 ud. 4 x 120 Gr,"4,77 € / 1 Kg","2,99 €
2,29 €",DANONE
Despensa,Lácteos y huevos,Activia con Pera Yogur Bífidus P-4 ud. 4 x 120 Gr,"4,77 € / 1 Kg","2,99 €
2,29 €",DANONE
Despensa,Lácteos y huevos,Activia con Pera Yogur Bífidus P-4 ud. 4 x 120 Gr,"4,77 € / 1 Kg","2,99 €
2,29 €",DANONE
Despensa,Lácteos y huevos,Activia con Pera Yogur Bífidus P-4 ud. 4 x 120 Gr,"4,77 € / 1 Kg","2,99 €
2,29 €",DANONE
Despensa,Lácteos y huevos,Activia con Pera Yogur Bífidus P-4 ud. 4 x 120 Gr,"4,77 € / 1 Kg","2,99 €
2,29 €",DANONE
Despensa,Lácteos y huevos,Activia con Pera Yogur Bífidus P-4 ud. 4 x 120 Gr,"4,77 € / 1 Kg","2,99 €
2,29 €",DANONE
Despensa,Lácteos y huevos,Activia con Pera Yogur Bífidus P-4 ud. 4 x 120 Gr,"4,77 € / 1 Kg","2,99 €
2,29 €",DANONE
Despensa,Lácteos y huevos,Activia con Pera Yogur Bífidus P-4 ud. 4 x 120 Gr,"4,77 € / 1 Kg","2,99 €
2,29 €",DANONE
Despensa,Lácteos y huevos,Activia con Pera Yogur Bífidus P-4 ud. 4 x 120 Gr,"4,77 € / 1 Kg","2,99 €
2,29 €",DANONE
Despensa,Lácteos y huevos,Activia con Pera Yogur Bífidus P-4 ud. 4 x 120 Gr,"4,77 € / 1 Kg","2,99 €
2,29 €",DANONE
Despensa,Lácteos y huevos,Activia con Pera Yogur Bífidus P-4 ud. 4 x 120 Gr,"4,77 € / 1 Kg","2,99 €
2,29 €",DANONE
Despensa,Lácteos y huevos,Activia con Pera Yogur Bífidus P-4 ud. 4 x 120 Gr,"4,77 € / 1 Kg","2,99 €
2,29 €",DANONE
Despensa,Lácteos y huevos,Activia con Pera Yogur Bífidus P-4 ud. 4 x 120 Gr,"4,77 € / 1 Kg","2,99 €
2,29 €",DANONE
Despensa,Lácteos y huevos,Activia con Pera Yogur Bífidus P-4 ud. 4 x 120 Gr,"4,77 € / 1 Kg","2,99 €
2,29 €",DANONE
Despensa,Lácteos y huevos,Activia con Pera Yogur Bífidus P-4 ud. 4 x 120 Gr,"4,77 € / 1 Kg","2,99 €
2,29 €",DANONE
Despensa,Lácteos y huevos,Activia con Pera Yogur Bífidus P-4 ud. 4 x 120 Gr,"4,77 € / 1 Kg","2,99 €
2,29 €",DANONE
Despensa,Lácteos y huevos,Yogolino Fresa y Plátano 0% Azúcar 4 x 100 Gr,"7,48 € / 1 Kg","3,45 €
2,99 €",NESTLE
Despensa,Lácteos y huevos,Yogolino Fresa y Plátano 0% Azúcar 4 x 100 Gr,"7,48 € / 1 Kg","3,45 €
2,99 €",NESTLE
Despensa,Lácteos y huevos,Yogolino Fresa y Plátano 0% Azúcar 4 x 100 Gr,"7,48 € / 1 Kg","3,45 €
2,99 €",NESTLE
Despensa,Lácteos y huevos,Yogolino Fresa y Plátano 0% Azúcar 4 x 100 Gr,"7,48 € / 1 Kg","3,45 €
2,99 €",NESTLE
Despensa,Lácteos y huevos,Yogolino Fresa y Plátano 0% Azúcar 4 x 100 Gr,"7,48 € / 1 Kg","3,45 €
2,99 €",NESTLE
Despensa,Lácteos y huevos,Yogolino Fresa y Plátano 0% Azúcar 4 x 100 Gr,"7,48 € / 1 Kg","3,45 €
2,99 €",NESTLE
Despensa,Lácteos y huevos,Yogolino Fresa y Plátano 0% Azúcar 4 x 100 Gr,"7,48 € / 1 Kg","3,45 €
2,99 €",NESTLE
Despensa,Lácteos y huevos,Yogolino Fresa y Plátano 0% Azúcar 4 x 100 Gr,"7,48 € / 1 Kg","3,45 €
2,99 €",NESTLE
Despensa,Lácteos y huevos,Yogolino Fresa y Plátano 0% Azúcar 4 x 100 Gr,"7,48 € / 1 Kg","3,45 €
2,99 €",NESTLE
Despensa,Lácteos y huevos,Yogolino Fresa y Plátano 0% Azúcar 4 x 100 Gr,"7,48 € / 1 Kg","3,45 €
2,99 €",NESTLE
Despensa,Lácteos y huevos,Yogolino Fresa y Plátano 0% Azúcar 4 x 100 Gr,"7,48 € / 1 Kg","3,45 €
2,99 €",NESTLE
Despensa,Lácteos y huevos,Yogolino Fresa y Plátano 0% Azúcar 4 x 100 Gr,"7,48 € / 1 Kg","3,45 €
2,99 €",NESTLE
Despensa,Lácteos y huevos,Yogolino Fresa y Plátano 0% Azúcar 4 x 100 Gr,"7,48 € / 1 Kg","3,45 €
2,99 €",NESTLE
Despensa,Lácteos y huevos,Yogolino Fresa y Plátano 0% Azúcar 4 x 100 Gr,"7,48 € / 1 Kg","3,45 €
2,99 €",NESTLE
Despensa,Lácteos y huevos,Yogolino Fresa y Plátano 0% Azúcar 4 x 100 Gr,"7,48 € / 1 Kg","3,45 €
2,99 €",NESTLE
Despensa,Lácteos y huevos,Yogolino Fresa y Plátano 0% Azúcar 4 x 100 Gr,"7,48 € / 1 Kg","3,45 €
2,99 €",NESTLE
Despensa,Lácteos y huevos,Yogolino Fresa y Plátano 0% Azúcar 4 x 100 Gr,"7,48 € / 1 Kg","3,45 €
2,99 €",NESTLE
Despensa,Lácteos y huevos,Yogolino Fresa y Plátano 0% Azúcar 4 x 100 Gr,"7,48 € / 1 Kg","3,45 €
2,99 €",NESTLE
Despensa,Lácteos y huevos,Yogolino Fresa y Plátano 0% Azúcar 4 x 100 Gr,"7,48 € / 1 Kg","3,45 €
2,99 €",NESTLE
Despensa,Lácteos y huevos,Yogolino Fresa y Plátano 0% Azúcar 4 x 100 Gr,"7,48 € / 1 Kg","3,45 €
2,99 €",NESTLE
Despensa,Lácteos y huevos,Margarina Vegetal Tarrina 400 Gr,"7,13 € / 1 Kg","2,85 €",TULIPAN
Despensa,Lácteos y huevos,Margarina Vegetal Tarrina 400 Gr,"7,13 € / 1 Kg","2,85 €",TULIPAN
Despensa,Lácteos y huevos,Margarina Vegetal Tarrina 400 Gr,"7,13 € / 1 Kg","2,85 €",TULIPAN
Despensa,Lácteos y huevos,Margarina Vegetal Tarrina 400 Gr,"7,13 € / 1 Kg","2,85 €",TULIPAN
Despensa,Lácteos y huevos,Margarina Vegetal Tarrina 400 Gr,"7,13 € / 1 Kg","2,85 €",TULIPAN
Despensa,Lácteos y huevos,Margarina Vegetal Tarrina 400 Gr,"7,13 € / 1 Kg","2,85 €",TULIPAN
Despensa,Lácteos y huevos,Margarina Vegetal Tarrina 400 Gr,"7,13 € / 1 Kg","2,85 €",TULIPAN
Despensa,Lácteos y huevos,Margarina Vegetal Tarrina 400 Gr,"7,13 € / 1 Kg","2,85 €",TULIPAN
Despensa,Lácteos y huevos,Margarina Vegetal Tarrina 400 Gr,"7,13 € / 1 Kg","2,85 €",TULIPAN
Despensa,Lácteos y huevos,Margarina Vegetal Tarrina 400 Gr,"7,13 € / 1 Kg","2,85 €",TULIPAN
Despensa,Lácteos y huevos,Margarina Vegetal Tarrina 400 Gr,"7,13 € / 1 Kg","2,85 €",TULIPAN
Despensa,Lácteos y huevos,Margarina Vegetal Tarrina 400 Gr,"7,13 € / 1 Kg","2,85 €",TULIPAN
Despensa,Lácteos y huevos,Margarina Vegetal Tarrina 400 Gr,"7,13 € / 1 Kg","2,85 €",TULIPAN
Despensa,Lácteos y huevos,Margarina Vegetal Tarrina 400 Gr,"7,13 € / 1 Kg","2,85 €",TULIPAN
Despensa,Lácteos y huevos,Margarina Vegetal Tarrina 400 Gr,"7,13 € / 1 Kg","2,85 €",TULIPAN
Despensa,Lácteos y huevos,Margarina Vegetal Tarrina 400 Gr,"7,13 € / 1 Kg","2,85 €",TULIPAN
Despensa,Lácteos y huevos,Margarina Vegetal Tarrina 400 Gr,"7,13 € / 1 Kg","2,85 €",TULIPAN
Despensa,Lácteos y huevos,Margarina Vegetal Tarrina 400 Gr,"7,13 € / 1 Kg","2,85 €",TULIPAN
Despensa,Lácteos y huevos,Margarina Vegetal Tarrina 400 Gr,"7,13 € / 1 Kg","2,85 €",TULIPAN
Despensa,Lácteos y huevos,Margarina Vegetal Tarrina 400 Gr,"7,13 € / 1 Kg","2,85 €",TULIPAN
Despensa,Lácteos y huevos,Leche Calcio Desnatada Brik 1 L,"1,60 € / 1 L","1,60 €",PULEVA
Despensa,Lácteos y huevos,Leche Calcio Desnatada Brik 1 L,"1,60 € / 1 L","1,60 €",PULEVA
Despensa,Lácteos y huevos,Leche Calcio Desnatada Brik 1 L,"1,60 € / 1 L","1,60 €",PULEVA
Despensa,Lácteos y huevos,Leche Calcio Desnatada Brik 1 L,"1,60 € / 1 L","1,60 €",PULEVA
Despensa,Lácteos y huevos,Leche Calcio Desnatada Brik 1 L,"1,60 € / 1 L","1,60 €",PULEVA
Despensa,Lácteos y huevos,Leche Calcio Desnatada Brik 1 L,"1,60 € / 1 L","1,60 €",PULEVA
Despensa,Lácteos y huevos,Leche Calcio Desnatada Brik 1 L,"1,60 € / 1 L","1,60 €",PULEVA
Despensa,Lácteos y huevos,Leche Calcio Desnatada Brik 1 L,"1,60 € / 1 L","1,60 €",PULEVA
Despensa,Lácteos y huevos,Leche Calcio Desnatada Brik 1 L,"1,60 € / 1 L","1,60 €",PULEVA
Despensa,Lácteos y huevos,Leche Calcio Desnatada Brik 1 L,"1,60 € / 1 L","1,60 €",PULEVA
Despensa,Lácteos y huevos,Leche Calcio Desnatada Brik 1 L,"1,60 € / 1 L","1,60 €",PULEVA
Despensa,Lácteos y huevos,Leche Calcio Desnatada Brik 1 L,"1,60 € / 1 L","1,60 €",PULEVA
Despensa,Lácteos y huevos,Leche Calcio Desnatada Brik 1 L,"1,60 € / 1 L","1,60 €",PULEVA
Despensa,Lácteos y huevos,Leche Calcio Desnatada Brik 1 L,"1,60 € / 1 L","1,60 €",PULEVA
Despensa,Lácteos y huevos,Leche Calcio Desnatada Brik 1 L,"1,60 € / 1 L","1,60 €",PULEVA
Despensa,Lácteos y huevos,Leche Calcio Desnatada Brik 1 L,"1,60 € / 1 L","1,60 €",PULEVA
Despensa,Lácteos y huevos,Leche Calcio Desnatada Brik 1 L,"1,60 € / 1 L","1,60 €",PULEVA
Despensa,Lácteos y huevos,Leche Calcio Desnatada Brik 1 L,"1,60 € / 1 L","1,60 €",PULEVA
Despensa,Lácteos y huevos,Leche Calcio Desnatada Brik 1 L,"1,60 € / 1 L","1,60 €",PULEVA
Despensa,Lácteos y huevos,Leche Calcio Desnatada Brik 1 L,"1,60 € / 1 L","1,60 €",PULEVA
Despensa,Lácteos y huevos,Vitalínea Cremoso Chocolate Pack de 4 Und 4 x 120 Gr,"5,98 € / 1 Kg","2,99 €",DANONE
Despensa,Lácteos y huevos,Vitalínea Cremoso Chocolate Pack de 4 Und 4 x 120 Gr,"5,98 € / 1 Kg","2,99 €",DANONE
Despensa,Lácteos y huevos,Vitalínea Cremoso Chocolate Pack de 4 Und 4 x 120 Gr,"5,98 € / 1 Kg","2,99 €",DANONE
Despensa,Lácteos y huevos,Vitalínea Cremoso Chocolate Pack de 4 Und 4 x 120 Gr,"5,98 € / 1 Kg","2,99 €",DANONE
Despensa,Lácteos y huevos,Vitalínea Cremoso Chocolate Pack de 4 Und 4 x 120 Gr,"5,98 € / 1 Kg","2,99 €",DANONE
Despensa,Lácteos y huevos,Vitalínea Cremoso Chocolate Pack de 4 Und 4 x 120 Gr,"5,98 € / 1 Kg","2,99 €",DANONE
Despensa,Lácteos y huevos,Vitalínea Cremoso Chocolate Pack de 4 Und 4 x 120 Gr,"5,98 € / 1 Kg","2,99 €",DANONE
Despensa,Lácteos y huevos,Vitalínea Cremoso Chocolate Pack de 4 Und 4 x 120 Gr,"5,98 € / 1 Kg","2,99 €",DANONE
Despensa,Lácteos y huevos,Vitalínea Cremoso Chocolate Pack de 4 Und 4 x 120 Gr,"5,98 € / 1 Kg","2,99 €",DANONE
Despensa,Lácteos y huevos,Vitalínea Cremoso Chocolate Pack de 4 Und 4 x 120 Gr,"5,98 € / 1 Kg","2,99 €",DANONE
Despensa,Lácteos y huevos,Vitalínea Cremoso Chocolate Pack de 4 Und 4 x 120 Gr,"5,98 € / 1 Kg","2,99 €",DANONE
Despensa,Lácteos y huevos,Vitalínea Cremoso Chocolate Pack de 4 Und 4 x 120 Gr,"5,98 € / 1 Kg","2,99 €",DANONE
Despensa,Lácteos y huevos,Vitalínea Cremoso Chocolate Pack de 4 Und 4 x 120 Gr,"5,98 € / 1 Kg","2,99 €",DANONE
Despensa,Lácteos y huevos,Vitalínea Cremoso Chocolate Pack de 4 Und 4 x 120 Gr,"5,98 € / 1 Kg","2,99 €",DANONE
Despensa,Lácteos y huevos,Vitalínea Cremoso Chocolate Pack de 4 Und 4 x 120 Gr,"5,98 € / 1 Kg","2,99 €",DANONE
Despensa,Lácteos y huevos,Vitalínea Cremoso Chocolate Pack de 4 Und 4 x 120 Gr,"5,98 € / 1 Kg","2,99 €",DANONE
Despensa,Lácteos y huevos,Vitalínea Cremoso Chocolate Pack de 4 Und 4 x 120 Gr,"5,98 € / 1 Kg","2,99 €",DANONE
Despensa,Lácteos y huevos,Vitalínea Cremoso Chocolate Pack de 4 Und 4 x 120 Gr,"5,98 € / 1 Kg","2,99 €",DANONE
Despensa,Lácteos y huevos,Vitalínea Cremoso Chocolate Pack de 4 Und 4 x 120 Gr,"5,98 € / 1 Kg","2,99 €",DANONE
Despensa,Lácteos y huevos,Vitalínea Cremoso Chocolate Pack de 4 Und 4 x 120 Gr,"5,98 € / 1 Kg","2,99 €",DANONE
Despensa,Lácteos y huevos,Leche Semidesnatada. Brik 1 L,"0,87 € / 1 L","0,87 €",CONSUM
Despensa,Lácteos y huevos,Leche Semidesnatada. Brik 1 L,"0,87 € / 1 L","0,87 €",CONSUM
Despensa,Lácteos y huevos,Leche Semidesnatada. Brik 1 L,"0,87 € / 1 L","0,87 €",CONSUM
Despensa,Lácteos y huevos,Leche Semidesnatada. Brik 1 L,"0,87 € / 1 L","0,87 €",CONSUM
Despensa,Lácteos y huevos,Leche Semidesnatada. Brik 1 L,"0,87 € / 1 L","0,87 €",CONSUM
Despensa,Lácteos y huevos,Leche Semidesnatada. Brik 1 L,"0,87 € / 1 L","0,87 €",CONSUM
Despensa,Lácteos y huevos,Leche Semidesnatada. Brik 1 L,"0,87 € / 1 L","0,87 €",CONSUM
Despensa,Lácteos y huevos,Leche Semidesnatada. Brik 1 L,"0,87 € / 1 L","0,87 €",CONSUM
Despensa,Lácteos y huevos,Leche Semidesnatada. Brik 1 L,"0,87 € / 1 L","0,87 €",CONSUM
Despensa,Lácteos y huevos,Leche Semidesnatada. Brik 1 L,"0,87 € / 1 L","0,87 €",CONSUM
Despensa,Lácteos y huevos,Leche Semidesnatada. Brik 1 L,"0,87 € / 1 L","0,87 €",CONSUM
Despensa,Lácteos y huevos,Leche Semidesnatada. Brik 1 L,"0,87 € / 1 L","0,87 €",CONSUM
Despensa,Lácteos y huevos,Leche Semidesnatada. Brik 1 L,"0,87 € / 1 L","0,87 €",CONSUM
Despensa,Lácteos y huevos,Leche Semidesnatada. Brik 1 L,"0,87 € / 1 L","0,87 €",CONSUM
Despensa,Lácteos y huevos,Leche Semidesnatada. Brik 1 L,"0,87 € / 1 L","0,87 €",CONSUM
Despensa,Lácteos y huevos,Leche Semidesnatada. Brik 1 L,"0,87 € / 1 L","0,87 €",CONSUM
Despensa,Lácteos y huevos,Leche Semidesnatada. Brik 1 L,"0,87 € / 1 L","0,87 €",CONSUM
Despensa,Lácteos y huevos,Leche Semidesnatada. Brik 1 L,"0,87 € / 1 L","0,87 €",CONSUM
Despensa,Lácteos y huevos,Leche Semidesnatada. Brik 1 L,"0,87 € / 1 L","0,87 €",CONSUM
Despensa,Lácteos y huevos,Leche Semidesnatada. Brik 1 L,"0,87 € / 1 L","0,87 €",CONSUM
Despensa,Lácteos y huevos,Caffè Latte Espresso 230 ml,"7,78 € / 1 L","1,79 €",KAIKU
Despensa,Lácteos y huevos,Caffè Latte Espresso 230 ml,"7,78 € / 1 L","1,79 €",KAIKU
Despensa,Lácteos y huevos,Caffè Latte Espresso 230 ml,"7,78 € / 1 L","1,79 €",KAIKU
Despensa,Lácteos y huevos,Caffè Latte Espresso 230 ml,"7,78 € / 1 L","1,79 €",KAIKU
Despensa,Lácteos y huevos,Caffè Latte Espresso 230 ml,"7,78 € / 1 L","1,79 €",KAIKU
Despensa,Lácteos y huevos,Caffè Latte Espresso 230 ml,"7,78 € / 1 L","1,79 €",KAIKU
Despensa,Lácteos y huevos,Caffè Latte Espresso 230 ml,"7,78 € / 1 L","1,79 €",KAIKU
Despensa,Lácteos y huevos,Caffè Latte Espresso 230 ml,"7,78 € / 1 L","1,79 €",KAIKU
Despensa,Lácteos y huevos,Caffè Latte Espresso 230 ml,"7,78 € / 1 L","1,79 €",KAIKU
Despensa,Lácteos y huevos,Caffè Latte Espresso 230 ml,"7,78 € / 1 L","1,79 €",KAIKU
Despensa,Lácteos y huevos,Caffè Latte Espresso 230 ml,"7,78 € / 1 L","1,79 €",KAIKU
Despensa,Lácteos y huevos,Caffè Latte Espresso 230 ml,"7,78 € / 1 L","1,79 €",KAIKU
Despensa,Lácteos y huevos,Caffè Latte Espresso 230 ml,"7,78 € / 1 L","1,79 €",KAIKU
Despensa,Lácteos y huevos,Caffè Latte Espresso 230 ml,"7,78 € / 1 L","1,79 €",KAIKU
Despensa,Lácteos y huevos,Caffè Latte Espresso 230 ml,"7,78 € / 1 L","1,79 €",KAIKU
Despensa,Lácteos y huevos,Caffè Latte Espresso 230 ml,"7,78 € / 1 L","1,79 €",KAIKU
Despensa,Lácteos y huevos,Caffè Latte Espresso 230 ml,"7,78 € / 1 L","1,79 €",KAIKU
Despensa,Lácteos y huevos,Caffè Latte Espresso 230 ml,"7,78 € / 1 L","1,79 €",KAIKU
Despensa,Lácteos y huevos,Caffè Latte Espresso 230 ml,"7,78 € / 1 L","1,79 €",KAIKU
Despensa,Lácteos y huevos,Caffè Latte Espresso 230 ml,"7,78 € / 1 L","1,79 €",KAIKU
Despensa,Lácteos y huevos,Natillas de Chocolate Pack de 4 Unidades 4 x 125 Gr,"2,10 € / 1 Kg","1,05 €",CONSUM
Despensa,Lácteos y huevos,Natillas de Chocolate Pack de 4 Unidades 4 x 125 Gr,"2,10 € / 1 Kg","1,05 €",CONSUM
Despensa,Lácteos y huevos,Natillas de Chocolate Pack de 4 Unidades 4 x 125 Gr,"2,10 € / 1 Kg","1,05 €",CONSUM
Despensa,Lácteos y huevos,Natillas de Chocolate Pack de 4 Unidades 4 x 125 Gr,"2,10 € / 1 Kg","1,05 €",CONSUM
Despensa,Lácteos y huevos,Natillas de Chocolate Pack de 4 Unidades 4 x 125 Gr,"2,10 € / 1 Kg","1,05 €",CONSUM
Despensa,Lácteos y huevos,Natillas de Chocolate Pack de 4 Unidades 4 x 125 Gr,"2,10 € / 1 Kg","1,05 €",CONSUM
Despensa,Lácteos y huevos,Natillas de Chocolate Pack de 4 Unidades 4 x 125 Gr,"2,10 € / 1 Kg","1,05 €",CONSUM
Despensa,Lácteos y huevos,Natillas de Chocolate Pack de 4 Unidades 4 x 125 Gr,"2,10 € / 1 Kg","1,05 €",CONSUM
Despensa,Lácteos y huevos,Natillas de Chocolate Pack de 4 Unidades 4 x 125 Gr,"2,10 € / 1 Kg","1,05 €",CONSUM
Despensa,Lácteos y huevos,Natillas de Chocolate Pack de 4 Unidades 4 x 125 Gr,"2,10 € / 1 Kg","1,05 €",CONSUM
Despensa,Lácteos y huevos,Natillas de Chocolate Pack de 4 Unidades 4 x 125 Gr,"2,10 € / 1 Kg","1,05 €",CONSUM
Despensa,Lácteos y huevos,Natillas de Chocolate Pack de 4 Unidades 4 x 125 Gr,"2,10 € / 1 Kg","1,05 €",CONSUM
Despensa,Lácteos y huevos,Natillas de Chocolate Pack de 4 Unidades 4 x 125 Gr,"2,10 € / 1 Kg","1,05 €",CONSUM
Despensa,Lácteos y huevos,Natillas de Chocolate Pack de 4 Unidades 4 x 125 Gr,"2,10 € / 1 Kg","1,05 €",CONSUM
Despensa,Lácteos y huevos,Natillas de Chocolate Pack de 4 Unidades 4 x 125 Gr,"2,10 € / 1 Kg","1,05 €",CONSUM
Despensa,Lácteos y huevos,Natillas de Chocolate Pack de 4 Unidades 4 x 125 Gr,"2,10 € / 1 Kg","1,05 €",CONSUM
Despensa,Lácteos y huevos,Natillas de Chocolate Pack de 4 Unidades 4 x 125 Gr,"2,10 € / 1 Kg","1,05 €",CONSUM
Despensa,Lácteos y huevos,Natillas de Chocolate Pack de 4 Unidades 4 x 125 Gr,"2,10 € / 1 Kg","1,05 €",CONSUM
Despensa,Lácteos y huevos,Natillas de Chocolate Pack de 4 Unidades 4 x 125 Gr,"2,10 € / 1 Kg","1,05 €",CONSUM
Despensa,Lácteos y huevos,Natillas de Chocolate Pack de 4 Unidades 4 x 125 Gr,"2,10 € / 1 Kg","1,05 €",CONSUM
Despensa,Lácteos y huevos,Bebida de Almendras Brik 1 L,"1,99 € / 1 L","1,99 €",ALMENDROLA
Despensa,Lácteos y huevos,Bebida de Almendras Brik 1 L,"1,99 € / 1 L","1,99 €",ALMENDROLA
Despensa,Lácteos y huevos,Bebida de Almendras Brik 1 L,"1,99 € / 1 L","1,99 €",ALMENDROLA
Despensa,Lácteos y huevos,Bebida de Almendras Brik 1 L,"1,99 € / 1 L","1,99 €",ALMENDROLA
Despensa,Lácteos y huevos,Bebida de Almendras Brik 1 L,"1,99 € / 1 L","1,99 €",ALMENDROLA
Despensa,Lácteos y huevos,Bebida de Almendras Brik 1 L,"1,99 € / 1 L","1,99 €",ALMENDROLA
Despensa,Lácteos y huevos,Bebida de Almendras Brik 1 L,"1,99 € / 1 L","1,99 €",ALMENDROLA
Despensa,Lácteos y huevos,Bebida de Almendras Brik 1 L,"1,99 € / 1 L","1,99 €",ALMENDROLA
Despensa,Lácteos y huevos,Bebida de Almendras Brik 1 L,"1,99 € / 1 L","1,99 €",ALMENDROLA
Despensa,Lácteos y huevos,Bebida de Almendras Brik 1 L,"1,99 € / 1 L","1,99 €",ALMENDROLA
Despensa,Lácteos y huevos,Bebida de Almendras Brik 1 L,"1,99 € / 1 L","1,99 €",ALMENDROLA
Despensa,Lácteos y huevos,Bebida de Almendras Brik 1 L,"1,99 € / 1 L","1,99 €",ALMENDROLA
Despensa,Lácteos y huevos,Bebida de Almendras Brik 1 L,"1,99 € / 1 L","1,99 €",ALMENDROLA
Despensa,Lácteos y huevos,Bebida de Almendras Brik 1 L,"1,99 € / 1 L","1,99 €",ALMENDROLA
Despensa,Lácteos y huevos,Bebida de Almendras Brik 1 L,"1,99 € / 1 L","1,99 €",ALMENDROLA
Despensa,Lácteos y huevos,Bebida de Almendras Brik 1 L,"1,99 € / 1 L","1,99 €",ALMENDROLA
Despensa,Lácteos y huevos,Bebida de Almendras Brik 1 L,"1,99 € / 1 L","1,99 €",ALMENDROLA
Despensa,Lácteos y huevos,Bebida de Almendras Brik 1 L,"1,99 € / 1 L","1,99 €",ALMENDROLA
Despensa,Lácteos y huevos,Bebida de Almendras Brik 1 L,"1,99 € / 1 L","1,99 €",ALMENDROLA
Despensa,Lácteos y huevos,Bebida de Almendras Brik 1 L,"1,99 € / 1 L","1,99 €",ALMENDROLA
Despensa,Lácteos y huevos,Natillas con Galleta Pack de 8 Unidades 8 x 125 Gr,"3,45 € / 1 Kg","3,45 €",REINA
Despensa,Lácteos y huevos,Natillas con Galleta Pack de 8 Unidades 8 x 125 Gr,"3,45 € / 1 Kg","3,45 €",REINA
Despensa,Lácteos y huevos,Natillas con Galleta Pack de 8 Unidades 8 x 125 Gr,"3,45 € / 1 Kg","3,45 €",REINA
Despensa,Lácteos y huevos,Natillas con Galleta Pack de 8 Unidades 8 x 125 Gr,"3,45 € / 1 Kg","3,45 €",REINA
Despensa,Lácteos y huevos,Natillas con Galleta Pack de 8 Unidades 8 x 125 Gr,"3,45 € / 1 Kg","3,45 €",REINA
Despensa,Lácteos y huevos,Natillas con Galleta Pack de 8 Unidades 8 x 125 Gr,"3,45 € / 1 Kg","3,45 €",REINA
Despensa,Lácteos y huevos,Natillas con Galleta Pack de 8 Unidades 8 x 125 Gr,"3,45 € / 1 Kg","3,45 €",REINA
Despensa,Lácteos y huevos,Natillas con Galleta Pack de 8 Unidades 8 x 125 Gr,"3,45 € / 1 Kg","3,45 €",REINA
Despensa,Lácteos y huevos,Natillas con Galleta Pack de 8 Unidades 8 x 125 Gr,"3,45 € / 1 Kg","3,45 €",REINA
Despensa,Lácteos y huevos,Natillas con Galleta Pack de 8 Unidades 8 x 125 Gr,"3,45 € / 1 Kg","3,45 €",REINA
Despensa,Lácteos y huevos,Natillas con Galleta Pack de 8 Unidades 8 x 125 Gr,"3,45 € / 1 Kg","3,45 €",REINA
Despensa,Lácteos y huevos,Natillas con Galleta Pack de 8 Unidades 8 x 125 Gr,"3,45 € / 1 Kg","3,45 €",REINA
Despensa,Lácteos y huevos,Natillas con Galleta Pack de 8 Unidades 8 x 125 Gr,"3,45 € / 1 Kg","3,45 €",REINA
Despensa,Lácteos y huevos,Natillas con Galleta Pack de 8 Unidades 8 x 125 Gr,"3,45 € / 1 Kg","3,45 €",REINA
Despensa,Lácteos y huevos,Natillas con Galleta Pack de 8 Unidades 8 x 125 Gr,"3,45 € / 1 Kg","3,45 €",REINA
Despensa,Lácteos y huevos,Natillas con Galleta Pack de 8 Unidades 8 x 125 Gr,"3,45 € / 1 Kg","3,45 €",REINA
Despensa,Lácteos y huevos,Natillas con Galleta Pack de 8 Unidades 8 x 125 Gr,"3,45 € / 1 Kg","3,45 €",REINA
Despensa,Lácteos y huevos,Natillas con Galleta Pack de 8 Unidades 8 x 125 Gr,"3,45 € / 1 Kg","3,45 €",REINA
Despensa,Lácteos y huevos,Natillas con Galleta Pack de 8 Unidades 8 x 125 Gr,"3,45 € / 1 Kg","3,45 €",REINA
Despensa,Lácteos y huevos,Natillas con Galleta Pack de 8 Unidades 8 x 125 Gr,"3,45 € / 1 Kg","3,45 €",REINA
Despensa,Lácteos y huevos,Preparado Lácteo Max con Cacao y Cereales P3 3 x 200 ml,"2,98 € / 1 L","1,79 €",PULEVA
Despensa,Lácteos y huevos,Preparado Lácteo Max con Cacao y Cereales P3 3 x 200 ml,"2,98 € / 1 L","1,79 €",PULEVA
Despensa,Lácteos y huevos,Preparado Lácteo Max con Cacao y Cereales P3 3 x 200 ml,"2,98 € / 1 L","1,79 €",PULEVA
Despensa,Lácteos y huevos,Preparado Lácteo Max con Cacao y Cereales P3 3 x 200 ml,"2,98 € / 1 L","1,79 €",PULEVA
Despensa,Lácteos y huevos,Preparado Lácteo Max con Cacao y Cereales P3 3 x 200 ml,"2,98 € / 1 L","1,79 €",PULEVA
Despensa,Lácteos y huevos,Preparado Lácteo Max con Cacao y Cereales P3 3 x 200 ml,"2,98 € / 1 L","1,79 €",PULEVA
Despensa,Lácteos y huevos,Preparado Lácteo Max con Cacao y Cereales P3 3 x 200 ml,"2,98 € / 1 L","1,79 €",PULEVA
Despensa,Lácteos y huevos,Preparado Lácteo Max con Cacao y Cereales P3 3 x 200 ml,"2,98 € / 1 L","1,79 €",PULEVA
Despensa,Lácteos y huevos,Preparado Lácteo Max con Cacao y Cereales P3 3 x 200 ml,"2,98 € / 1 L","1,79 €",PULEVA
Despensa,Lácteos y huevos,Preparado Lácteo Max con Cacao y Cereales P3 3 x 200 ml,"2,98 € / 1 L","1,79 €",PULEVA
Despensa,Lácteos y huevos,Preparado Lácteo Max con Cacao y Cereales P3 3 x 200 ml,"2,98 € / 1 L","1,79 €",PULEVA
Despensa,Lácteos y huevos,Preparado Lácteo Max con Cacao y Cereales P3 3 x 200 ml,"2,98 € / 1 L","1,79 €",PULEVA
Despensa,Lácteos y huevos,Preparado Lácteo Max con Cacao y Cereales P3 3 x 200 ml,"2,98 € / 1 L","1,79 €",PULEVA
Despensa,Lácteos y huevos,Preparado Lácteo Max con Cacao y Cereales P3 3 x 200 ml,"2,98 € / 1 L","1,79 €",PULEVA
Despensa,Lácteos y huevos,Preparado Lácteo Max con Cacao y Cereales P3 3 x 200 ml,"2,98 € / 1 L","1,79 €",PULEVA
Despensa,Lácteos y huevos,Preparado Lácteo Max con Cacao y Cereales P3 3 x 200 ml,"2,98 € / 1 L","1,79 €",PULEVA
Despensa,Lácteos y huevos,Preparado Lácteo Max con Cacao y Cereales P3 3 x 200 ml,"2,98 € / 1 L","1,79 €",PULEVA
Despensa,Lácteos y huevos,Preparado Lácteo Max con Cacao y Cereales P3 3 x 200 ml,"2,98 € / 1 L","1,79 €",PULEVA
Despensa,Lácteos y huevos,Preparado Lácteo Max con Cacao y Cereales P3 3 x 200 ml,"2,98 € / 1 L","1,79 €",PULEVA
Despensa,Lácteos y huevos,Preparado Lácteo Max con Cacao y Cereales P3 3 x 200 ml,"2,98 € / 1 L","1,79 €",PULEVA
Despensa,Lácteos y huevos,Yogur Original Natural Pack de 2 Unidades 2 x 135 Gr,"6,12 € / 1 Kg","1,59 €",DANONE
Despensa,Lácteos y huevos,Yogur Original Natural Pack de 2 Unidades 2 x 135 Gr,"6,12 € / 1 Kg","1,59 €",DANONE
Despensa,Lácteos y huevos,Yogur Original Natural Pack de 2 Unidades 2 x 135 Gr,"6,12 € / 1 Kg","1,59 €",DANONE
Despensa,Lácteos y huevos,Yogur Original Natural Pack de 2 Unidades 2 x 135 Gr,"6,12 € / 1 Kg","1,59 €",DANONE
Despensa,Lácteos y huevos,Yogur Original Natural Pack de 2 Unidades 2 x 135 Gr,"6,12 € / 1 Kg","1,59 €",DANONE
Despensa,Lácteos y huevos,Yogur Original Natural Pack de 2 Unidades 2 x 135 Gr,"6,12 € / 1 Kg","1,59 €",DANONE
Despensa,Lácteos y huevos,Yogur Original Natural Pack de 2 Unidades 2 x 135 Gr,"6,12 € / 1 Kg","1,59 €",DANONE
Despensa,Lácteos y huevos,Yogur Original Natural Pack de 2 Unidades 2 x 135 Gr,"6,12 € / 1 Kg","1,59 €",DANONE
Despensa,Lácteos y huevos,Yogur Original Natural Pack de 2 Unidades 2 x 135 Gr,"6,12 € / 1 Kg","1,59 €",DANONE
Despensa,Lácteos y huevos,Yogur Original Natural Pack de 2 Unidades 2 x 135 Gr,"6,12 € / 1 Kg","1,59 €",DANONE
Despensa,Lácteos y huevos,Yogur Original Natural Pack de 2 Unidades 2 x 135 Gr,"6,12 € / 1 Kg","1,59 €",DANONE
Despensa,Lácteos y huevos,Yogur Original Natural Pack de 2 Unidades 2 x 135 Gr,"6,12 € / 1 Kg","1,59 €",DANONE
Despensa,Lácteos y huevos,Yogur Original Natural Pack de 2 Unidades 2 x 135 Gr,"6,12 € / 1 Kg","1,59 €",DANONE
Despensa,Lácteos y huevos,Yogur Original Natural Pack de 2 Unidades 2 x 135 Gr,"6,12 € / 1 Kg","1,59 €",DANONE
Despensa,Lácteos y huevos,Yogur Original Natural Pack de 2 Unidades 2 x 135 Gr,"6,12 € / 1 Kg","1,59 €",DANONE
Despensa,Lácteos y huevos,Yogur Original Natural Pack de 2 Unidades 2 x 135 Gr,"6,12 € / 1 Kg","1,59 €",DANONE
Despensa,Lácteos y huevos,Yogur Original Natural Pack de 2 Unidades 2 x 135 Gr,"6,12 € / 1 Kg","1,59 €",DANONE
Despensa,Lácteos y huevos,Yogur Original Natural Pack de 2 Unidades 2 x 135 Gr,"6,12 € / 1 Kg","1,59 €",DANONE
Despensa,Lácteos y huevos,Yogur Original Natural Pack de 2 Unidades 2 x 135 Gr,"6,12 € / 1 Kg","1,59 €",DANONE
Despensa,Lácteos y huevos,Yogur Original Natural Pack de 2 Unidades 2 x 135 Gr,"6,12 € / 1 Kg","1,59 €",DANONE
Despensa,Lácteos y huevos,Yogur Bífidus 00% con Melocotón P-4 ud. 4 x 125 Gr,"2,70 € / 1 Kg","1,35 €",CONSUM
Despensa,Lácteos y huevos,Yogur Bífidus 00% con Melocotón P-4 ud. 4 x 125 Gr,"2,70 € / 1 Kg","1,35 €",CONSUM
Despensa,Lácteos y huevos,Yogur Bífidus 00% con Melocotón P-4 ud. 4 x 125 Gr,"2,70 € / 1 Kg","1,35 €",CONSUM
Despensa,Lácteos y huevos,Yogur Bífidus 00% con Melocotón P-4 ud. 4 x 125 Gr,"2,70 € / 1 Kg","1,35 €",CONSUM
Despensa,Lácteos y huevos,Yogur Bífidus 00% con Melocotón P-4 ud. 4 x 125 Gr,"2,70 € / 1 Kg","1,35 €",CONSUM
Despensa,Lácteos y huevos,Yogur Bífidus 00% con Melocotón P-4 ud. 4 x 125 Gr,"2,70 € / 1 Kg","1,35 €",CONSUM
Despensa,Lácteos y huevos,Yogur Bífidus 00% con Melocotón P-4 ud. 4 x 125 Gr,"2,70 € / 1 Kg","1,35 €",CONSUM
Despensa,Lácteos y huevos,Yogur Bífidus 00% con Melocotón P-4 ud. 4 x 125 Gr,"2,70 € / 1 Kg","1,35 €",CONSUM
Despensa,Lácteos y huevos,Yogur Bífidus 00% con Melocotón P-4 ud. 4 x 125 Gr,"2,70 € / 1 Kg","1,35 €",CONSUM
Despensa,Lácteos y huevos,Yogur Bífidus 00% con Melocotón P-4 ud. 4 x 125 Gr,"2,70 € / 1 Kg","1,35 €",CONSUM
Despensa,Lácteos y huevos,Yogur Bífidus 00% con Melocotón P-4 ud. 4 x 125 Gr,"2,70 € / 1 Kg","1,35 €",CONSUM
Despensa,Lácteos y huevos,Yogur Bífidus 00% con Melocotón P-4 ud. 4 x 125 Gr,"2,70 € / 1 Kg","1,35 €",CONSUM
Despensa,Lácteos y huevos,Yogur Bífidus 00% con Melocotón P-4 ud. 4 x 125 Gr,"2,70 € / 1 Kg","1,35 €",CONSUM
Despensa,Lácteos y huevos,Yogur Bífidus 00% con Melocotón P-4 ud. 4 x 125 Gr,"2,70 € / 1 Kg","1,35 €",CONSUM
Despensa,Lácteos y huevos,Yogur Bífidus 00% con Melocotón P-4 ud. 4 x 125 Gr,"2,70 € / 1 Kg","1,35 €",CONSUM
Despensa,Lácteos y huevos,Yogur Bífidus 00% con Melocotón P-4 ud. 4 x 125 Gr,"2,70 € / 1 Kg","1,35 €",CONSUM
Despensa,Lácteos y huevos,Yogur Bífidus 00% con Melocotón P-4 ud. 4 x 125 Gr,"2,70 € / 1 Kg","1,35 €",CONSUM
Despensa,Lácteos y huevos,Yogur Bífidus 00% con Melocotón P-4 ud. 4 x 125 Gr,"2,70 € / 1 Kg","1,35 €",CONSUM
Despensa,Lácteos y huevos,Yogur Bífidus 00% con Melocotón P-4 ud. 4 x 125 Gr,"2,70 € / 1 Kg","1,35 €",CONSUM
Despensa,Lácteos y huevos,Yogur Bífidus 00% con Melocotón P-4 ud. 4 x 125 Gr,"2,70 € / 1 Kg","1,35 €",CONSUM
Despensa,Lácteos y huevos,Fácil de Untar con Mantequilla 250 Gr,"8,60 € / 1 Kg","2,15 €",CONSUM
Despensa,Lácteos y huevos,Fácil de Untar con Mantequilla 250 Gr,"8,60 € / 1 Kg","2,15 €",CONSUM
Despensa,Lácteos y huevos,Fácil de Untar con Mantequilla 250 Gr,"8,60 € / 1 Kg","2,15 €",CONSUM
Despensa,Lácteos y huevos,Fácil de Untar con Mantequilla 250 Gr,"8,60 € / 1 Kg","2,15 €",CONSUM
Despensa,Lácteos y huevos,Fácil de Untar con Mantequilla 250 Gr,"8,60 € / 1 Kg","2,15 €",CONSUM
Despensa,Lácteos y huevos,Fácil de Untar con Mantequilla 250 Gr,"8,60 € / 1 Kg","2,15 €",CONSUM
Despensa,Lácteos y huevos,Fácil de Untar con Mantequilla 250 Gr,"8,60 € / 1 Kg","2,15 €",CONSUM
Despensa,Lácteos y huevos,Fácil de Untar con Mantequilla 250 Gr,"8,60 € / 1 Kg","2,15 €",CONSUM
Despensa,Lácteos y huevos,Fácil de Untar con Mantequilla 250 Gr,"8,60 € / 1 Kg","2,15 €",CONSUM
Despensa,Lácteos y huevos,Fácil de Untar con Mantequilla 250 Gr,"8,60 € / 1 Kg","2,15 €",CONSUM
Despensa,Lácteos y huevos,Fácil de Untar con Mantequilla 250 Gr,"8,60 € / 1 Kg","2,15 €",CONSUM
Despensa,Lácteos y huevos,Fácil de Untar con Mantequilla 250 Gr,"8,60 € / 1 Kg","2,15 €",CONSUM
Despensa,Lácteos y huevos,Fácil de Untar con Mantequilla 250 Gr,"8,60 € / 1 Kg","2,15 €",CONSUM
Despensa,Lácteos y huevos,Fácil de Untar con Mantequilla 250 Gr,"8,60 € / 1 Kg","2,15 €",CONSUM
Despensa,Lácteos y huevos,Fácil de Untar con Mantequilla 250 Gr,"8,60 € / 1 Kg","2,15 €",CONSUM
Despensa,Lácteos y huevos,Fácil de Untar con Mantequilla 250 Gr,"8,60 € / 1 Kg","2,15 €",CONSUM
Despensa,Lácteos y huevos,Fácil de Untar con Mantequilla 250 Gr,"8,60 € / 1 Kg","2,15 €",CONSUM
Despensa,Lácteos y huevos,Fácil de Untar con Mantequilla 250 Gr,"8,60 € / 1 Kg","2,15 €",CONSUM
Despensa,Lácteos y huevos,Fácil de Untar con Mantequilla 250 Gr,"8,60 € / 1 Kg","2,15 €",CONSUM
Despensa,Lácteos y huevos,Fácil de Untar con Mantequilla 250 Gr,"8,60 € / 1 Kg","2,15 €",CONSUM
Despensa,Lácteos y huevos,Yogur Griego Stracciatella P-4 ud 4 x 125 Gr,"2,66 € / 1 Kg","1,33 €",CONSUM
Despensa,Lácteos y huevos,Yogur Griego Stracciatella P-4 ud 4 x 125 Gr,"2,66 € / 1 Kg","1,33 €",CONSUM
Despensa,Lácteos y huevos,Yogur Griego Stracciatella P-4 ud 4 x 125 Gr,"2,66 € / 1 Kg","1,33 €",CONSUM
Despensa,Lácteos y huevos,Yogur Griego Stracciatella P-4 ud 4 x 125 Gr,"2,66 € / 1 Kg","1,33 €",CONSUM
Despensa,Lácteos y huevos,Yogur Griego Stracciatella P-4 ud 4 x 125 Gr,"2,66 € / 1 Kg","1,33 €",CONSUM
Despensa,Lácteos y huevos,Yogur Griego Stracciatella P-4 ud 4 x 125 Gr,"2,66 € / 1 Kg","1,33 €",CONSUM
Despensa,Lácteos y huevos,Yogur Griego Stracciatella P-4 ud 4 x 125 Gr,"2,66 € / 1 Kg","1,33 €",CONSUM
Despensa,Lácteos y huevos,Yogur Griego Stracciatella P-4 ud 4 x 125 Gr,"2,66 € / 1 Kg","1,33 €",CONSUM
Despensa,Lácteos y huevos,Yogur Griego Stracciatella P-4 ud 4 x 125 Gr,"2,66 € / 1 Kg","1,33 €",CONSUM
Despensa,Lácteos y huevos,Yogur Griego Stracciatella P-4 ud 4 x 125 Gr,"2,66 € / 1 Kg","1,33 €",CONSUM
Despensa,Lácteos y huevos,Yogur Griego Stracciatella P-4 ud 4 x 125 Gr,"2,66 € / 1 Kg","1,33 €",CONSUM
Despensa,Lácteos y huevos,Yogur Griego Stracciatella P-4 ud 4 x 125 Gr,"2,66 € / 1 Kg","1,33 €",CONSUM
Despensa,Lácteos y huevos,Yogur Griego Stracciatella P-4 ud 4 x 125 Gr,"2,66 € / 1 Kg","1,33 €",CONSUM
Despensa,Lácteos y huevos,Yogur Griego Stracciatella P-4 ud 4 x 125 Gr,"2,66 € / 1 Kg","1,33 €",CONSUM
Despensa,Lácteos y huevos,Yogur Griego Stracciatella P-4 ud 4 x 125 Gr,"2,66 € / 1 Kg","1,33 €",CONSUM
Despensa,Lácteos y huevos,Yogur Griego Stracciatella P-4 ud 4 x 125 Gr,"2,66 € / 1 Kg","1,33 €",CONSUM
Despensa,Lácteos y huevos,Yogur Griego Stracciatella P-4 ud 4 x 125 Gr,"2,66 € / 1 Kg","1,33 €",CONSUM
Despensa,Lácteos y huevos,Yogur Griego Stracciatella P-4 ud 4 x 125 Gr,"2,66 € / 1 Kg","1,33 €",CONSUM
Despensa,Lácteos y huevos,Yogur Griego Stracciatella P-4 ud 4 x 125 Gr,"2,66 € / 1 Kg","1,33 €",CONSUM
Despensa,Lácteos y huevos,Yogur Griego Stracciatella P-4 ud 4 x 125 Gr,"2,66 € / 1 Kg","1,33 €",CONSUM
Despensa,Lácteos y huevos,"Huevo Campero L Decena 0,83 Dc","3,65 € / 1 Dc","3,03 €",MONTERDE
Despensa,Lácteos y huevos,"Huevo Campero L Decena 0,83 Dc","3,65 € / 1 Dc","3,03 €",MONTERDE
Despensa,Lácteos y huevos,"Huevo Campero L Decena 0,83 Dc","3,65 € / 1 Dc","3,03 €",MONTERDE
Despensa,Lácteos y huevos,"Huevo Campero L Decena 0,83 Dc","3,65 € / 1 Dc","3,03 €",MONTERDE
Despensa,Lácteos y huevos,"Huevo Campero L Decena 0,83 Dc","3,65 € / 1 Dc","3,03 €",MONTERDE
Despensa,Lácteos y huevos,"Huevo Campero L Decena 0,83 Dc","3,65 € / 1 Dc","3,03 €",MONTERDE
Despensa,Lácteos y huevos,"Huevo Campero L Decena 0,83 Dc","3,65 € / 1 Dc","3,03 €",MONTERDE
Despensa,Lácteos y huevos,"Huevo Campero L Decena 0,83 Dc","3,65 € / 1 Dc","3,03 €",MONTERDE
Despensa,Lácteos y huevos,"Huevo Campero L Decena 0,83 Dc","3,65 € / 1 Dc","3,03 €",MONTERDE
Despensa,Lácteos y huevos,"Huevo Campero L Decena 0,83 Dc","3,65 € / 1 Dc","3,03 €",MONTERDE
Despensa,Lácteos y huevos,"Huevo Campero L Decena 0,83 Dc","3,65 € / 1 Dc","3,03 €",MONTERDE
Despensa,Lácteos y huevos,"Huevo Campero L Decena 0,83 Dc","3,65 € / 1 Dc","3,03 €",MONTERDE
Despensa,Lácteos y huevos,"Huevo Campero L Decena 0,83 Dc","3,65 € / 1 Dc","3,03 €",MONTERDE
Despensa,Lácteos y huevos,"Huevo Campero L Decena 0,83 Dc","3,65 € / 1 Dc","3,03 €",MONTERDE
Despensa,Lácteos y huevos,"Huevo Campero L Decena 0,83 Dc","3,65 € / 1 Dc","3,03 €",MONTERDE
Despensa,Lácteos y huevos,"Huevo Campero L Decena 0,83 Dc","3,65 € / 1 Dc","3,03 €",MONTERDE
Despensa,Lácteos y huevos,"Huevo Campero L Decena 0,83 Dc","3,65 € / 1 Dc","3,03 €",MONTERDE
Despensa,Lácteos y huevos,"Huevo Campero L Decena 0,83 Dc","3,65 € / 1 Dc","3,03 €",MONTERDE
Despensa,Lácteos y huevos,"Huevo Campero L Decena 0,83 Dc","3,65 € / 1 Dc","3,03 €",MONTERDE
Despensa,Lácteos y huevos,"Huevo Campero L Decena 0,83 Dc","3,65 € / 1 Dc","3,03 €",MONTERDE
Despensa,Lácteos y huevos,Mousse Dúo Chocolate Blanco y con Leche 4 x 59 Gr,"8,43 € / 1 Kg","1,99 €",LA LECHERA
Despensa,Lácteos y huevos,Mousse Dúo Chocolate Blanco y con Leche 4 x 59 Gr,"8,43 € / 1 Kg","1,99 €",LA LECHERA
Despensa,Lácteos y huevos,Mousse Dúo Chocolate Blanco y con Leche 4 x 59 Gr,"8,43 € / 1 Kg","1,99 €",LA LECHERA
Despensa,Lácteos y huevos,Mousse Dúo Chocolate Blanco y con Leche 4 x 59 Gr,"8,43 € / 1 Kg","1,99 €",LA LECHERA
Despensa,Lácteos y huevos,Mousse Dúo Chocolate Blanco y con Leche 4 x 59 Gr,"8,43 € / 1 Kg","1,99 €",LA LECHERA
Despensa,Lácteos y huevos,Mousse Dúo Chocolate Blanco y con Leche 4 x 59 Gr,"8,43 € / 1 Kg","1,99 €",LA LECHERA
Despensa,Lácteos y huevos,Mousse Dúo Chocolate Blanco y con Leche 4 x 59 Gr,"8,43 € / 1 Kg","1,99 €",LA LECHERA
Despensa,Lácteos y huevos,Mousse Dúo Chocolate Blanco y con Leche 4 x 59 Gr,"8,43 € / 1 Kg","1,99 €",LA LECHERA
Despensa,Lácteos y huevos,Mousse Dúo Chocolate Blanco y con Leche 4 x 59 Gr,"8,43 € / 1 Kg","1,99 €",LA LECHERA
Despensa,Lácteos y huevos,Mousse Dúo Chocolate Blanco y con Leche 4 x 59 Gr,"8,43 € / 1 Kg","1,99 €",LA LECHERA
Despensa,Lácteos y huevos,Mousse Dúo Chocolate Blanco y con Leche 4 x 59 Gr,"8,43 € / 1 Kg","1,99 €",LA LECHERA
Despensa,Lácteos y huevos,Mousse Dúo Chocolate Blanco y con Leche 4 x 59 Gr,"8,43 € / 1 Kg","1,99 €",LA LECHERA
Despensa,Lácteos y huevos,Mousse Dúo Chocolate Blanco y con Leche 4 x 59 Gr,"8,43 € / 1 Kg","1,99 €",LA LECHERA
Despensa,Lácteos y huevos,Mousse Dúo Chocolate Blanco y con Leche 4 x 59 Gr,"8,43 € / 1 Kg","1,99 €",LA LECHERA
Despensa,Lácteos y huevos,Mousse Dúo Chocolate Blanco y con Leche 4 x 59 Gr,"8,43 € / 1 Kg","1,99 €",LA LECHERA
Despensa,Lácteos y huevos,Mousse Dúo Chocolate Blanco y con Leche 4 x 59 Gr,"8,43 € / 1 Kg","1,99 €",LA LECHERA
Despensa,Lácteos y huevos,Mousse Dúo Chocolate Blanco y con Leche 4 x 59 Gr,"8,43 € / 1 Kg","1,99 €",LA LECHERA
Despensa,Lácteos y huevos,Mousse Dúo Chocolate Blanco y con Leche 4 x 59 Gr,"8,43 € / 1 Kg","1,99 €",LA LECHERA
Despensa,Lácteos y huevos,Mousse Dúo Chocolate Blanco y con Leche 4 x 59 Gr,"8,43 € / 1 Kg","1,99 €",LA LECHERA
Despensa,Lácteos y huevos,Mousse Dúo Chocolate Blanco y con Leche 4 x 59 Gr,"8,43 € / 1 Kg","1,99 €",LA LECHERA
Despensa,Lácteos y huevos,"Maxi Petit Fresa, Plátano y Fresa-Plátano 6 x 100 Gr","2,48 € / 1 Kg","1,49 €",CONSUM KIDS
Despensa,Lácteos y huevos,"Maxi Petit Fresa, Plátano y Fresa-Plátano 6 x 100 Gr","2,48 € / 1 Kg","1,49 €",CONSUM KIDS
Despensa,Lácteos y huevos,"Maxi Petit Fresa, Plátano y Fresa-Plátano 6 x 100 Gr","2,48 € / 1 Kg","1,49 €",CONSUM KIDS
Despensa,Lácteos y huevos,"Maxi Petit Fresa, Plátano y Fresa-Plátano 6 x 100 Gr","2,48 € / 1 Kg","1,49 €",CONSUM KIDS
Despensa,Lácteos y huevos,"Maxi Petit Fresa, Plátano y Fresa-Plátano 6 x 100 Gr","2,48 € / 1 Kg","1,49 €",CONSUM KIDS
Despensa,Lácteos y huevos,"Maxi Petit Fresa, Plátano y Fresa-Plátano 6 x 100 Gr","2,48 € / 1 Kg","1,49 €",CONSUM KIDS
Despensa,Lácteos y huevos,"Maxi Petit Fresa, Plátano y Fresa-Plátano 6 x 100 Gr","2,48 € / 1 Kg","1,49 €",CONSUM KIDS
Despensa,Lácteos y huevos,"Maxi Petit Fresa, Plátano y Fresa-Plátano 6 x 100 Gr","2,48 € / 1 Kg","1,49 €",CONSUM KIDS
Despensa,Lácteos y huevos,"Maxi Petit Fresa, Plátano y Fresa-Plátano 6 x 100 Gr","2,48 € / 1 Kg","1,49 €",CONSUM KIDS
Despensa,Lácteos y huevos,"Maxi Petit Fresa, Plátano y Fresa-Plátano 6 x 100 Gr","2,48 € / 1 Kg","1,49 €",CONSUM KIDS
Despensa,Lácteos y huevos,"Maxi Petit Fresa, Plátano y Fresa-Plátano 6 x 100 Gr","2,48 € / 1 Kg","1,49 €",CONSUM KIDS
Despensa,Lácteos y huevos,"Maxi Petit Fresa, Plátano y Fresa-Plátano 6 x 100 Gr","2,48 € / 1 Kg","1,49 €",CONSUM KIDS
Despensa,Lácteos y huevos,"Maxi Petit Fresa, Plátano y Fresa-Plátano 6 x 100 Gr","2,48 € / 1 Kg","1,49 €",CONSUM KIDS
Despensa,Lácteos y huevos,"Maxi Petit Fresa, Plátano y Fresa-Plátano 6 x 100 Gr","2,48 € / 1 Kg","1,49 €",CONSUM KIDS
Despensa,Lácteos y huevos,"Maxi Petit Fresa, Plátano y Fresa-Plátano 6 x 100 Gr","2,48 € / 1 Kg","1,49 €",CONSUM KIDS
Despensa,Lácteos y huevos,"Maxi Petit Fresa, Plátano y Fresa-Plátano 6 x 100 Gr","2,48 € / 1 Kg","1,49 €",CONSUM KIDS
Despensa,Lácteos y huevos,"Maxi Petit Fresa, Plátano y Fresa-Plátano 6 x 100 Gr","2,48 € / 1 Kg","1,49 €",CONSUM KIDS
Despensa,Lácteos y huevos,"Maxi Petit Fresa, Plátano y Fresa-Plátano 6 x 100 Gr","2,48 € / 1 Kg","1,49 €",CONSUM KIDS
Despensa,Lácteos y huevos,"Maxi Petit Fresa, Plátano y Fresa-Plátano 6 x 100 Gr","2,48 € / 1 Kg","1,49 €",CONSUM KIDS
Despensa,Lácteos y huevos,"Maxi Petit Fresa, Plátano y Fresa-Plátano 6 x 100 Gr","2,48 € / 1 Kg","1,49 €",CONSUM KIDS
Despensa,Lácteos y huevos,Yogur Líquido con Fresa-Plátano 1000 Gr,"1,45 € / 1 Kg","1,45 €",CONSUM
Despensa,Lácteos y huevos,Yogur Líquido con Fresa-Plátano 1000 Gr,"1,45 € / 1 Kg","1,45 €",CONSUM
Despensa,Lácteos y huevos,Yogur Líquido con Fresa-Plátano 1000 Gr,"1,45 € / 1 Kg","1,45 €",CONSUM
Despensa,Lácteos y huevos,Yogur Líquido con Fresa-Plátano 1000 Gr,"1,45 € / 1 Kg","1,45 €",CONSUM
Despensa,Lácteos y huevos,Yogur Líquido con Fresa-Plátano 1000 Gr,"1,45 € / 1 Kg","1,45 €",CONSUM
Despensa,Lácteos y huevos,Yogur Líquido con Fresa-Plátano 1000 Gr,"1,45 € / 1 Kg","1,45 €",CONSUM
Despensa,Lácteos y huevos,Yogur Líquido con Fresa-Plátano 1000 Gr,"1,45 € / 1 Kg","1,45 €",CONSUM
Despensa,Lácteos y huevos,Yogur Líquido con Fresa-Plátano 1000 Gr,"1,45 € / 1 Kg","1,45 €",CONSUM
Despensa,Lácteos y huevos,Yogur Líquido con Fresa-Plátano 1000 Gr,"1,45 € / 1 Kg","1,45 €",CONSUM
Despensa,Lácteos y huevos,Yogur Líquido con Fresa-Plátano 1000 Gr,"1,45 € / 1 Kg","1,45 €",CONSUM
Despensa,Lácteos y huevos,Yogur Líquido con Fresa-Plátano 1000 Gr,"1,45 € / 1 Kg","1,45 €",CONSUM
Despensa,Lácteos y huevos,Yogur Líquido con Fresa-Plátano 1000 Gr,"1,45 € / 1 Kg","1,45 €",CONSUM
Despensa,Lácteos y huevos,Yogur Líquido con Fresa-Plátano 1000 Gr,"1,45 € / 1 Kg","1,45 €",CONSUM
Despensa,Lácteos y huevos,Yogur Líquido con Fresa-Plátano 1000 Gr,"1,45 € / 1 Kg","1,45 €",CONSUM
Despensa,Lácteos y huevos,Yogur Líquido con Fresa-Plátano 1000 Gr,"1,45 € / 1 Kg","1,45 €",CONSUM
Despensa,Lácteos y huevos,Yogur Líquido con Fresa-Plátano 1000 Gr,"1,45 € / 1 Kg","1,45 €",CONSUM
Despensa,Lácteos y huevos,Yogur Líquido con Fresa-Plátano 1000 Gr,"1,45 € / 1 Kg","1,45 €",CONSUM
Despensa,Lácteos y huevos,Yogur Líquido con Fresa-Plátano 1000 Gr,"1,45 € / 1 Kg","1,45 €",CONSUM
Despensa,Lácteos y huevos,Yogur Líquido con Fresa-Plátano 1000 Gr,"1,45 € / 1 Kg","1,45 €",CONSUM
Despensa,Lácteos y huevos,Yogur Líquido con Fresa-Plátano 1000 Gr,"1,45 € / 1 Kg","1,45 €",CONSUM
Despensa,Lácteos y huevos,Bebida Láctea 0%0% Proteína Sabor Vainilla 330 ml,"5,61 € / 1 L","1,85 €",CONSUM
Despensa,Lácteos y huevos,Bebida Láctea 0%0% Proteína Sabor Vainilla 330 ml,"5,61 € / 1 L","1,85 €",CONSUM
Despensa,Lácteos y huevos,Bebida Láctea 0%0% Proteína Sabor Vainilla 330 ml,"5,61 € / 1 L","1,85 €",CONSUM
Despensa,Lácteos y huevos,Bebida Láctea 0%0% Proteína Sabor Vainilla 330 ml,"5,61 € / 1 L","1,85 €",CONSUM
Despensa,Lácteos y huevos,Bebida Láctea 0%0% Proteína Sabor Vainilla 330 ml,"5,61 € / 1 L","1,85 €",CONSUM
Despensa,Lácteos y huevos,Bebida Láctea 0%0% Proteína Sabor Vainilla 330 ml,"5,61 € / 1 L","1,85 €",CONSUM
Despensa,Lácteos y huevos,Bebida Láctea 0%0% Proteína Sabor Vainilla 330 ml,"5,61 € / 1 L","1,85 €",CONSUM
Despensa,Lácteos y huevos,Bebida Láctea 0%0% Proteína Sabor Vainilla 330 ml,"5,61 € / 1 L","1,85 €",CONSUM
Despensa,Lácteos y huevos,Bebida Láctea 0%0% Proteína Sabor Vainilla 330 ml,"5,61 € / 1 L","1,85 €",CONSUM
Despensa,Lácteos y huevos,Bebida Láctea 0%0% Proteína Sabor Vainilla 330 ml,"5,61 € / 1 L","1,85 €",CONSUM
Despensa,Lácteos y huevos,Bebida Láctea 0%0% Proteína Sabor Vainilla 330 ml,"5,61 € / 1 L","1,85 €",CONSUM
Despensa,Lácteos y huevos,Bebida Láctea 0%0% Proteína Sabor Vainilla 330 ml,"5,61 € / 1 L","1,85 €",CONSUM
Despensa,Lácteos y huevos,Bebida Láctea 0%0% Proteína Sabor Vainilla 330 ml,"5,61 € / 1 L","1,85 €",CONSUM
Despensa,Lácteos y huevos,Bebida Láctea 0%0% Proteína Sabor Vainilla 330 ml,"5,61 € / 1 L","1,85 €",CONSUM
Despensa,Lácteos y huevos,Bebida Láctea 0%0% Proteína Sabor Vainilla 330 ml,"5,61 € / 1 L","1,85 €",CONSUM
Despensa,Lácteos y huevos,Bebida Láctea 0%0% Proteína Sabor Vainilla 330 ml,"5,61 € / 1 L","1,85 €",CONSUM
Despensa,Lácteos y huevos,Bebida Láctea 0%0% Proteína Sabor Vainilla 330 ml,"5,61 € / 1 L","1,85 €",CONSUM
Despensa,Lácteos y huevos,Bebida Láctea 0%0% Proteína Sabor Vainilla 330 ml,"5,61 € / 1 L","1,85 €",CONSUM
Despensa,Lácteos y huevos,Bebida Láctea 0%0% Proteína Sabor Vainilla 330 ml,"5,61 € / 1 L","1,85 €",CONSUM
Despensa,Lácteos y huevos,Bebida Láctea 0%0% Proteína Sabor Vainilla 330 ml,"5,61 € / 1 L","1,85 €",CONSUM
Despensa,Lácteos y huevos,Copa Cacao y Nata 4 x 115 Gr,"3,04 € / 1 Kg","1,40 €",CONSUM
Despensa,Lácteos y huevos,Copa Cacao y Nata 4 x 115 Gr,"3,04 € / 1 Kg","1,40 €",CONSUM
Despensa,Lácteos y huevos,Copa Cacao y Nata 4 x 115 Gr,"3,04 € / 1 Kg","1,40 €",CONSUM
Despensa,Lácteos y huevos,Copa Cacao y Nata 4 x 115 Gr,"3,04 € / 1 Kg","1,40 €",CONSUM
Despensa,Lácteos y huevos,Copa Cacao y Nata 4 x 115 Gr,"3,04 € / 1 Kg","1,40 €",CONSUM
Despensa,Cocina internacional,Tortillas de Trigo Paquete 8 Unidades 326 Gr,"6,42 € / 1 Kg","2,45 €
2,09 €",OLD EL PASO
Despensa,Cocina internacional,Tortillas de Trigo Paquete 8 Unidades 326 Gr,"6,42 € / 1 Kg","2,45 €
2,09 €",OLD EL PASO
Despensa,Cocina internacional,Tortillas de Trigo Paquete 8 Unidades 326 Gr,"6,42 € / 1 Kg","2,45 €
2,09 €",OLD EL PASO
Despensa,Cocina internacional,Tortillas de Trigo Paquete 8 Unidades 326 Gr,"6,42 € / 1 Kg","2,45 €
2,09 €",OLD EL PASO
Despensa,Cocina internacional,Tortillas de Trigo Paquete 8 Unidades 326 Gr,"6,42 € / 1 Kg","2,45 €
2,09 €",OLD EL PASO
Despensa,Cocina internacional,Tortillas de Trigo Paquete 8 Unidades 326 Gr,"6,42 € / 1 Kg","2,45 €
2,09 €",OLD EL PASO
Despensa,Cocina internacional,Tortillas de Trigo Paquete 8 Unidades 326 Gr,"6,42 € / 1 Kg","2,45 €
2,09 €",OLD EL PASO
Despensa,Cocina internacional,Tortillas de Trigo Paquete 8 Unidades 326 Gr,"6,42 € / 1 Kg","2,45 €
2,09 €",OLD EL PASO
Despensa,Cocina internacional,Tortillas de Trigo Paquete 8 Unidades 326 Gr,"6,42 € / 1 Kg","2,45 €
2,09 €",OLD EL PASO
Despensa,Cocina internacional,Tortillas de Trigo Paquete 8 Unidades 326 Gr,"6,42 € / 1 Kg","2,45 €
2,09 €",OLD EL PASO
Despensa,Cocina internacional,Tortillas de Trigo Paquete 8 Unidades 326 Gr,"6,42 € / 1 Kg","2,45 €
2,09 €",OLD EL PASO
Despensa,Cocina internacional,Tortillas de Trigo Paquete 8 Unidades 326 Gr,"6,42 € / 1 Kg","2,45 €
2,09 €",OLD EL PASO
Despensa,Cocina internacional,Tortillas de Trigo Paquete 8 Unidades 326 Gr,"6,42 € / 1 Kg","2,45 €
2,09 €",OLD EL PASO
Despensa,Cocina internacional,Tortillas de Trigo Paquete 8 Unidades 326 Gr,"6,42 € / 1 Kg","2,45 €
2,09 €",OLD EL PASO
Despensa,Cocina internacional,Tortillas de Trigo Paquete 8 Unidades 326 Gr,"6,42 € / 1 Kg","2,45 €
2,09 €",OLD EL PASO
Despensa,Cocina internacional,Tortillas de Trigo Paquete 8 Unidades 326 Gr,"6,42 € / 1 Kg","2,45 €
2,09 €",OLD EL PASO
Despensa,Cocina internacional,Tortillas de Trigo Paquete 8 Unidades 326 Gr,"6,42 € / 1 Kg","2,45 €
2,09 €",OLD EL PASO
Despensa,Cocina internacional,Tortillas de Trigo Paquete 8 Unidades 326 Gr,"6,42 € / 1 Kg","2,45 €
2,09 €",OLD EL PASO
Despensa,Cocina internacional,Tortillas de Trigo Paquete 8 Unidades 326 Gr,"6,42 € / 1 Kg","2,45 €
2,09 €",OLD EL PASO
Despensa,Cocina internacional,Tortillas de Trigo Integrales 6 Unidades 350 Gr,"9,69 € / 1 Kg","3,39 €",OLD EL PASO
Despensa,Cocina internacional,Tortillas de Trigo Integrales 6 Unidades 350 Gr,"9,69 € / 1 Kg","3,39 €",OLD EL PASO
Despensa,Cocina internacional,Tortillas de Trigo Integrales 6 Unidades 350 Gr,"9,69 € / 1 Kg","3,39 €",OLD EL PASO
Despensa,Cocina internacional,Tortillas de Trigo Integrales 6 Unidades 350 Gr,"9,69 € / 1 Kg","3,39 €",OLD EL PASO
Despensa,Cocina internacional,Tortillas de Trigo Integrales 6 Unidades 350 Gr,"9,69 € / 1 Kg","3,39 €",OLD EL PASO
Despensa,Cocina internacional,Tortillas de Trigo Integrales 6 Unidades 350 Gr,"9,69 € / 1 Kg","3,39 €",OLD EL PASO
Despensa,Cocina internacional,Tortillas de Trigo Integrales 6 Unidades 350 Gr,"9,69 € / 1 Kg","3,39 €",OLD EL PASO
Despensa,Cocina internacional,Tortillas de Trigo Integrales 6 Unidades 350 Gr,"9,69 € / 1 Kg","3,39 €",OLD EL PASO
Despensa,Cocina internacional,Tortillas de Trigo Integrales 6 Unidades 350 Gr,"9,69 € / 1 Kg","3,39 €",OLD EL PASO
Despensa,Cocina internacional,Tortillas de Trigo Integrales 6 Unidades 350 Gr,"9,69 € / 1 Kg","3,39 €",OLD EL PASO
Despensa,Cocina internacional,Tortillas de Trigo Integrales 6 Unidades 350 Gr,"9,69 € / 1 Kg","3,39 €",OLD EL PASO
Despensa,Cocina internacional,Tortillas de Trigo Integrales 6 Unidades 350 Gr,"9,69 € / 1 Kg","3,39 €",OLD EL PASO
Despensa,Cocina internacional,Tortillas de Trigo Integrales 6 Unidades 350 Gr,"9,69 € / 1 Kg","3,39 €",OLD EL PASO
Despensa,Cocina internacional,Tortillas de Trigo Integrales 6 Unidades 350 Gr,"9,69 € / 1 Kg","3,39 €",OLD EL PASO
Despensa,Cocina internacional,Tortillas de Trigo Integrales 6 Unidades 350 Gr,"9,69 € / 1 Kg","3,39 €",OLD EL PASO
Despensa,Cocina internacional,Tortillas de Trigo Integrales 6 Unidades 350 Gr,"9,69 € / 1 Kg","3,39 €",OLD EL PASO
Despensa,Cocina internacional,Tortillas de Trigo Integrales 6 Unidades 350 Gr,"9,69 € / 1 Kg","3,39 €",OLD EL PASO
Despensa,Cocina internacional,Tortillas de Trigo Integrales 6 Unidades 350 Gr,"9,69 € / 1 Kg","3,39 €",OLD EL PASO
Despensa,Cocina internacional,Tortillas de Trigo Integrales 6 Unidades 350 Gr,"9,69 € / 1 Kg","3,39 €",OLD EL PASO
Despensa,Cocina internacional,Tortillas de Trigo Integrales 6 Unidades 350 Gr,"9,69 € / 1 Kg","3,39 €",OLD EL PASO
Despensa,Cocina internacional,Arroz Sushi Paquete 500 Gr,"3,64 € / 1 Kg","1,82 €",TILDASUNDARI
Despensa,Cocina internacional,Arroz Sushi Paquete 500 Gr,"3,64 € / 1 Kg","1,82 €",TILDASUNDARI
Despensa,Cocina internacional,Arroz Sushi Paquete 500 Gr,"3,64 € / 1 Kg","1,82 €",TILDASUNDARI
Despensa,Cocina internacional,Arroz Sushi Paquete 500 Gr,"3,64 € / 1 Kg","1,82 €",TILDASUNDARI
Despensa,Cocina internacional,Arroz Sushi Paquete 500 Gr,"3,64 € / 1 Kg","1,82 €",TILDASUNDARI
Despensa,Cocina internacional,Arroz Sushi Paquete 500 Gr,"3,64 € / 1 Kg","1,82 €",TILDASUNDARI
Despensa,Cocina internacional,Arroz Sushi Paquete 500 Gr,"3,64 € / 1 Kg","1,82 €",TILDASUNDARI
Despensa,Cocina internacional,Arroz Sushi Paquete 500 Gr,"3,64 € / 1 Kg","1,82 €",TILDASUNDARI
Despensa,Cocina internacional,Arroz Sushi Paquete 500 Gr,"3,64 € / 1 Kg","1,82 €",TILDASUNDARI
Despensa,Cocina internacional,Arroz Sushi Paquete 500 Gr,"3,64 € / 1 Kg","1,82 €",TILDASUNDARI
Despensa,Cocina internacional,Arroz Sushi Paquete 500 Gr,"3,64 € / 1 Kg","1,82 €",TILDASUNDARI
Despensa,Cocina internacional,Arroz Sushi Paquete 500 Gr,"3,64 € / 1 Kg","1,82 €",TILDASUNDARI
Despensa,Cocina internacional,Arroz Sushi Paquete 500 Gr,"3,64 € / 1 Kg","1,82 €",TILDASUNDARI
Despensa,Cocina internacional,Arroz Sushi Paquete 500 Gr,"3,64 € / 1 Kg","1,82 €",TILDASUNDARI
Despensa,Cocina internacional,Arroz Sushi Paquete 500 Gr,"3,64 € / 1 Kg","1,82 €",TILDASUNDARI
Despensa,Cocina internacional,Arroz Sushi Paquete 500 Gr,"3,64 € / 1 Kg","1,82 €",TILDASUNDARI
Despensa,Cocina internacional,Arroz Sushi Paquete 500 Gr,"3,64 € / 1 Kg","1,82 €",TILDASUNDARI
Despensa,Cocina internacional,Arroz Sushi Paquete 500 Gr,"3,64 € / 1 Kg","1,82 €",TILDASUNDARI
Despensa,Cocina internacional,Arroz Sushi Paquete 500 Gr,"3,64 € / 1 Kg","1,82 €",TILDASUNDARI
Despensa,Cocina internacional,Arroz Sushi Paquete 500 Gr,"3,64 € / 1 Kg","1,82 €",TILDASUNDARI
Despensa,Cocina internacional,Tortillas de Maíz 10 Unidades 250 Gr,"7,96 € / 1 Kg","1,99 €",CONSUM
Despensa,Cocina internacional,Tortillas de Maíz 10 Unidades 250 Gr,"7,96 € / 1 Kg","1,99 €",CONSUM
Despensa,Cocina internacional,Tortillas de Maíz 10 Unidades 250 Gr,"7,96 € / 1 Kg","1,99 €",CONSUM
Despensa,Cocina internacional,Tortillas de Maíz 10 Unidades 250 Gr,"7,96 € / 1 Kg","1,99 €",CONSUM
Despensa,Cocina internacional,Tortillas de Maíz 10 Unidades 250 Gr,"7,96 € / 1 Kg","1,99 €",CONSUM
Despensa,Cocina internacional,Tortillas de Maíz 10 Unidades 250 Gr,"7,96 € / 1 Kg","1,99 €",CONSUM
Despensa,Cocina internacional,Tortillas de Maíz 10 Unidades 250 Gr,"7,96 € / 1 Kg","1,99 €",CONSUM
Despensa,Cocina internacional,Tortillas de Maíz 10 Unidades 250 Gr,"7,96 € / 1 Kg","1,99 €",CONSUM
Despensa,Cocina internacional,Tortillas de Maíz 10 Unidades 250 Gr,"7,96 € / 1 Kg","1,99 €",CONSUM
Despensa,Cocina internacional,Tortillas de Maíz 10 Unidades 250 Gr,"7,96 € / 1 Kg","1,99 €",CONSUM
Despensa,Cocina internacional,Tortillas de Maíz 10 Unidades 250 Gr,"7,96 € / 1 Kg","1,99 €",CONSUM
Despensa,Cocina internacional,Tortillas de Maíz 10 Unidades 250 Gr,"7,96 € / 1 Kg","1,99 €",CONSUM
Despensa,Cocina internacional,Tortillas de Maíz 10 Unidades 250 Gr,"7,96 € / 1 Kg","1,99 €",CONSUM
Despensa,Cocina internacional,Tortillas de Maíz 10 Unidades 250 Gr,"7,96 € / 1 Kg","1,99 €",CONSUM
Despensa,Cocina internacional,Tortillas de Maíz 10 Unidades 250 Gr,"7,96 € / 1 Kg","1,99 €",CONSUM
Despensa,Cocina internacional,Tortillas de Maíz 10 Unidades 250 Gr,"7,96 € / 1 Kg","1,99 €",CONSUM
Despensa,Cocina internacional,Tortillas de Maíz 10 Unidades 250 Gr,"7,96 € / 1 Kg","1,99 €",CONSUM
Despensa,Cocina internacional,Tortillas de Maíz 10 Unidades 250 Gr,"7,96 € / 1 Kg","1,99 €",CONSUM
Despensa,Cocina internacional,Tortillas de Maíz 10 Unidades 250 Gr,"7,96 € / 1 Kg","1,99 €",CONSUM
Despensa,Cocina internacional,Tortillas de Maíz 10 Unidades 250 Gr,"7,96 € / 1 Kg","1,99 €",CONSUM
Despensa,Cocina internacional,Fideos Yakisoba 250 Gr,"15,96 € / 1 Kg","3,99 €",TA-TUNG
Despensa,Cocina internacional,Fideos Yakisoba 250 Gr,"15,96 € / 1 Kg","3,99 €",TA-TUNG
Despensa,Cocina internacional,Fideos Yakisoba 250 Gr,"15,96 € / 1 Kg","3,99 €",TA-TUNG
Despensa,Cocina internacional,Fideos Yakisoba 250 Gr,"15,96 € / 1 Kg","3,99 €",TA-TUNG
Despensa,Cocina internacional,Fideos Yakisoba 250 Gr,"15,96 € / 1 Kg","3,99 €",TA-TUNG
Despensa,Nutrición y dietética,"Tortitas Arroz Sabor Yogur Paquete 130,4 Gr","14,19 € / 1 Kg","2,29 €
1,85 €",BICENTURY
Despensa,Nutrición y dietética,"Tortitas Arroz Sabor Yogur Paquete 130,4 Gr","14,19 € / 1 Kg","2,29 €
1,85 €",BICENTURY
Despensa,Nutrición y dietética,"Tortitas Arroz Sabor Yogur Paquete 130,4 Gr","14,19 € / 1 Kg","2,29 €
1,85 €",BICENTURY
Despensa,Nutrición y dietética,"Tortitas Arroz Sabor Yogur Paquete 130,4 Gr","14,19 € / 1 Kg","2,29 €
1,85 €",BICENTURY
Despensa,Nutrición y dietética,"Tortitas Arroz Sabor Yogur Paquete 130,4 Gr","14,19 € / 1 Kg","2,29 €
1,85 €",BICENTURY
Despensa,Nutrición y dietética,"Tortitas Arroz Sabor Yogur Paquete 130,4 Gr","14,19 € / 1 Kg","2,29 €
1,85 €",BICENTURY
Despensa,Nutrición y dietética,"Tortitas Arroz Sabor Yogur Paquete 130,4 Gr","14,19 € / 1 Kg","2,29 €
1,85 €",BICENTURY
Despensa,Nutrición y dietética,"Tortitas Arroz Sabor Yogur Paquete 130,4 Gr","14,19 € / 1 Kg","2,29 €
1,85 €",BICENTURY
Despensa,Nutrición y dietética,"Tortitas Arroz Sabor Yogur Paquete 130,4 Gr","14,19 € / 1 Kg","2,29 €
1,85 €",BICENTURY
Despensa,Nutrición y dietética,"Tortitas Arroz Sabor Yogur Paquete 130,4 Gr","14,19 € / 1 Kg","2,29 €
1,85 €",BICENTURY
Despensa,Nutrición y dietética,"Tortitas Arroz Sabor Yogur Paquete 130,4 Gr","14,19 € / 1 Kg","2,29 €
1,85 €",BICENTURY
Despensa,Nutrición y dietética,"Tortitas Arroz Sabor Yogur Paquete 130,4 Gr","14,19 € / 1 Kg","2,29 €
1,85 €",BICENTURY
Despensa,Nutrición y dietética,"Tortitas Arroz Sabor Yogur Paquete 130,4 Gr","14,19 € / 1 Kg","2,29 €
1,85 €",BICENTURY
Despensa,Nutrición y dietética,"Tortitas Arroz Sabor Yogur Paquete 130,4 Gr","14,19 € / 1 Kg","2,29 €
1,85 €",BICENTURY
Despensa,Nutrición y dietética,"Tortitas Arroz Sabor Yogur Paquete 130,4 Gr","14,19 € / 1 Kg","2,29 €
1,85 €",BICENTURY
Despensa,Nutrición y dietética,"Tortitas Arroz Sabor Yogur Paquete 130,4 Gr","14,19 € / 1 Kg","2,29 €
1,85 €",BICENTURY
Despensa,Nutrición y dietética,"Tortitas Arroz Sabor Yogur Paquete 130,4 Gr","14,19 € / 1 Kg","2,29 €
1,85 €",BICENTURY
Despensa,Nutrición y dietética,"Tortitas Arroz Sabor Yogur Paquete 130,4 Gr","14,19 € / 1 Kg","2,29 €
1,85 €",BICENTURY
Despensa,Nutrición y dietética,"Tortitas Arroz Sabor Yogur Paquete 130,4 Gr","14,19 € / 1 Kg","2,29 €
1,85 €",BICENTURY
Despensa,Nutrición y dietética,"Tortitas Arroz Sabor Yogur Paquete 130,4 Gr","14,19 € / 1 Kg","2,29 €
1,85 €",BICENTURY
Despensa,Nutrición y dietética,"Tortita Maíz Jordi Cruz Seta, Trufa y Queso 123,5 Gr","18,54 € / 1 Kg","2,29 €",BICENTURY
Despensa,Nutrición y dietética,"Tortita Maíz Jordi Cruz Seta, Trufa y Queso 123,5 Gr","18,54 € / 1 Kg","2,29 €",BICENTURY
Despensa,Nutrición y dietética,"Tortita Maíz Jordi Cruz Seta, Trufa y Queso 123,5 Gr","18,54 € / 1 Kg","2,29 €",BICENTURY
Despensa,Nutrición y dietética,"Tortita Maíz Jordi Cruz Seta, Trufa y Queso 123,5 Gr","18,54 € / 1 Kg","2,29 €",BICENTURY
Despensa,Nutrición y dietética,"Tortita Maíz Jordi Cruz Seta, Trufa y Queso 123,5 Gr","18,54 € / 1 Kg","2,29 €",BICENTURY
Despensa,Nutrición y dietética,"Tortita Maíz Jordi Cruz Seta, Trufa y Queso 123,5 Gr","18,54 € / 1 Kg","2,29 €",BICENTURY
Despensa,Nutrición y dietética,"Tortita Maíz Jordi Cruz Seta, Trufa y Queso 123,5 Gr","18,54 € / 1 Kg","2,29 €",BICENTURY
Despensa,Nutrición y dietética,"Tortita Maíz Jordi Cruz Seta, Trufa y Queso 123,5 Gr","18,54 € / 1 Kg","2,29 €",BICENTURY
Despensa,Nutrición y dietética,"Tortita Maíz Jordi Cruz Seta, Trufa y Queso 123,5 Gr","18,54 € / 1 Kg","2,29 €",BICENTURY
Despensa,Nutrición y dietética,"Tortita Maíz Jordi Cruz Seta, Trufa y Queso 123,5 Gr","18,54 € / 1 Kg","2,29 €",BICENTURY
Despensa,Nutrición y dietética,"Tortita Maíz Jordi Cruz Seta, Trufa y Queso 123,5 Gr","18,54 € / 1 Kg","2,29 €",BICENTURY
Despensa,Nutrición y dietética,"Tortita Maíz Jordi Cruz Seta, Trufa y Queso 123,5 Gr","18,54 € / 1 Kg","2,29 €",BICENTURY
Despensa,Nutrición y dietética,"Tortita Maíz Jordi Cruz Seta, Trufa y Queso 123,5 Gr","18,54 € / 1 Kg","2,29 €",BICENTURY
Despensa,Nutrición y dietética,"Tortita Maíz Jordi Cruz Seta, Trufa y Queso 123,5 Gr","18,54 € / 1 Kg","2,29 €",BICENTURY
Despensa,Nutrición y dietética,"Tortita Maíz Jordi Cruz Seta, Trufa y Queso 123,5 Gr","18,54 € / 1 Kg","2,29 €",BICENTURY
Despensa,Nutrición y dietética,"Tortita Maíz Jordi Cruz Seta, Trufa y Queso 123,5 Gr","18,54 € / 1 Kg","2,29 €",BICENTURY
Despensa,Nutrición y dietética,"Tortita Maíz Jordi Cruz Seta, Trufa y Queso 123,5 Gr","18,54 € / 1 Kg","2,29 €",BICENTURY
Despensa,Nutrición y dietética,"Tortita Maíz Jordi Cruz Seta, Trufa y Queso 123,5 Gr","18,54 € / 1 Kg","2,29 €",BICENTURY
Despensa,Nutrición y dietética,"Tortita Maíz Jordi Cruz Seta, Trufa y Queso 123,5 Gr","18,54 € / 1 Kg","2,29 €",BICENTURY
Despensa,Nutrición y dietética,"Tortita Maíz Jordi Cruz Seta, Trufa y Queso 123,5 Gr","18,54 € / 1 Kg","2,29 €",BICENTURY
Despensa,Nutrición y dietética,"Tortita Sabor Miel y Mostaza 123,5 Gr","18,54 € / 1 Kg","2,29 €",BICENTURY
Despensa,Nutrición y dietética,"Tortita Sabor Miel y Mostaza 123,5 Gr","18,54 € / 1 Kg","2,29 €",BICENTURY
Despensa,Nutrición y dietética,"Tortita Sabor Miel y Mostaza 123,5 Gr","18,54 € / 1 Kg","2,29 €",BICENTURY
Despensa,Nutrición y dietética,"Tortita Sabor Miel y Mostaza 123,5 Gr","18,54 € / 1 Kg","2,29 €",BICENTURY
Despensa,Nutrición y dietética,"Tortita Sabor Miel y Mostaza 123,5 Gr","18,54 € / 1 Kg","2,29 €",BICENTURY
Despensa,Nutrición y dietética,"Tortita Sabor Miel y Mostaza 123,5 Gr","18,54 € / 1 Kg","2,29 €",BICENTURY
Despensa,Nutrición y dietética,"Tortita Sabor Miel y Mostaza 123,5 Gr","18,54 € / 1 Kg","2,29 €",BICENTURY
Despensa,Nutrición y dietética,"Tortita Sabor Miel y Mostaza 123,5 Gr","18,54 € / 1 Kg","2,29 €",BICENTURY
Despensa,Nutrición y dietética,"Tortita Sabor Miel y Mostaza 123,5 Gr","18,54 € / 1 Kg","2,29 €",BICENTURY
Despensa,Nutrición y dietética,"Tortita Sabor Miel y Mostaza 123,5 Gr","18,54 € / 1 Kg","2,29 €",BICENTURY
Despensa,Nutrición y dietética,"Tortita Sabor Miel y Mostaza 123,5 Gr","18,54 € / 1 Kg","2,29 €",BICENTURY
Despensa,Nutrición y dietética,"Tortita Sabor Miel y Mostaza 123,5 Gr","18,54 € / 1 Kg","2,29 €",BICENTURY
Despensa,Nutrición y dietética,"Tortita Sabor Miel y Mostaza 123,5 Gr","18,54 € / 1 Kg","2,29 €",BICENTURY
Despensa,Nutrición y dietética,"Tortita Sabor Miel y Mostaza 123,5 Gr","18,54 € / 1 Kg","2,29 €",BICENTURY
Despensa,Nutrición y dietética,"Tortita Sabor Miel y Mostaza 123,5 Gr","18,54 € / 1 Kg","2,29 €",BICENTURY
Despensa,Nutrición y dietética,"Tortita Sabor Miel y Mostaza 123,5 Gr","18,54 € / 1 Kg","2,29 €",BICENTURY
Despensa,Nutrición y dietética,"Tortita Sabor Miel y Mostaza 123,5 Gr","18,54 € / 1 Kg","2,29 €",BICENTURY
Despensa,Nutrición y dietética,"Tortita Sabor Miel y Mostaza 123,5 Gr","18,54 € / 1 Kg","2,29 €",BICENTURY
Despensa,Nutrición y dietética,"Tortita Sabor Miel y Mostaza 123,5 Gr","18,54 € / 1 Kg","2,29 €",BICENTURY
Despensa,Nutrición y dietética,"Tortita Sabor Miel y Mostaza 123,5 Gr","18,54 € / 1 Kg","2,29 €",BICENTURY
Despensa,Nutrición y dietética,Semilla Chía Ecológica 250 Gr,"8,80 € / 1 Kg","2,20 €",CONSUM ECO
Despensa,Nutrición y dietética,Semilla Chía Ecológica 250 Gr,"8,80 € / 1 Kg","2,20 €",CONSUM ECO
Despensa,Nutrición y dietética,Semilla Chía Ecológica 250 Gr,"8,80 € / 1 Kg","2,20 €",CONSUM ECO
Despensa,Nutrición y dietética,Semilla Chía Ecológica 250 Gr,"8,80 € / 1 Kg","2,20 €",CONSUM ECO
Despensa,Nutrición y dietética,Semilla Chía Ecológica 250 Gr,"8,80 € / 1 Kg","2,20 €",CONSUM ECO
Despensa,Nutrición y dietética,Semilla Chía Ecológica 250 Gr,"8,80 € / 1 Kg","2,20 €",CONSUM ECO
Despensa,Nutrición y dietética,Semilla Chía Ecológica 250 Gr,"8,80 € / 1 Kg","2,20 €",CONSUM ECO
Despensa,Nutrición y dietética,Semilla Chía Ecológica 250 Gr,"8,80 € / 1 Kg","2,20 €",CONSUM ECO
Despensa,Nutrición y dietética,Semilla Chía Ecológica 250 Gr,"8,80 € / 1 Kg","2,20 €",CONSUM ECO
Despensa,Nutrición y dietética,Semilla Chía Ecológica 250 Gr,"8,80 € / 1 Kg","2,20 €",CONSUM ECO
Despensa,Nutrición y dietética,Semilla Chía Ecológica 250 Gr,"8,80 € / 1 Kg","2,20 €",CONSUM ECO
Despensa,Nutrición y dietética,Semilla Chía Ecológica 250 Gr,"8,80 € / 1 Kg","2,20 €",CONSUM ECO
Despensa,Nutrición y dietética,Semilla Chía Ecológica 250 Gr,"8,80 € / 1 Kg","2,20 €",CONSUM ECO
Despensa,Nutrición y dietética,Semilla Chía Ecológica 250 Gr,"8,80 € / 1 Kg","2,20 €",CONSUM ECO
Despensa,Nutrición y dietética,Semilla Chía Ecológica 250 Gr,"8,80 € / 1 Kg","2,20 €",CONSUM ECO
Despensa,Nutrición y dietética,Semilla Chía Ecológica 250 Gr,"8,80 € / 1 Kg","2,20 €",CONSUM ECO
Despensa,Nutrición y dietética,Semilla Chía Ecológica 250 Gr,"8,80 € / 1 Kg","2,20 €",CONSUM ECO
Despensa,Nutrición y dietética,Semilla Chía Ecológica 250 Gr,"8,80 € / 1 Kg","2,20 €",CONSUM ECO
Despensa,Nutrición y dietética,Semilla Chía Ecológica 250 Gr,"8,80 € / 1 Kg","2,20 €",CONSUM ECO
Despensa,Nutrición y dietética,Semilla Chía Ecológica 250 Gr,"8,80 € / 1 Kg","2,20 €",CONSUM ECO
Despensa,Nutrición y dietética,Flan de Clara de Huevo Rico en Proteínas 0%0% 2 x 160 Gr,"6,53 € / 1 Kg","2,09 €",REINA
Despensa,Nutrición y dietética,Flan de Clara de Huevo Rico en Proteínas 0%0% 2 x 160 Gr,"6,53 € / 1 Kg","2,09 €",REINA
Despensa,Nutrición y dietética,Flan de Clara de Huevo Rico en Proteínas 0%0% 2 x 160 Gr,"6,53 € / 1 Kg","2,09 €",REINA
Bebidas,Aguas,"Agua Mineral Natural. Botella 1,5 L","0,39 € / 1 L","0,59 €",LANJARON
Bebidas,Aguas,"Agua Mineral Natural. Botella 1,5 L","0,39 € / 1 L","0,59 €",LANJARON
Bebidas,Aguas,"Agua Mineral Natural. Botella 1,5 L","0,39 € / 1 L","0,59 €",LANJARON
Bebidas,Aguas,"Agua Mineral Natural. Botella 1,5 L","0,39 € / 1 L","0,59 €",LANJARON
Bebidas,Aguas,"Agua Mineral Natural. Botella 1,5 L","0,39 € / 1 L","0,59 €",LANJARON
Bebidas,Aguas,"Agua Mineral Natural. Botella 1,5 L","0,39 € / 1 L","0,59 €",LANJARON
Bebidas,Aguas,"Agua Mineral Natural. Botella 1,5 L","0,39 € / 1 L","0,59 €",LANJARON
Bebidas,Aguas,"Agua Mineral Natural. Botella 1,5 L","0,39 € / 1 L","0,59 €",LANJARON
Bebidas,Aguas,"Agua Mineral Natural. Botella 1,5 L","0,39 € / 1 L","0,59 €",LANJARON
Bebidas,Aguas,"Agua Mineral Natural. Botella 1,5 L","0,39 € / 1 L","0,59 €",LANJARON
Bebidas,Aguas,"Agua Mineral Natural. Botella 1,5 L","0,39 € / 1 L","0,59 €",LANJARON
Bebidas,Aguas,"Agua Mineral Natural. Botella 1,5 L","0,39 € / 1 L","0,59 €",LANJARON
Bebidas,Aguas,"Agua Mineral Natural. Botella 1,5 L","0,39 € / 1 L","0,59 €",LANJARON
Bebidas,Aguas,"Agua Mineral Natural. Botella 1,5 L","0,39 € / 1 L","0,59 €",LANJARON
Bebidas,Aguas,"Agua Mineral Natural. Botella 1,5 L","0,39 € / 1 L","0,59 €",LANJARON
Bebidas,Aguas,"Agua Mineral Natural. Botella 1,5 L","0,39 € / 1 L","0,59 €",LANJARON
Bebidas,Aguas,"Agua Mineral Natural. Botella 1,5 L","0,39 € / 1 L","0,59 €",LANJARON
Bebidas,Aguas,"Agua Mineral Natural. Botella 1,5 L","0,39 € / 1 L","0,59 €",LANJARON
Bebidas,Aguas,"Agua Mineral Natural. Botella 1,5 L","0,39 € / 1 L","0,59 €",LANJARON
Bebidas,Aguas,"Agua Mineral Natural. Botella 1,5 L","0,39 € / 1 L","0,59 €",LANJARON
Bebidas,Aguas,"Agua Mineral Natural. Botella 1,5 L","0,39 € / 1 L","0,59 €",AQUABONA
Bebidas,Aguas,"Agua Mineral Natural. Botella 1,5 L","0,39 € / 1 L","0,59 €",AQUABONA
Bebidas,Aguas,"Agua Mineral Natural. Botella 1,5 L","0,39 € / 1 L","0,59 €",AQUABONA
Bebidas,Aguas,"Agua Mineral Natural. Botella 1,5 L","0,39 € / 1 L","0,59 €",AQUABONA
Bebidas,Aguas,"Agua Mineral Natural. Botella 1,5 L","0,39 € / 1 L","0,59 €",AQUABONA
Bebidas,Aguas,"Agua Mineral Natural. Botella 1,5 L","0,39 € / 1 L","0,59 €",AQUABONA
Bebidas,Aguas,"Agua Mineral Natural. Botella 1,5 L","0,39 € / 1 L","0,59 €",AQUABONA
Bebidas,Aguas,"Agua Mineral Natural. Botella 1,5 L","0,39 € / 1 L","0,59 €",AQUABONA
Bebidas,Aguas,"Agua Mineral Natural. Botella 1,5 L","0,39 € / 1 L","0,59 €",AQUABONA
Bebidas,Aguas,"Agua Mineral Natural. Botella 1,5 L","0,39 € / 1 L","0,59 €",AQUABONA
Bebidas,Aguas,"Agua Mineral Natural. Botella 1,5 L","0,39 € / 1 L","0,59 €",AQUABONA
Bebidas,Aguas,"Agua Mineral Natural. Botella 1,5 L","0,39 € / 1 L","0,59 €",AQUABONA
Bebidas,Aguas,"Agua Mineral Natural. Botella 1,5 L","0,39 € / 1 L","0,59 €",AQUABONA
Bebidas,Aguas,"Agua Mineral Natural. Botella 1,5 L","0,39 € / 1 L","0,59 €",AQUABONA
Bebidas,Aguas,"Agua Mineral Natural. Botella 1,5 L","0,39 € / 1 L","0,59 €",AQUABONA
Bebidas,Aguas,"Agua Mineral Natural. Botella 1,5 L","0,39 € / 1 L","0,59 €",AQUABONA
Bebidas,Aguas,"Agua Mineral Natural. Botella 1,5 L","0,39 € / 1 L","0,59 €",AQUABONA
Bebidas,Aguas,"Agua Mineral Natural. Botella 1,5 L","0,39 € / 1 L","0,59 €",AQUABONA
Bebidas,Aguas,"Agua Mineral Natural. Botella 1,5 L","0,39 € / 1 L","0,59 €",AQUABONA
Bebidas,Aguas,"Agua Mineral Natural. Botella 1,5 L","0,39 € / 1 L","0,59 €",AQUABONA
Bebidas,Aguas,"Refresco Agua con Gas Limón Botella 0,5 L","2,00 € / 1 L","1,00 €",M. PERRIER
Bebidas,Aguas,"Refresco Agua con Gas Limón Botella 0,5 L","2,00 € / 1 L","1,00 €",M. PERRIER
Bebidas,Aguas,"Refresco Agua con Gas Limón Botella 0,5 L","2,00 € / 1 L","1,00 €",M. PERRIER
Bebidas,Aguas,"Refresco Agua con Gas Limón Botella 0,5 L","2,00 € / 1 L","1,00 €",M. PERRIER
Bebidas,Aguas,"Refresco Agua con Gas Limón Botella 0,5 L","2,00 € / 1 L","1,00 €",M. PERRIER
Bebidas,Aguas,"Refresco Agua con Gas Limón Botella 0,5 L","2,00 € / 1 L","1,00 €",M. PERRIER
Bebidas,Aguas,"Refresco Agua con Gas Limón Botella 0,5 L","2,00 € / 1 L","1,00 €",M. PERRIER
Bebidas,Aguas,"Refresco Agua con Gas Limón Botella 0,5 L","2,00 € / 1 L","1,00 €",M. PERRIER
Bebidas,Aguas,"Refresco Agua con Gas Limón Botella 0,5 L","2,00 € / 1 L","1,00 €",M. PERRIER
Bebidas,Aguas,"Refresco Agua con Gas Limón Botella 0,5 L","2,00 € / 1 L","1,00 €",M. PERRIER
Bebidas,Aguas,"Refresco Agua con Gas Limón Botella 0,5 L","2,00 € / 1 L","1,00 €",M. PERRIER
Bebidas,Aguas,"Refresco Agua con Gas Limón Botella 0,5 L","2,00 € / 1 L","1,00 €",M. PERRIER
Bebidas,Aguas,"Refresco Agua con Gas Limón Botella 0,5 L","2,00 € / 1 L","1,00 €",M. PERRIER
Bebidas,Cavas y sidras,"Cava Brut Nature D.O.Cava 0,75 L","8,65 € / 1 L","7,59 €
6,49 €",DOM.THARSYS
Bebidas,Cavas y sidras,"Cava Brut Nature D.O.Cava 0,75 L","8,65 € / 1 L","7,59 €
6,49 €",DOM.THARSYS
Bebidas,Cavas y sidras,"Cava Brut Nature D.O.Cava 0,75 L","8,65 € / 1 L","7,59 €
6,49 €",DOM.THARSYS
Bebidas,Cavas y sidras,"Cava Brut Nature D.O.Cava 0,75 L","8,65 € / 1 L","7,59 €
6,49 €",DOM.THARSYS
Bebidas,Cavas y sidras,"Cava Brut Nature D.O.Cava 0,75 L","8,65 € / 1 L","7,59 €
6,49 €",DOM.THARSYS
Bebidas,Cavas y sidras,"Cava Brut Nature D.O.Cava 0,75 L","8,65 € / 1 L","7,59 €
6,49 €",DOM.THARSYS
Bebidas,Cavas y sidras,"Cava Brut Nature D.O.Cava 0,75 L","8,65 € / 1 L","7,59 €
6,49 €",DOM.THARSYS
Bebidas,Cavas y sidras,"Cava Brut Nature D.O.Cava 0,75 L","8,65 € / 1 L","7,59 €
6,49 €",DOM.THARSYS
Bebidas,Cavas y sidras,"Cava Brut Nature D.O.Cava 0,75 L","8,65 € / 1 L","7,59 €
6,49 €",DOM.THARSYS
Bebidas,Cavas y sidras,"Cava Brut Nature D.O.Cava 0,75 L","8,65 € / 1 L","7,59 €
6,49 €",DOM.THARSYS
Bebidas,Cavas y sidras,"Cava Brut Nature D.O.Cava 0,75 L","8,65 € / 1 L","7,59 €
6,49 €",DOM.THARSYS
Bebidas,Cavas y sidras,"Cava Brut Nature D.O.Cava 0,75 L","8,65 € / 1 L","7,59 €
6,49 €",DOM.THARSYS
Bebidas,Cavas y sidras,"Cava Brut Nature D.O.Cava 0,75 L","8,65 € / 1 L","7,59 €
6,49 €",DOM.THARSYS
Bebidas,Cavas y sidras,"Cava Brut Nature D.O.Cava 0,75 L","8,65 € / 1 L","7,59 €
6,49 €",DOM.THARSYS
Bebidas,Cavas y sidras,"Cava Brut Nature D.O.Cava 0,75 L","8,65 € / 1 L","7,59 €
6,49 €",DOM.THARSYS
Bebidas,Cavas y sidras,"Cava Brut Nature D.O.Cava 0,75 L","8,65 € / 1 L","7,59 €
6,49 €",DOM.THARSYS
Bebidas,Cavas y sidras,"Cava Brut Nature D.O.Cava 0,75 L","8,65 € / 1 L","7,59 €
6,49 €",DOM.THARSYS
Bebidas,Cavas y sidras,"Cava Brut Nature D.O.Cava 0,75 L","8,65 € / 1 L","7,59 €
6,49 €",DOM.THARSYS
Bebidas,Cavas y sidras,"Cava Brut Nature D.O.Cava 0,75 L","8,65 € / 1 L","7,59 €
6,49 €",DOM.THARSYS
Bebidas,Cavas y sidras,"Cava Brut Nature D.O.Cava 0,75 L","8,65 € / 1 L","7,59 €
6,49 €",DOM.THARSYS
Bebidas,Cavas y sidras,"Moscatel Espumoso 0,75 L","5,93 € / 1 L","4,45 €",REYMOS
Bebidas,Cavas y sidras,"Moscatel Espumoso 0,75 L","5,93 € / 1 L","4,45 €",REYMOS
Bebidas,Cavas y sidras,"Moscatel Espumoso 0,75 L","5,93 € / 1 L","4,45 €",REYMOS
Bebidas,Cavas y sidras,"Moscatel Espumoso 0,75 L","5,93 € / 1 L","4,45 €",REYMOS
Bebidas,Cavas y sidras,"Moscatel Espumoso 0,75 L","5,93 € / 1 L","4,45 €",REYMOS
Bebidas,Cavas y sidras,"Moscatel Espumoso 0,75 L","5,93 € / 1 L","4,45 €",REYMOS
Bebidas,Cavas y sidras,"Moscatel Espumoso 0,75 L","5,93 € / 1 L","4,45 €",REYMOS
Bebidas,Cavas y sidras,"Moscatel Espumoso 0,75 L","5,93 € / 1 L","4,45 €",REYMOS
Bebidas,Cavas y sidras,"Moscatel Espumoso 0,75 L","5,93 € / 1 L","4,45 €",REYMOS
Bebidas,Cavas y sidras,"Moscatel Espumoso 0,75 L","5,93 € / 1 L","4,45 €",REYMOS
Bebidas,Cavas y sidras,"Moscatel Espumoso 0,75 L","5,93 € / 1 L","4,45 €",REYMOS
Bebidas,Cavas y sidras,"Moscatel Espumoso 0,75 L","5,93 € / 1 L","4,45 €",REYMOS
Bebidas,Cavas y sidras,"Moscatel Espumoso 0,75 L","5,93 € / 1 L","4,45 €",REYMOS
Bebidas,Cavas y sidras,"Moscatel Espumoso 0,75 L","5,93 € / 1 L","4,45 €",REYMOS
Bebidas,Cavas y sidras,"Moscatel Espumoso 0,75 L","5,93 € / 1 L","4,45 €",REYMOS
Bebidas,Cavas y sidras,"Moscatel Espumoso 0,75 L","5,93 € / 1 L","4,45 €",REYMOS
Bebidas,Cavas y sidras,"Moscatel Espumoso 0,75 L","5,93 € / 1 L","4,45 €",REYMOS
Bebidas,Cavas y sidras,"Moscatel Espumoso 0,75 L","5,93 € / 1 L","4,45 €",REYMOS
Bebidas,Cavas y sidras,"Moscatel Espumoso 0,75 L","5,93 € / 1 L","4,45 €",REYMOS
Bebidas,Cavas y sidras,"Moscatel Espumoso 0,75 L","5,93 € / 1 L","4,45 €",REYMOS
Bebidas,Cavas y sidras,"Sidra Natural 0,7 L","2,79 € / 1 L","1,95 €",M.BUSTO
Bebidas,Cavas y sidras,"Sidra Natural 0,7 L","2,79 € / 1 L","1,95 €",M.BUSTO
Bebidas,Cavas y sidras,"Sidra Natural 0,7 L","2,79 € / 1 L","1,95 €",M.BUSTO
Bebidas,Cavas y sidras,"Sidra Natural 0,7 L","2,79 € / 1 L","1,95 €",M.BUSTO
Bebidas,Cavas y sidras,"Sidra Natural 0,7 L","2,79 € / 1 L","1,95 €",M.BUSTO
Bebidas,Cavas y sidras,"Sidra Natural 0,7 L","2,79 € / 1 L","1,95 €",M.BUSTO
Bebidas,Cavas y sidras,"Sidra Natural 0,7 L","2,79 € / 1 L","1,95 €",M.BUSTO
Bebidas,Cavas y sidras,"Sidra Natural 0,7 L","2,79 € / 1 L","1,95 €",M.BUSTO
Bebidas,Cavas y sidras,"Sidra Natural 0,7 L","2,79 € / 1 L","1,95 €",M.BUSTO
Bebidas,Cavas y sidras,"Sidra Natural 0,7 L","2,79 € / 1 L","1,95 €",M.BUSTO
Bebidas,Cavas y sidras,"Sidra Natural 0,7 L","2,79 € / 1 L","1,95 €",M.BUSTO
Bebidas,Cavas y sidras,"Sidra Natural 0,7 L","2,79 € / 1 L","1,95 €",M.BUSTO
Bebidas,Cavas y sidras,"Sidra Natural 0,7 L","2,79 € / 1 L","1,95 €",M.BUSTO
Bebidas,Cavas y sidras,"Sidra Natural 0,7 L","2,79 € / 1 L","1,95 €",M.BUSTO
Bebidas,Cavas y sidras,"Sidra Natural 0,7 L","2,79 € / 1 L","1,95 €",M.BUSTO
Bebidas,Cervezas,"Cerveza Botella Cristal Pack de 12 12 x 0,25 L","2,13 € / 1 L","6,39 €",SAN MIGUEL
Bebidas,Cervezas,"Cerveza Botella Cristal Pack de 12 12 x 0,25 L","2,13 € / 1 L","6,39 €",SAN MIGUEL
Bebidas,Cervezas,"Cerveza Botella Cristal Pack de 12 12 x 0,25 L","2,13 € / 1 L","6,39 €",SAN MIGUEL
Bebidas,Cervezas,"Cerveza Botella Cristal Pack de 12 12 x 0,25 L","2,13 € / 1 L","6,39 €",SAN MIGUEL
Bebidas,Cervezas,"Cerveza Botella Cristal Pack de 12 12 x 0,25 L","2,13 € / 1 L","6,39 €",SAN MIGUEL
Bebidas,Cervezas,"Cerveza Botella Cristal Pack de 12 12 x 0,25 L","2,13 € / 1 L","6,39 €",SAN MIGUEL
Bebidas,Cervezas,"Cerveza Botella Cristal Pack de 12 12 x 0,25 L","2,13 € / 1 L","6,39 €",SAN MIGUEL
Bebidas,Cervezas,"Cerveza Botella Cristal Pack de 12 12 x 0,25 L","2,13 € / 1 L","6,39 €",SAN MIGUEL
Bebidas,Cervezas,"Cerveza Botella Cristal Pack de 12 12 x 0,25 L","2,13 € / 1 L","6,39 €",SAN MIGUEL
Bebidas,Cervezas,"Cerveza Botella Cristal Pack de 12 12 x 0,25 L","2,13 € / 1 L","6,39 €",SAN MIGUEL
Bebidas,Cervezas,"Cerveza Botella Cristal Pack de 12 12 x 0,25 L","2,13 € / 1 L","6,39 €",SAN MIGUEL
Bebidas,Cervezas,"Cerveza Botella Cristal Pack de 12 12 x 0,25 L","2,13 € / 1 L","6,39 €",SAN MIGUEL
Bebidas,Cervezas,"Cerveza Botella Cristal Pack de 12 12 x 0,25 L","2,13 € / 1 L","6,39 €",SAN MIGUEL
Bebidas,Cervezas,"Cerveza Botella Cristal Pack de 12 12 x 0,25 L","2,13 € / 1 L","6,39 €",SAN MIGUEL
Bebidas,Cervezas,"Cerveza Botella Cristal Pack de 12 12 x 0,25 L","2,13 € / 1 L","6,39 €",SAN MIGUEL
Bebidas,Cervezas,"Cerveza Botella Cristal Pack de 12 12 x 0,25 L","2,13 € / 1 L","6,39 €",SAN MIGUEL
Bebidas,Cervezas,"Cerveza Botella Cristal Pack de 12 12 x 0,25 L","2,13 € / 1 L","6,39 €",SAN MIGUEL
Bebidas,Cervezas,"Cerveza Botella Cristal Pack de 12 12 x 0,25 L","2,13 € / 1 L","6,39 €",SAN MIGUEL
Bebidas,Cervezas,"Cerveza Botella Cristal Pack de 12 12 x 0,25 L","2,13 € / 1 L","6,39 €",SAN MIGUEL
Bebidas,Cervezas,"Cerveza Botella Cristal Pack de 12 12 x 0,25 L","2,13 € / 1 L","6,39 €",SAN MIGUEL
Bebidas,Cervezas,Cerveza Lata 330 ml,"1,79 € / 1 L","0,59 €",AMSTEL
Bebidas,Cervezas,Cerveza Lata 330 ml,"1,79 € / 1 L","0,59 €",AMSTEL
Bebidas,Cervezas,Cerveza Lata 330 ml,"1,79 € / 1 L","0,59 €",AMSTEL
Bebidas,Cervezas,Cerveza Lata 330 ml,"1,79 € / 1 L","0,59 €",AMSTEL
Bebidas,Cervezas,Cerveza Lata 330 ml,"1,79 € / 1 L","0,59 €",AMSTEL
Bebidas,Cervezas,Cerveza Lata 330 ml,"1,79 € / 1 L","0,59 €",AMSTEL
Bebidas,Cervezas,Cerveza Lata 330 ml,"1,79 € / 1 L","0,59 €",AMSTEL
Bebidas,Cervezas,Cerveza Lata 330 ml,"1,79 € / 1 L","0,59 €",AMSTEL
Bebidas,Cervezas,Cerveza Lata 330 ml,"1,79 € / 1 L","0,59 €",AMSTEL
Bebidas,Cervezas,Cerveza Lata 330 ml,"1,79 € / 1 L","0,59 €",AMSTEL
Bebidas,Cervezas,Cerveza Lata 330 ml,"1,79 € / 1 L","0,59 €",AMSTEL
Bebidas,Cervezas,Cerveza Lata 330 ml,"1,79 € / 1 L","0,59 €",AMSTEL
Bebidas,Cervezas,Cerveza Lata 330 ml,"1,79 € / 1 L","0,59 €",AMSTEL
Bebidas,Cervezas,Cerveza Lata 330 ml,"1,79 € / 1 L","0,59 €",AMSTEL
Bebidas,Cervezas,Cerveza Lata 330 ml,"1,79 € / 1 L","0,59 €",AMSTEL
Bebidas,Cervezas,Cerveza Lata 330 ml,"1,79 € / 1 L","0,59 €",AMSTEL
Bebidas,Cervezas,Cerveza Lata 330 ml,"1,79 € / 1 L","0,59 €",AMSTEL
Bebidas,Cervezas,Cerveza Lata 330 ml,"1,79 € / 1 L","0,59 €",AMSTEL
Bebidas,Cervezas,Cerveza Lata 330 ml,"1,79 € / 1 L","0,59 €",AMSTEL
Bebidas,Cervezas,Cerveza Lata 330 ml,"1,79 € / 1 L","0,59 €",AMSTEL
Bebidas,Cervezas,"Cerveza Lata. 0,33 L","2,58 € / 1 L","0,85 €",EST.DAMM
Bebidas,Cervezas,"Cerveza Lata. 0,33 L","2,58 € / 1 L","0,85 €",EST.DAMM
Bebidas,Cervezas,"Cerveza Lata. 0,33 L","2,58 € / 1 L","0,85 €",EST.DAMM
Bebidas,Cervezas,"Cerveza Lata. 0,33 L","2,58 € / 1 L","0,85 €",EST.DAMM
Bebidas,Cervezas,"Cerveza Lata. 0,33 L","2,58 € / 1 L","0,85 €",EST.DAMM
Bebidas,Cervezas,"Cerveza Lata. 0,33 L","2,58 € / 1 L","0,85 €",EST.DAMM
Bebidas,Cervezas,"Cerveza Lata. 0,33 L","2,58 € / 1 L","0,85 €",EST.DAMM
Bebidas,Cervezas,"Cerveza Lata. 0,33 L","2,58 € / 1 L","0,85 €",EST.DAMM
Bebidas,Cervezas,"Cerveza Lata. 0,33 L","2,58 € / 1 L","0,85 €",EST.DAMM
Bebidas,Cervezas,"Cerveza Lata. 0,33 L","2,58 € / 1 L","0,85 €",EST.DAMM
Bebidas,Cervezas,"Cerveza Lata. 0,33 L","2,58 € / 1 L","0,85 €",EST.DAMM
Bebidas,Cervezas,"Cerveza Lata. 0,33 L","2,58 € / 1 L","0,85 €",EST.DAMM
Bebidas,Cervezas,"Cerveza Lata. 0,33 L","2,58 € / 1 L","0,85 €",EST.DAMM
Bebidas,Cervezas,"Cerveza Lata. 0,33 L","2,58 € / 1 L","0,85 €",EST.DAMM
Bebidas,Cervezas,"Cerveza Lata. 0,33 L","2,58 € / 1 L","0,85 €",EST.DAMM
Bebidas,Cervezas,"Cerveza Lata. 0,33 L","2,58 € / 1 L","0,85 €",EST.DAMM
Bebidas,Cervezas,"Cerveza Lata. 0,33 L","2,58 € / 1 L","0,85 €",EST.DAMM
Bebidas,Cervezas,"Cerveza Lata. 0,33 L","2,58 € / 1 L","0,85 €",EST.DAMM
Bebidas,Cervezas,"Cerveza Lata. 0,33 L","2,58 € / 1 L","0,85 €",EST.DAMM
Bebidas,Cervezas,"Cerveza Lata. 0,33 L","2,58 € / 1 L","0,85 €",EST.DAMM
Bebidas,Cervezas,"Cerveza sin Alcohol Limón Lata 0,33 L","1,36 € / 1 L","0,45 €",ADLERBRAU
Bebidas,Cervezas,"Cerveza sin Alcohol Limón Lata 0,33 L","1,36 € / 1 L","0,45 €",ADLERBRAU
Bebidas,Cervezas,"Cerveza sin Alcohol Limón Lata 0,33 L","1,36 € / 1 L","0,45 €",ADLERBRAU
Bebidas,Cervezas,"Cerveza sin Alcohol Limón Lata 0,33 L","1,36 € / 1 L","0,45 €",ADLERBRAU
Bebidas,Cervezas,"Cerveza sin Alcohol Limón Lata 0,33 L","1,36 € / 1 L","0,45 €",ADLERBRAU
Bebidas,Cervezas,"Cerveza sin Alcohol Limón Lata 0,33 L","1,36 € / 1 L","0,45 €",ADLERBRAU
Bebidas,Cervezas,"Cerveza sin Alcohol Limón Lata 0,33 L","1,36 € / 1 L","0,45 €",ADLERBRAU
Bebidas,Cervezas,"Cerveza sin Alcohol Limón Lata 0,33 L","1,36 € / 1 L","0,45 €",ADLERBRAU
Bebidas,Cervezas,"Cerveza sin Alcohol Limón Lata 0,33 L","1,36 € / 1 L","0,45 €",ADLERBRAU
Bebidas,Cervezas,"Cerveza sin Alcohol Limón Lata 0,33 L","1,36 € / 1 L","0,45 €",ADLERBRAU
Bebidas,Cervezas,"Cerveza sin Alcohol Limón Lata 0,33 L","1,36 € / 1 L","0,45 €",ADLERBRAU
Bebidas,Cervezas,"Cerveza sin Alcohol Limón Lata 0,33 L","1,36 € / 1 L","0,45 €",ADLERBRAU
Bebidas,Cervezas,"Cerveza sin Alcohol Limón Lata 0,33 L","1,36 € / 1 L","0,45 €",ADLERBRAU
Bebidas,Cervezas,"Cerveza sin Alcohol Limón Lata 0,33 L","1,36 € / 1 L","0,45 €",ADLERBRAU
Bebidas,Cervezas,"Cerveza sin Alcohol Limón Lata 0,33 L","1,36 € / 1 L","0,45 €",ADLERBRAU
Bebidas,Cervezas,"Cerveza sin Alcohol Limón Lata 0,33 L","1,36 € / 1 L","0,45 €",ADLERBRAU
Bebidas,Cervezas,"Cerveza sin Alcohol Limón Lata 0,33 L","1,36 € / 1 L","0,45 €",ADLERBRAU
Bebidas,Cervezas,"Cerveza sin Alcohol Limón Lata 0,33 L","1,36 € / 1 L","0,45 €",ADLERBRAU
Bebidas,Cervezas,"Cerveza sin Alcohol Limón Lata 0,33 L","1,36 € / 1 L","0,45 €",ADLERBRAU
Bebidas,Cervezas,"Cerveza sin Alcohol Limón Lata 0,33 L","1,36 € / 1 L","0,45 €",ADLERBRAU
Bebidas,Cervezas,"Cerveza sin Gluten Lata 0,33 L","2,76 € / 1 L","0,91 €",DAURA
Bebidas,Cervezas,"Cerveza sin Gluten Lata 0,33 L","2,76 € / 1 L","0,91 €",DAURA
Bebidas,Cervezas,"Cerveza sin Gluten Lata 0,33 L","2,76 € / 1 L","0,91 €",DAURA
Bebidas,Cervezas,"Cerveza sin Gluten Lata 0,33 L","2,76 € / 1 L","0,91 €",DAURA
Bebidas,Cervezas,"Cerveza sin Gluten Lata 0,33 L","2,76 € / 1 L","0,91 €",DAURA
Bebidas,Cervezas,"Cerveza sin Gluten Lata 0,33 L","2,76 € / 1 L","0,91 €",DAURA
Bebidas,Cervezas,"Cerveza sin Gluten Lata 0,33 L","2,76 € / 1 L","0,91 €",DAURA
Bebidas,Cervezas,"Cerveza sin Gluten Lata 0,33 L","2,76 € / 1 L","0,91 €",DAURA
Bebidas,Cervezas,"Cerveza sin Gluten Lata 0,33 L","2,76 € / 1 L","0,91 €",DAURA
Bebidas,Cervezas,"Cerveza sin Gluten Lata 0,33 L","2,76 € / 1 L","0,91 €",DAURA
Bebidas,Cervezas,"Cerveza sin Gluten Lata 0,33 L","2,76 € / 1 L","0,91 €",DAURA
Bebidas,Cervezas,"Cerveza sin Gluten Lata 0,33 L","2,76 € / 1 L","0,91 €",DAURA
Bebidas,Cervezas,"Cerveza sin Gluten Lata 0,33 L","2,76 € / 1 L","0,91 €",DAURA
Bebidas,Cervezas,"Cerveza sin Gluten Lata 0,33 L","2,76 € / 1 L","0,91 €",DAURA
Bebidas,Cervezas,"Cerveza sin Gluten Lata 0,33 L","2,76 € / 1 L","0,91 €",DAURA
Bebidas,Cervezas,"Cerveza sin Gluten Lata 0,33 L","2,76 € / 1 L","0,91 €",DAURA
Bebidas,Cervezas,"Cerveza sin Gluten Lata 0,33 L","2,76 € / 1 L","0,91 €",DAURA
Bebidas,Cervezas,"Cerveza sin Gluten Lata 0,33 L","2,76 € / 1 L","0,91 €",DAURA
Bebidas,Cervezas,"Cerveza sin Gluten Lata 0,33 L","2,76 € / 1 L","0,91 €",DAURA
Bebidas,Cervezas,"Cerveza sin Gluten Lata 0,33 L","2,76 € / 1 L","0,91 €",DAURA
Bebidas,Cervezas,"Cerveza Selecta Lata 0,33 L","3,00 € / 1 L","0,99 €",SAN MIGUEL
Bebidas,Cervezas,"Cerveza Selecta Lata 0,33 L","3,00 € / 1 L","0,99 €",SAN MIGUEL
Bebidas,Cervezas,"Cerveza Selecta Lata 0,33 L","3,00 € / 1 L","0,99 €",SAN MIGUEL
Bebidas,Cervezas,"Cerveza Selecta Lata 0,33 L","3,00 € / 1 L","0,99 €",SAN MIGUEL
Bebidas,Cervezas,"Cerveza Selecta Lata 0,33 L","3,00 € / 1 L","0,99 €",SAN MIGUEL
Bebidas,Cervezas,"Cerveza Selecta Lata 0,33 L","3,00 € / 1 L","0,99 €",SAN MIGUEL
Bebidas,Cervezas,"Cerveza Selecta Lata 0,33 L","3,00 € / 1 L","0,99 €",SAN MIGUEL
Bebidas,Cervezas,"Cerveza Selecta Lata 0,33 L","3,00 € / 1 L","0,99 €",SAN MIGUEL
Bebidas,Cervezas,"Cerveza Selecta Lata 0,33 L","3,00 € / 1 L","0,99 €",SAN MIGUEL
Bebidas,Cervezas,"Cerveza Selecta Lata 0,33 L","3,00 € / 1 L","0,99 €",SAN MIGUEL
Bebidas,Cervezas,"Cerveza Selecta Lata 0,33 L","3,00 € / 1 L","0,99 €",SAN MIGUEL
Bebidas,Cervezas,"Cerveza Selecta Lata 0,33 L","3,00 € / 1 L","0,99 €",SAN MIGUEL
Bebidas,Cervezas,"Cerveza Selecta Lata 0,33 L","3,00 € / 1 L","0,99 €",SAN MIGUEL
Bebidas,Cervezas,"Cerveza Selecta Lata 0,33 L","3,00 € / 1 L","0,99 €",SAN MIGUEL
Bebidas,Cervezas,"Cerveza Selecta Lata 0,33 L","3,00 € / 1 L","0,99 €",SAN MIGUEL
Bebidas,Cervezas,"Cerveza Selecta Lata 0,33 L","3,00 € / 1 L","0,99 €",SAN MIGUEL
Bebidas,Cervezas,"Cerveza Selecta Lata 0,33 L","3,00 € / 1 L","0,99 €",SAN MIGUEL
Bebidas,Cervezas,"Cerveza Selecta Lata 0,33 L","3,00 € / 1 L","0,99 €",SAN MIGUEL
Bebidas,Cervezas,"Cerveza Selecta Lata 0,33 L","3,00 € / 1 L","0,99 €",SAN MIGUEL
Bebidas,Cervezas,"Cerveza Selecta Lata 0,33 L","3,00 € / 1 L","0,99 €",SAN MIGUEL
Bebidas,Cervezas,"Cerveza Radler Limón Lata 0,33 L","1,21 € / 1 L","0,40 €",HOCHSTER
Bebidas,Cervezas,"Cerveza Radler Limón Lata 0,33 L","1,21 € / 1 L","0,40 €",HOCHSTER
Bebidas,Cervezas,"Cerveza Radler Limón Lata 0,33 L","1,21 € / 1 L","0,40 €",HOCHSTER
Bebidas,Cervezas,"Cerveza Radler Limón Lata 0,33 L","1,21 € / 1 L","0,40 €",HOCHSTER
Bebidas,Cervezas,"Cerveza Radler Limón Lata 0,33 L","1,21 € / 1 L","0,40 €",HOCHSTER
Bebidas,Cervezas,"Cerveza Radler Limón Lata 0,33 L","1,21 € / 1 L","0,40 €",HOCHSTER
Bebidas,Cervezas,"Cerveza Radler Limón Lata 0,33 L","1,21 € / 1 L","0,40 €",HOCHSTER
Bebidas,Finos y dulces,"Mistela Moscatel D.O. Valencia 0,75 L","5,32 € / 1 L","4,25 €
3,99 €",TURIS
Bebidas,Finos y dulces,"Mistela Moscatel D.O. Valencia 0,75 L","5,32 € / 1 L","4,25 €
3,99 €",TURIS
Bebidas,Finos y dulces,"Mistela Moscatel D.O. Valencia 0,75 L","5,32 € / 1 L","4,25 €
3,99 €",TURIS
Bebidas,Finos y dulces,"Mistela Moscatel D.O. Valencia 0,75 L","5,32 € / 1 L","4,25 €
3,99 €",TURIS
Bebidas,Finos y dulces,"Mistela Moscatel D.O. Valencia 0,75 L","5,32 € / 1 L","4,25 €
3,99 €",TURIS
Bebidas,Finos y dulces,"Mistela Moscatel D.O. Valencia 0,75 L","5,32 € / 1 L","4,25 €
3,99 €",TURIS
Bebidas,Finos y dulces,"Mistela Moscatel D.O. Valencia 0,75 L","5,32 € / 1 L","4,25 €
3,99 €",TURIS
Bebidas,Finos y dulces,"Mistela Moscatel D.O. Valencia 0,75 L","5,32 € / 1 L","4,25 €
3,99 €",TURIS
Bebidas,Finos y dulces,"Mistela Moscatel D.O. Valencia 0,75 L","5,32 € / 1 L","4,25 €
3,99 €",TURIS
Bebidas,Finos y dulces,"Mistela Moscatel D.O. Valencia 0,75 L","5,32 € / 1 L","4,25 €
3,99 €",TURIS
Bebidas,Finos y dulces,"Mistela Moscatel D.O. Valencia 0,75 L","5,32 € / 1 L","4,25 €
3,99 €",TURIS
Bebidas,Finos y dulces,"Mistela Moscatel D.O. Valencia 0,75 L","5,32 € / 1 L","4,25 €
3,99 €",TURIS
Bebidas,Gaseosas y sodas,"Gaseosa. Botella 1,5 L","0,80 € / 1 L","1,20 €",LA CASERA
Bebidas,Gaseosas y sodas,"Gaseosa. Botella 1,5 L","0,80 € / 1 L","1,20 €",LA CASERA
Bebidas,Gaseosas y sodas,"Gaseosa. Botella 1,5 L","0,80 € / 1 L","1,20 €",LA CASERA
Bebidas,Gaseosas y sodas,"Gaseosa. Botella 1,5 L","0,80 € / 1 L","1,20 €",LA CASERA
Bebidas,Gaseosas y sodas,"Gaseosa. Botella 1,5 L","0,80 € / 1 L","1,20 €",LA CASERA
Bebidas,Gaseosas y sodas,"Gaseosa. Botella 1,5 L","0,80 € / 1 L","1,20 €",LA CASERA
Bebidas,Isotónicas y energéticas,"Bebida Energética Lata 0,25 L","6,36 € / 1 L","1,59 €",RED BULL
Bebidas,Isotónicas y energéticas,"Bebida Energética Lata 0,25 L","6,36 € / 1 L","1,59 €",RED BULL
Bebidas,Isotónicas y energéticas,"Bebida Energética Lata 0,25 L","6,36 € / 1 L","1,59 €",RED BULL
Bebidas,Isotónicas y energéticas,"Bebida Energética Lata 0,25 L","6,36 € / 1 L","1,59 €",RED BULL
Bebidas,Isotónicas y energéticas,"Bebida Energética Lata 0,25 L","6,36 € / 1 L","1,59 €",RED BULL
Bebidas,Isotónicas y energéticas,"Bebida Energética Lata 0,25 L","6,36 € / 1 L","1,59 €",RED BULL
Bebidas,Isotónicas y energéticas,"Bebida Energética Lata 0,25 L","6,36 € / 1 L","1,59 €",RED BULL
Bebidas,Isotónicas y energéticas,"Bebida Energética Lata 0,25 L","6,36 € / 1 L","1,59 €",RED BULL
Bebidas,Isotónicas y energéticas,"Bebida Energética Lata 0,25 L","6,36 € / 1 L","1,59 €",RED BULL
Bebidas,Isotónicas y energéticas,"Bebida Energética Lata 0,25 L","6,36 € / 1 L","1,59 €",RED BULL
Bebidas,Isotónicas y energéticas,"Bebida Energética Lata 0,25 L","6,36 € / 1 L","1,59 €",RED BULL
Bebidas,Isotónicas y energéticas,"Bebida Energética Lata 0,25 L","6,36 € / 1 L","1,59 €",RED BULL
Bebidas,Isotónicas y energéticas,"Bebida Energética Lata 0,25 L","6,36 € / 1 L","1,59 €",RED BULL
Bebidas,Isotónicas y energéticas,"Bebida Energética Lata 0,25 L","6,36 € / 1 L","1,59 €",RED BULL
Bebidas,Isotónicas y energéticas,"Bebida Energética Lata 0,25 L","6,36 € / 1 L","1,59 €",RED BULL
Bebidas,Isotónicas y energéticas,"Bebida Energética Lata 0,25 L","6,36 € / 1 L","1,59 €",RED BULL
Bebidas,Isotónicas y energéticas,"Bebida Energética Lata 0,25 L","6,36 € / 1 L","1,59 €",RED BULL
Bebidas,Isotónicas y energéticas,"Bebida Energética Lata 0,25 L","6,36 € / 1 L","1,59 €",RED BULL
Bebidas,Isotónicas y energéticas,"Bebida Energética Lata 0,25 L","6,36 € / 1 L","1,59 €",RED BULL
Bebidas,Isotónicas y energéticas,"Bebida Energética Lata 0,25 L","6,36 € / 1 L","1,59 €",RED BULL
Bebidas,Isotónicas y energéticas,"Bebida Energética Lata 0,35 L","5,69 € / 1 L","1,99 €",RED BULL
Bebidas,Isotónicas y energéticas,"Bebida Energética Lata 0,35 L","5,69 € / 1 L","1,99 €",RED BULL
Bebidas,Isotónicas y energéticas,"Bebida Energética Lata 0,35 L","5,69 € / 1 L","1,99 €",RED BULL
Bebidas,Isotónicas y energéticas,"Bebida Energética Lata 0,35 L","5,69 € / 1 L","1,99 €",RED BULL
Bebidas,Isotónicas y energéticas,"Bebida Energética Lata 0,35 L","5,69 € / 1 L","1,99 €",RED BULL
Bebidas,Isotónicas y energéticas,"Bebida Energética Lata 0,35 L","5,69 € / 1 L","1,99 €",RED BULL
Bebidas,Isotónicas y energéticas,"Bebida Energética Lata 0,35 L","5,69 € / 1 L","1,99 €",RED BULL
Bebidas,Isotónicas y energéticas,"Bebida Energética Lata 0,35 L","5,69 € / 1 L","1,99 €",RED BULL
Bebidas,Isotónicas y energéticas,"Bebida Energética Lata 0,35 L","5,69 € / 1 L","1,99 €",RED BULL
Bebidas,Isotónicas y energéticas,"Bebida Energética Lata 0,35 L","5,69 € / 1 L","1,99 €",RED BULL
Bebidas,Isotónicas y energéticas,"Bebida Energética Lata 0,35 L","5,69 € / 1 L","1,99 €",RED BULL
Bebidas,Isotónicas y energéticas,"Bebida Energética Lata 0,35 L","5,69 € / 1 L","1,99 €",RED BULL
Bebidas,Isotónicas y energéticas,"Bebida Energética Lata 0,35 L","5,69 € / 1 L","1,99 €",RED BULL
Bebidas,Isotónicas y energéticas,"Bebida Energética Lata 0,35 L","5,69 € / 1 L","1,99 €",RED BULL
Bebidas,Isotónicas y energéticas,"Bebida Energética Lata 0,35 L","5,69 € / 1 L","1,99 €",RED BULL
Bebidas,Isotónicas y energéticas,"Bebida Energética Lata 0,35 L","5,69 € / 1 L","1,99 €",RED BULL
Bebidas,Isotónicas y energéticas,"Bebida Energética Lata 0,35 L","5,69 € / 1 L","1,99 €",RED BULL
Bebidas,Isotónicas y energéticas,"Bebida Energética Lata 0,35 L","5,69 € / 1 L","1,99 €",RED BULL
Bebidas,Isotónicas y energéticas,"Bebida Energética Lata 0,35 L","5,69 € / 1 L","1,99 €",RED BULL
Bebidas,Isotónicas y energéticas,"Bebida Energética Lata 0,35 L","5,69 € / 1 L","1,99 €",RED BULL
Bebidas,Isotónicas y energéticas,"Bebida Energética Zero Hamilton Lata 0,5 L","3,58 € / 1 L","1,79 €",MONSTER
Bebidas,Isotónicas y energéticas,"Bebida Energética Zero Hamilton Lata 0,5 L","3,58 € / 1 L","1,79 €",MONSTER
Bebidas,Isotónicas y energéticas,"Bebida Energética Zero Hamilton Lata 0,5 L","3,58 € / 1 L","1,79 €",MONSTER
Bebidas,Licores y vermouth,"Ginebra 0,7 L","18,50 € / 1 L","13,95 €
12,95 €",BEEFEATER
Bebidas,Licores y vermouth,"Ginebra 0,7 L","18,50 € / 1 L","13,95 €
12,95 €",BEEFEATER
Bebidas,Licores y vermouth,"Ginebra 0,7 L","18,50 € / 1 L","13,95 €
12,95 €",BEEFEATER
Bebidas,Licores y vermouth,"Ginebra 0,7 L","18,50 € / 1 L","13,95 €
12,95 €",BEEFEATER
Bebidas,Licores y vermouth,"Ginebra 0,7 L","18,50 € / 1 L","13,95 €
12,95 €",BEEFEATER
Bebidas,Licores y vermouth,"Ginebra 0,7 L","18,50 € / 1 L","13,95 €
12,95 €",BEEFEATER
Bebidas,Licores y vermouth,"Ginebra 0,7 L","18,50 € / 1 L","13,95 €
12,95 €",BEEFEATER
Bebidas,Licores y vermouth,"Ginebra 0,7 L","18,50 € / 1 L","13,95 €
12,95 €",BEEFEATER
Bebidas,Licores y vermouth,"Ginebra 0,7 L","18,50 € / 1 L","13,95 €
12,95 €",BEEFEATER
Bebidas,Licores y vermouth,"Ginebra 0,7 L","18,50 € / 1 L","13,95 €
12,95 €",BEEFEATER
Bebidas,Licores y vermouth,"Ginebra 0,7 L","18,50 € / 1 L","13,95 €
12,95 €",BEEFEATER
Bebidas,Licores y vermouth,"Ginebra 0,7 L","18,50 € / 1 L","13,95 €
12,95 €",BEEFEATER
Bebidas,Licores y vermouth,"Ginebra 0,7 L","18,50 € / 1 L","13,95 €
12,95 €",BEEFEATER
Bebidas,Licores y vermouth,"Ginebra 0,7 L","18,50 € / 1 L","13,95 €
12,95 €",BEEFEATER
Bebidas,Licores y vermouth,"Ginebra 0,7 L","18,50 € / 1 L","13,95 €
12,95 €",BEEFEATER
Bebidas,Licores y vermouth,"Ginebra 0,7 L","18,50 € / 1 L","13,95 €
12,95 €",BEEFEATER
Bebidas,Licores y vermouth,"Ginebra 0,7 L","18,50 € / 1 L","13,95 €
12,95 €",BEEFEATER
Bebidas,Licores y vermouth,"Ginebra 0,7 L","18,50 € / 1 L","13,95 €
12,95 €",BEEFEATER
Bebidas,Licores y vermouth,"Ginebra 0,7 L","18,50 € / 1 L","13,95 €
12,95 €",BEEFEATER
Bebidas,Licores y vermouth,"Ginebra 0,7 L","18,50 € / 1 L","13,95 €
12,95 €",BEEFEATER
Bebidas,Licores y vermouth,"Whisky Scotch 0,7 L","18,55 € / 1 L","14,99 €
12,99 €",WHITE LABEL
Bebidas,Licores y vermouth,"Whisky Scotch 0,7 L","18,55 € / 1 L","14,99 €
12,99 €",WHITE LABEL
Bebidas,Licores y vermouth,"Whisky Scotch 0,7 L","18,55 € / 1 L","14,99 €
12,99 €",WHITE LABEL
Bebidas,Licores y vermouth,"Whisky Scotch 0,7 L","18,55 € / 1 L","14,99 €
12,99 €",WHITE LABEL
Bebidas,Licores y vermouth,"Whisky Scotch 0,7 L","18,55 € / 1 L","14,99 €
12,99 €",WHITE LABEL
Bebidas,Licores y vermouth,"Whisky Scotch 0,7 L","18,55 € / 1 L","14,99 €
12,99 €",WHITE LABEL
Bebidas,Licores y vermouth,"Whisky Scotch 0,7 L","18,55 € / 1 L","14,99 €
12,99 €",WHITE LABEL
Bebidas,Licores y vermouth,"Whisky Scotch 0,7 L","18,55 € / 1 L","14,99 €
12,99 €",WHITE LABEL
Bebidas,Licores y vermouth,"Whisky Scotch 0,7 L","18,55 € / 1 L","14,99 €
12,99 €",WHITE LABEL
Bebidas,Licores y vermouth,"Whisky Scotch 0,7 L","18,55 € / 1 L","14,99 €
12,99 €",WHITE LABEL
Bebidas,Licores y vermouth,"Whisky Scotch 0,7 L","18,55 € / 1 L","14,99 €
12,99 €",WHITE LABEL
Bebidas,Licores y vermouth,"Whisky Scotch 0,7 L","18,55 € / 1 L","14,99 €
12,99 €",WHITE LABEL
Bebidas,Licores y vermouth,"Whisky Scotch 0,7 L","18,55 € / 1 L","14,99 €
12,99 €",WHITE LABEL
Bebidas,Licores y vermouth,"Whisky Scotch 0,7 L","18,55 € / 1 L","14,99 €
12,99 €",WHITE LABEL
Bebidas,Licores y vermouth,"Whisky Scotch 0,7 L","18,55 € / 1 L","14,99 €
12,99 €",WHITE LABEL
Bebidas,Licores y vermouth,"Whisky Scotch 0,7 L","18,55 € / 1 L","14,99 €
12,99 €",WHITE LABEL
Bebidas,Licores y vermouth,"Whisky Scotch 0,7 L","18,55 € / 1 L","14,99 €
12,99 €",WHITE LABEL
Bebidas,Licores y vermouth,"Whisky Scotch 0,7 L","18,55 € / 1 L","14,99 €
12,99 €",WHITE LABEL
Bebidas,Licores y vermouth,"Whisky Scotch 0,7 L","18,55 € / 1 L","14,99 €
12,99 €",WHITE LABEL
Bebidas,Licores y vermouth,"Whisky Scotch 0,7 L","18,55 € / 1 L","14,99 €
12,99 €",WHITE LABEL
Bebidas,Licores y vermouth,Vermut Rojo 1 L,"7,95 € / 1 L","7,95 €",CINZANO
Bebidas,Licores y vermouth,Vermut Rojo 1 L,"7,95 € / 1 L","7,95 €",CINZANO
Bebidas,Licores y vermouth,Vermut Rojo 1 L,"7,95 € / 1 L","7,95 €",CINZANO
Bebidas,Licores y vermouth,Vermut Rojo 1 L,"7,95 € / 1 L","7,95 €",CINZANO
Bebidas,Licores y vermouth,Vermut Rojo 1 L,"7,95 € / 1 L","7,95 €",CINZANO
Bebidas,Licores y vermouth,Vermut Rojo 1 L,"7,95 € / 1 L","7,95 €",CINZANO
Bebidas,Licores y vermouth,Vermut Rojo 1 L,"7,95 € / 1 L","7,95 €",CINZANO
Bebidas,Licores y vermouth,Vermut Rojo 1 L,"7,95 € / 1 L","7,95 €",CINZANO
Bebidas,Licores y vermouth,Vermut Rojo 1 L,"7,95 € / 1 L","7,95 €",CINZANO
Bebidas,Licores y vermouth,Vermut Rojo 1 L,"7,95 € / 1 L","7,95 €",CINZANO
Bebidas,Licores y vermouth,Vermut Rojo 1 L,"7,95 € / 1 L","7,95 €",CINZANO
Bebidas,Licores y vermouth,Vermut Rojo 1 L,"7,95 € / 1 L","7,95 €",CINZANO
Bebidas,Licores y vermouth,Vermut Rojo 1 L,"7,95 € / 1 L","7,95 €",CINZANO
Bebidas,Licores y vermouth,Vermut Rojo 1 L,"7,95 € / 1 L","7,95 €",CINZANO
Bebidas,Licores y vermouth,Vermut Rojo 1 L,"7,95 € / 1 L","7,95 €",CINZANO
Bebidas,Licores y vermouth,Vermut Rojo 1 L,"7,95 € / 1 L","7,95 €",CINZANO
Bebidas,Licores y vermouth,Vermut Rojo 1 L,"7,95 € / 1 L","7,95 €",CINZANO
Bebidas,Licores y vermouth,Vermut Rojo 1 L,"7,95 € / 1 L","7,95 €",CINZANO
Bebidas,Licores y vermouth,Vermut Rojo 1 L,"7,95 € / 1 L","7,95 €",CINZANO
Bebidas,Licores y vermouth,Vermut Rojo 1 L,"7,95 € / 1 L","7,95 €",CINZANO
Bebidas,Licores y vermouth,"Ginebra Beefeater Black 0,7 L","22,21 € / 1 L","17,99 €
15,55 €",BEEFEATER
Bebidas,Licores y vermouth,"Ginebra Beefeater Black 0,7 L","22,21 € / 1 L","17,99 €
15,55 €",BEEFEATER
Bebidas,Licores y vermouth,"Ginebra Beefeater Black 0,7 L","22,21 € / 1 L","17,99 €
15,55 €",BEEFEATER
Bebidas,Licores y vermouth,"Ginebra Beefeater Black 0,7 L","22,21 € / 1 L","17,99 €
15,55 €",BEEFEATER
Bebidas,Licores y vermouth,"Ginebra Beefeater Black 0,7 L","22,21 € / 1 L","17,99 €
15,55 €",BEEFEATER
Bebidas,Licores y vermouth,"Ginebra Beefeater Black 0,7 L","22,21 € / 1 L","17,99 €
15,55 €",BEEFEATER
Bebidas,Licores y vermouth,"Ginebra Beefeater Black 0,7 L","22,21 € / 1 L","17,99 €
15,55 €",BEEFEATER
Bebidas,Licores y vermouth,"Ginebra Beefeater Black 0,7 L","22,21 € / 1 L","17,99 €
15,55 €",BEEFEATER
Bebidas,Licores y vermouth,"Ginebra Beefeater Black 0,7 L","22,21 € / 1 L","17,99 €
15,55 €",BEEFEATER
Bebidas,Licores y vermouth,"Ginebra Beefeater Black 0,7 L","22,21 € / 1 L","17,99 €
15,55 €",BEEFEATER
Bebidas,Licores y vermouth,"Ginebra Beefeater Black 0,7 L","22,21 € / 1 L","17,99 €
15,55 €",BEEFEATER
Bebidas,Licores y vermouth,"Ginebra Beefeater Black 0,7 L","22,21 € / 1 L","17,99 €
15,55 €",BEEFEATER
Bebidas,Licores y vermouth,"Ginebra Beefeater Black 0,7 L","22,21 € / 1 L","17,99 €
15,55 €",BEEFEATER
Bebidas,Licores y vermouth,"Ginebra Beefeater Black 0,7 L","22,21 € / 1 L","17,99 €
15,55 €",BEEFEATER
Bebidas,Licores y vermouth,"Ginebra Beefeater Black 0,7 L","22,21 € / 1 L","17,99 €
15,55 €",BEEFEATER
Bebidas,Licores y vermouth,"Ginebra Beefeater Black 0,7 L","22,21 € / 1 L","17,99 €
15,55 €",BEEFEATER
Bebidas,Licores y vermouth,"Ginebra Beefeater Black 0,7 L","22,21 € / 1 L","17,99 €
15,55 €",BEEFEATER
Bebidas,Licores y vermouth,"Ginebra Beefeater Black 0,7 L","22,21 € / 1 L","17,99 €
15,55 €",BEEFEATER
Bebidas,Licores y vermouth,"Ginebra Beefeater Black 0,7 L","22,21 € / 1 L","17,99 €
15,55 €",BEEFEATER
Bebidas,Licores y vermouth,"Ginebra Beefeater Black 0,7 L","22,21 € / 1 L","17,99 €
15,55 €",BEEFEATER
Bebidas,Licores y vermouth,Pacharán 1 L,"11,10 € / 1 L","11,10 €",ZOCO
Bebidas,Licores y vermouth,Pacharán 1 L,"11,10 € / 1 L","11,10 €",ZOCO
Bebidas,Licores y vermouth,Pacharán 1 L,"11,10 € / 1 L","11,10 €",ZOCO
Bebidas,Licores y vermouth,Pacharán 1 L,"11,10 € / 1 L","11,10 €",ZOCO
Bebidas,Licores y vermouth,Pacharán 1 L,"11,10 € / 1 L","11,10 €",ZOCO
Bebidas,Licores y vermouth,Pacharán 1 L,"11,10 € / 1 L","11,10 €",ZOCO
Bebidas,Licores y vermouth,Pacharán 1 L,"11,10 € / 1 L","11,10 €",ZOCO
Bebidas,Licores y vermouth,Pacharán 1 L,"11,10 € / 1 L","11,10 €",ZOCO
Bebidas,Licores y vermouth,Pacharán 1 L,"11,10 € / 1 L","11,10 €",ZOCO
Bebidas,Licores y vermouth,Pacharán 1 L,"11,10 € / 1 L","11,10 €",ZOCO
Bebidas,Licores y vermouth,Pacharán 1 L,"11,10 € / 1 L","11,10 €",ZOCO
Bebidas,Licores y vermouth,Pacharán 1 L,"11,10 € / 1 L","11,10 €",ZOCO
Bebidas,Licores y vermouth,Pacharán 1 L,"11,10 € / 1 L","11,10 €",ZOCO
Bebidas,Licores y vermouth,Pacharán 1 L,"11,10 € / 1 L","11,10 €",ZOCO
Bebidas,Licores y vermouth,Pacharán 1 L,"11,10 € / 1 L","11,10 €",ZOCO
Bebidas,Licores y vermouth,Pacharán 1 L,"11,10 € / 1 L","11,10 €",ZOCO
Bebidas,Licores y vermouth,Pacharán 1 L,"11,10 € / 1 L","11,10 €",ZOCO
Bebidas,Licores y vermouth,Pacharán 1 L,"11,10 € / 1 L","11,10 €",ZOCO
Bebidas,Licores y vermouth,Pacharán 1 L,"11,10 € / 1 L","11,10 €",ZOCO
Bebidas,Licores y vermouth,Pacharán 1 L,"11,10 € / 1 L","11,10 €",ZOCO
Bebidas,Licores y vermouth,"Whisky Bourbon Americano 0,7 L","22,14 € / 1 L","15,50 €",JIM BEAN
Bebidas,Licores y vermouth,"Whisky Bourbon Americano 0,7 L","22,14 € / 1 L","15,50 €",JIM BEAN
Bebidas,Licores y vermouth,"Whisky Bourbon Americano 0,7 L","22,14 € / 1 L","15,50 €",JIM BEAN
Bebidas,Licores y vermouth,"Whisky Bourbon Americano 0,7 L","22,14 € / 1 L","15,50 €",JIM BEAN
Bebidas,Licores y vermouth,"Whisky Bourbon Americano 0,7 L","22,14 € / 1 L","15,50 €",JIM BEAN
Bebidas,Licores y vermouth,"Whisky Bourbon Americano 0,7 L","22,14 € / 1 L","15,50 €",JIM BEAN
Bebidas,Licores y vermouth,"Whisky Bourbon Americano 0,7 L","22,14 € / 1 L","15,50 €",JIM BEAN
Bebidas,Licores y vermouth,"Whisky Bourbon Americano 0,7 L","22,14 € / 1 L","15,50 €",JIM BEAN
Bebidas,Licores y vermouth,"Whisky Bourbon Americano 0,7 L","22,14 € / 1 L","15,50 €",JIM BEAN
Bebidas,Licores y vermouth,"Whisky Bourbon Americano 0,7 L","22,14 € / 1 L","15,50 €",JIM BEAN
Bebidas,Licores y vermouth,"Whisky Bourbon Americano 0,7 L","22,14 € / 1 L","15,50 €",JIM BEAN
Bebidas,Licores y vermouth,"Whisky Bourbon Americano 0,7 L","22,14 € / 1 L","15,50 €",JIM BEAN
Bebidas,Licores y vermouth,"Whisky Bourbon Americano 0,7 L","22,14 € / 1 L","15,50 €",JIM BEAN
Bebidas,Licores y vermouth,"Whisky Bourbon Americano 0,7 L","22,14 € / 1 L","15,50 €",JIM BEAN
Bebidas,Licores y vermouth,"Whisky Bourbon Americano 0,7 L","22,14 € / 1 L","15,50 €",JIM BEAN
Bebidas,Licores y vermouth,"Whisky Bourbon Americano 0,7 L","22,14 € / 1 L","15,50 €",JIM BEAN
Bebidas,Licores y vermouth,"Whisky Bourbon Americano 0,7 L","22,14 € / 1 L","15,50 €",JIM BEAN
Bebidas,Licores y vermouth,"Whisky Bourbon Americano 0,7 L","22,14 € / 1 L","15,50 €",JIM BEAN
Bebidas,Licores y vermouth,"Whisky Bourbon Americano 0,7 L","22,14 € / 1 L","15,50 €",JIM BEAN
Bebidas,Licores y vermouth,"Whisky Bourbon Americano 0,7 L","22,14 € / 1 L","15,50 €",JIM BEAN
Bebidas,Licores y vermouth,"Ginebra Strawberry 0,7 L","10,93 € / 1 L","7,65 €",PREMIUM 38
Bebidas,Licores y vermouth,"Ginebra Strawberry 0,7 L","10,93 € / 1 L","7,65 €",PREMIUM 38
Bebidas,Licores y vermouth,"Ginebra Strawberry 0,7 L","10,93 € / 1 L","7,65 €",PREMIUM 38
Bebidas,Licores y vermouth,"Ginebra Strawberry 0,7 L","10,93 € / 1 L","7,65 €",PREMIUM 38
Bebidas,Licores y vermouth,"Ginebra Strawberry 0,7 L","10,93 € / 1 L","7,65 €",PREMIUM 38
Bebidas,Licores y vermouth,"Ginebra Strawberry 0,7 L","10,93 € / 1 L","7,65 €",PREMIUM 38
Bebidas,Licores y vermouth,"Ginebra Strawberry 0,7 L","10,93 € / 1 L","7,65 €",PREMIUM 38
Bebidas,Licores y vermouth,"Ginebra Strawberry 0,7 L","10,93 € / 1 L","7,65 €",PREMIUM 38
Bebidas,Licores y vermouth,"Ginebra Strawberry 0,7 L","10,93 € / 1 L","7,65 €",PREMIUM 38
Bebidas,Licores y vermouth,"Ginebra Strawberry 0,7 L","10,93 € / 1 L","7,65 €",PREMIUM 38
Bebidas,Licores y vermouth,"Ginebra Strawberry 0,7 L","10,93 € / 1 L","7,65 €",PREMIUM 38
Bebidas,Licores y vermouth,"Ginebra Strawberry 0,7 L","10,93 € / 1 L","7,65 €",PREMIUM 38
Bebidas,Licores y vermouth,"Ginebra Strawberry 0,7 L","10,93 € / 1 L","7,65 €",PREMIUM 38
Bebidas,Licores y vermouth,"Ginebra Strawberry 0,7 L","10,93 € / 1 L","7,65 €",PREMIUM 38
Bebidas,Licores y vermouth,"Ginebra Strawberry 0,7 L","10,93 € / 1 L","7,65 €",PREMIUM 38
Bebidas,Licores y vermouth,"Ginebra Strawberry 0,7 L","10,93 € / 1 L","7,65 €",PREMIUM 38
Bebidas,Licores y vermouth,"Ginebra Strawberry 0,7 L","10,93 € / 1 L","7,65 €",PREMIUM 38
Bebidas,Licores y vermouth,"Ginebra Strawberry 0,7 L","10,93 € / 1 L","7,65 €",PREMIUM 38
Bebidas,Licores y vermouth,"Ginebra Strawberry 0,7 L","10,93 € / 1 L","7,65 €",PREMIUM 38
Bebidas,Licores y vermouth,"Ginebra Strawberry 0,7 L","10,93 € / 1 L","7,65 €",PREMIUM 38
Bebidas,Licores y vermouth,"Whisky Escoces 3 Años 0,7 L","10,70 € / 1 L","7,49 €",BOWL.GREEN
Bebidas,Licores y vermouth,"Whisky Escoces 3 Años 0,7 L","10,70 € / 1 L","7,49 €",BOWL.GREEN
Bebidas,Licores y vermouth,"Whisky Escoces 3 Años 0,7 L","10,70 € / 1 L","7,49 €",BOWL.GREEN
Bebidas,Licores y vermouth,"Whisky Escoces 3 Años 0,7 L","10,70 € / 1 L","7,49 €",BOWL.GREEN
Bebidas,Licores y vermouth,"Whisky Escoces 3 Años 0,7 L","10,70 € / 1 L","7,49 €",BOWL.GREEN
Bebidas,Licores y vermouth,"Whisky Escoces 3 Años 0,7 L","10,70 € / 1 L","7,49 €",BOWL.GREEN
Bebidas,Licores y vermouth,"Whisky Escoces 3 Años 0,7 L","10,70 € / 1 L","7,49 €",BOWL.GREEN
Bebidas,Licores y vermouth,"Whisky Escoces 3 Años 0,7 L","10,70 € / 1 L","7,49 €",BOWL.GREEN
Bebidas,Licores y vermouth,"Whisky Escoces 3 Años 0,7 L","10,70 € / 1 L","7,49 €",BOWL.GREEN
Bebidas,Licores y vermouth,"Whisky Escoces 3 Años 0,7 L","10,70 € / 1 L","7,49 €",BOWL.GREEN
Bebidas,Licores y vermouth,"Whisky Escoces 3 Años 0,7 L","10,70 € / 1 L","7,49 €",BOWL.GREEN
Bebidas,Licores y vermouth,"Whisky Escoces 3 Años 0,7 L","10,70 € / 1 L","7,49 €",BOWL.GREEN
Bebidas,Licores y vermouth,"Whisky Escoces 3 Años 0,7 L","10,70 € / 1 L","7,49 €",BOWL.GREEN
Bebidas,Licores y vermouth,"Whisky Escoces 3 Años 0,7 L","10,70 € / 1 L","7,49 €",BOWL.GREEN
Bebidas,Licores y vermouth,"Whisky Escoces 3 Años 0,7 L","10,70 € / 1 L","7,49 €",BOWL.GREEN
Bebidas,Licores y vermouth,"Whisky Escoces 3 Años 0,7 L","10,70 € / 1 L","7,49 €",BOWL.GREEN
Bebidas,Licores y vermouth,"Whisky Escoces 3 Años 0,7 L","10,70 € / 1 L","7,49 €",BOWL.GREEN
Bebidas,Licores y vermouth,"Whisky Escoces 3 Años 0,7 L","10,70 € / 1 L","7,49 €",BOWL.GREEN
Bebidas,Licores y vermouth,"Whisky Escoces 3 Años 0,7 L","10,70 € / 1 L","7,49 €",BOWL.GREEN
Bebidas,Licores y vermouth,"Whisky Escoces 3 Años 0,7 L","10,70 € / 1 L","7,49 €",BOWL.GREEN
Bebidas,Refrescos,"Tónica Zero Lata 0,33 L","2,88 € / 1 L","0,95 €",SCHWEPPES
Bebidas,Refrescos,"Tónica Zero Lata 0,33 L","2,88 € / 1 L","0,95 €",SCHWEPPES
Bebidas,Refrescos,"Tónica Zero Lata 0,33 L","2,88 € / 1 L","0,95 €",SCHWEPPES
Bebidas,Refrescos,"Tónica Zero Lata 0,33 L","2,88 € / 1 L","0,95 €",SCHWEPPES
Bebidas,Refrescos,"Tónica Zero Lata 0,33 L","2,88 € / 1 L","0,95 €",SCHWEPPES
Bebidas,Refrescos,"Tónica Zero Lata 0,33 L","2,88 € / 1 L","0,95 €",SCHWEPPES
Bebidas,Refrescos,"Tónica Zero Lata 0,33 L","2,88 € / 1 L","0,95 €",SCHWEPPES
Bebidas,Refrescos,"Tónica Zero Lata 0,33 L","2,88 € / 1 L","0,95 €",SCHWEPPES
Bebidas,Refrescos,"Tónica Zero Lata 0,33 L","2,88 € / 1 L","0,95 €",SCHWEPPES
Bebidas,Refrescos,"Tónica Zero Lata 0,33 L","2,88 € / 1 L","0,95 €",SCHWEPPES
Bebidas,Refrescos,"Tónica Zero Lata 0,33 L","2,88 € / 1 L","0,95 €",SCHWEPPES
Bebidas,Refrescos,"Tónica Zero Lata 0,33 L","2,88 € / 1 L","0,95 €",SCHWEPPES
Bebidas,Refrescos,"Tónica Zero Lata 0,33 L","2,88 € / 1 L","0,95 €",SCHWEPPES
Bebidas,Refrescos,"Tónica Zero Lata 0,33 L","2,88 € / 1 L","0,95 €",SCHWEPPES
Bebidas,Refrescos,"Tónica Zero Lata 0,33 L","2,88 € / 1 L","0,95 €",SCHWEPPES
Bebidas,Refrescos,"Tónica Zero Lata 0,33 L","2,88 € / 1 L","0,95 €",SCHWEPPES
Bebidas,Refrescos,"Tónica Zero Lata 0,33 L","2,88 € / 1 L","0,95 €",SCHWEPPES
Bebidas,Refrescos,"Tónica Zero Lata 0,33 L","2,88 € / 1 L","0,95 €",SCHWEPPES
Bebidas,Refrescos,"Tónica Zero Lata 0,33 L","2,88 € / 1 L","0,95 €",SCHWEPPES
Bebidas,Refrescos,"Tónica Zero Lata 0,33 L","2,88 € / 1 L","0,95 €",SCHWEPPES
Bebidas,Refrescos,"Refresco de Lima-Limón Lata 0,33 L","1,79 € / 1 L","0,59 €",SPRITE
Bebidas,Refrescos,"Refresco de Lima-Limón Lata 0,33 L","1,79 € / 1 L","0,59 €",SPRITE
Bebidas,Refrescos,"Refresco de Lima-Limón Lata 0,33 L","1,79 € / 1 L","0,59 €",SPRITE
Bebidas,Refrescos,"Refresco de Lima-Limón Lata 0,33 L","1,79 € / 1 L","0,59 €",SPRITE
Bebidas,Refrescos,"Refresco de Lima-Limón Lata 0,33 L","1,79 € / 1 L","0,59 €",SPRITE
Bebidas,Refrescos,"Refresco de Lima-Limón Lata 0,33 L","1,79 € / 1 L","0,59 €",SPRITE
Bebidas,Refrescos,"Refresco de Lima-Limón Lata 0,33 L","1,79 € / 1 L","0,59 €",SPRITE
Bebidas,Refrescos,"Refresco de Lima-Limón Lata 0,33 L","1,79 € / 1 L","0,59 €",SPRITE
Bebidas,Refrescos,"Refresco de Lima-Limón Lata 0,33 L","1,79 € / 1 L","0,59 €",SPRITE
Bebidas,Refrescos,"Refresco de Lima-Limón Lata 0,33 L","1,79 € / 1 L","0,59 €",SPRITE
Bebidas,Refrescos,"Refresco de Lima-Limón Lata 0,33 L","1,79 € / 1 L","0,59 €",SPRITE
Bebidas,Refrescos,"Refresco de Lima-Limón Lata 0,33 L","1,79 € / 1 L","0,59 €",SPRITE
Bebidas,Refrescos,"Refresco de Lima-Limón Lata 0,33 L","1,79 € / 1 L","0,59 €",SPRITE
Bebidas,Refrescos,"Refresco de Lima-Limón Lata 0,33 L","1,79 € / 1 L","0,59 €",SPRITE
Bebidas,Refrescos,"Refresco de Lima-Limón Lata 0,33 L","1,79 € / 1 L","0,59 €",SPRITE
Bebidas,Refrescos,"Refresco de Lima-Limón Lata 0,33 L","1,79 € / 1 L","0,59 €",SPRITE
Bebidas,Refrescos,"Refresco de Lima-Limón Lata 0,33 L","1,79 € / 1 L","0,59 €",SPRITE
Bebidas,Refrescos,"Refresco de Lima-Limón Lata 0,33 L","1,79 € / 1 L","0,59 €",SPRITE
Bebidas,Refrescos,"Refresco de Lima-Limón Lata 0,33 L","1,79 € / 1 L","0,59 €",SPRITE
Bebidas,Refrescos,"Refresco de Lima-Limón Lata 0,33 L","1,79 € / 1 L","0,59 €",SPRITE
Bebidas,Refrescos,Refresco Cola Botella 1 L,"1,00 € / 1 L","1,25 €
1,00 €",PEPSI-COLA
Bebidas,Refrescos,Refresco Cola Botella 1 L,"1,00 € / 1 L","1,25 €
1,00 €",PEPSI-COLA
Bebidas,Refrescos,Refresco Cola Botella 1 L,"1,00 € / 1 L","1,25 €
1,00 €",PEPSI-COLA
Bebidas,Refrescos,Refresco Cola Botella 1 L,"1,00 € / 1 L","1,25 €
1,00 €",PEPSI-COLA
Bebidas,Refrescos,Refresco Cola Botella 1 L,"1,00 € / 1 L","1,25 €
1,00 €",PEPSI-COLA
Bebidas,Refrescos,Refresco Cola Botella 1 L,"1,00 € / 1 L","1,25 €
1,00 €",PEPSI-COLA
Bebidas,Refrescos,Refresco Cola Botella 1 L,"1,00 € / 1 L","1,25 €
1,00 €",PEPSI-COLA
Bebidas,Refrescos,Refresco Cola Botella 1 L,"1,00 € / 1 L","1,25 €
1,00 €",PEPSI-COLA
Bebidas,Refrescos,Refresco Cola Botella 1 L,"1,00 € / 1 L","1,25 €
1,00 €",PEPSI-COLA
Bebidas,Refrescos,Refresco Cola Botella 1 L,"1,00 € / 1 L","1,25 €
1,00 €",PEPSI-COLA
Bebidas,Refrescos,Refresco Cola Botella 1 L,"1,00 € / 1 L","1,25 €
1,00 €",PEPSI-COLA
Bebidas,Refrescos,Refresco Cola Botella 1 L,"1,00 € / 1 L","1,25 €
1,00 €",PEPSI-COLA
Bebidas,Refrescos,Refresco Cola Botella 1 L,"1,00 € / 1 L","1,25 €
1,00 €",PEPSI-COLA
Bebidas,Refrescos,Refresco Cola Botella 1 L,"1,00 € / 1 L","1,25 €
1,00 €",PEPSI-COLA
Bebidas,Refrescos,Refresco Cola Botella 1 L,"1,00 € / 1 L","1,25 €
1,00 €",PEPSI-COLA
Bebidas,Refrescos,Refresco Cola Botella 1 L,"1,00 € / 1 L","1,25 €
1,00 €",PEPSI-COLA
Bebidas,Refrescos,Refresco Cola Botella 1 L,"1,00 € / 1 L","1,25 €
1,00 €",PEPSI-COLA
Bebidas,Refrescos,Refresco Cola Botella 1 L,"1,00 € / 1 L","1,25 €
1,00 €",PEPSI-COLA
Bebidas,Refrescos,Refresco Cola Botella 1 L,"1,00 € / 1 L","1,25 €
1,00 €",PEPSI-COLA
Bebidas,Refrescos,Refresco Cola Botella 1 L,"1,00 € / 1 L","1,25 €
1,00 €",PEPSI-COLA
Bebidas,Refrescos,"Refresco Naranja Botella 0,5 L","2,90 € / 1 L","1,45 €",FANTA
Bebidas,Refrescos,"Refresco Naranja Botella 0,5 L","2,90 € / 1 L","1,45 €",FANTA
Bebidas,Refrescos,"Refresco Naranja Botella 0,5 L","2,90 € / 1 L","1,45 €",FANTA
Bebidas,Refrescos,"Refresco Naranja Botella 0,5 L","2,90 € / 1 L","1,45 €",FANTA
Bebidas,Refrescos,"Refresco Naranja Botella 0,5 L","2,90 € / 1 L","1,45 €",FANTA
Bebidas,Refrescos,"Refresco Naranja Botella 0,5 L","2,90 € / 1 L","1,45 €",FANTA
Bebidas,Refrescos,"Refresco Naranja Botella 0,5 L","2,90 € / 1 L","1,45 €",FANTA
Bebidas,Refrescos,"Refresco Naranja Botella 0,5 L","2,90 € / 1 L","1,45 €",FANTA
Bebidas,Refrescos,"Refresco Naranja Botella 0,5 L","2,90 € / 1 L","1,45 €",FANTA
Bebidas,Refrescos,"Refresco Naranja Botella 0,5 L","2,90 € / 1 L","1,45 €",FANTA
Bebidas,Refrescos,"Refresco Naranja Botella 0,5 L","2,90 € / 1 L","1,45 €",FANTA
Bebidas,Refrescos,"Refresco Naranja Botella 0,5 L","2,90 € / 1 L","1,45 €",FANTA
Bebidas,Refrescos,"Refresco Naranja Botella 0,5 L","2,90 € / 1 L","1,45 €",FANTA
Bebidas,Refrescos,"Refresco Naranja Botella 0,5 L","2,90 € / 1 L","1,45 €",FANTA
Bebidas,Refrescos,"Refresco Naranja Botella 0,5 L","2,90 € / 1 L","1,45 €",FANTA
Bebidas,Refrescos,"Refresco Naranja Botella 0,5 L","2,90 € / 1 L","1,45 €",FANTA
Bebidas,Refrescos,"Refresco Naranja Botella 0,5 L","2,90 € / 1 L","1,45 €",FANTA
Bebidas,Refrescos,"Refresco Naranja Botella 0,5 L","2,90 € / 1 L","1,45 €",FANTA
Bebidas,Refrescos,"Refresco Naranja Botella 0,5 L","2,90 € / 1 L","1,45 €",FANTA
Bebidas,Refrescos,"Refresco Naranja Botella 0,5 L","2,90 € / 1 L","1,45 €",FANTA
Bebidas,Refrescos,Refresco Cola Cero sin Cafeína Botella 2 L,"0,35 € / 1 L","0,70 €",CONSUM
Bebidas,Refrescos,Refresco Cola Cero sin Cafeína Botella 2 L,"0,35 € / 1 L","0,70 €",CONSUM
Bebidas,Refrescos,Refresco Cola Cero sin Cafeína Botella 2 L,"0,35 € / 1 L","0,70 €",CONSUM
Bebidas,Refrescos,Refresco Cola Cero sin Cafeína Botella 2 L,"0,35 € / 1 L","0,70 €",CONSUM
Bebidas,Refrescos,Refresco Cola Cero sin Cafeína Botella 2 L,"0,35 € / 1 L","0,70 €",CONSUM
Bebidas,Refrescos,Refresco Cola Cero sin Cafeína Botella 2 L,"0,35 € / 1 L","0,70 €",CONSUM
Bebidas,Refrescos,Refresco Cola Cero sin Cafeína Botella 2 L,"0,35 € / 1 L","0,70 €",CONSUM
Bebidas,Refrescos,Refresco Cola Cero sin Cafeína Botella 2 L,"0,35 € / 1 L","0,70 €",CONSUM
Bebidas,Refrescos,Refresco Cola Cero sin Cafeína Botella 2 L,"0,35 € / 1 L","0,70 €",CONSUM
Bebidas,Refrescos,Refresco Cola Cero sin Cafeína Botella 2 L,"0,35 € / 1 L","0,70 €",CONSUM
Bebidas,Refrescos,Refresco Cola Cero sin Cafeína Botella 2 L,"0,35 € / 1 L","0,70 €",CONSUM
Bebidas,Refrescos,Refresco Cola Cero sin Cafeína Botella 2 L,"0,35 € / 1 L","0,70 €",CONSUM
Bebidas,Refrescos,Refresco Cola Cero sin Cafeína Botella 2 L,"0,35 € / 1 L","0,70 €",CONSUM
Bebidas,Refrescos,Refresco Cola Cero sin Cafeína Botella 2 L,"0,35 € / 1 L","0,70 €",CONSUM
Bebidas,Refrescos,Refresco Cola Cero sin Cafeína Botella 2 L,"0,35 € / 1 L","0,70 €",CONSUM
Bebidas,Refrescos,Refresco Cola Cero sin Cafeína Botella 2 L,"0,35 € / 1 L","0,70 €",CONSUM
Bebidas,Refrescos,Refresco Cola Cero sin Cafeína Botella 2 L,"0,35 € / 1 L","0,70 €",CONSUM
Bebidas,Refrescos,Refresco Cola Cero sin Cafeína Botella 2 L,"0,35 € / 1 L","0,70 €",CONSUM
Bebidas,Refrescos,Refresco Cola Cero sin Cafeína Botella 2 L,"0,35 € / 1 L","0,70 €",CONSUM
Bebidas,Refrescos,Refresco Cola Cero sin Cafeína Botella 2 L,"0,35 € / 1 L","0,70 €",CONSUM
Bebidas,Refrescos,"Refresco Té Melocotón Botella 1,5 L","0,63 € / 1 L","0,95 €",CONSUM
Bebidas,Refrescos,"Refresco Té Melocotón Botella 1,5 L","0,63 € / 1 L","0,95 €",CONSUM
Bebidas,Refrescos,"Refresco Té Melocotón Botella 1,5 L","0,63 € / 1 L","0,95 €",CONSUM
Bebidas,Refrescos,"Refresco Té Melocotón Botella 1,5 L","0,63 € / 1 L","0,95 €",CONSUM
Bebidas,Refrescos,"Refresco Té Melocotón Botella 1,5 L","0,63 € / 1 L","0,95 €",CONSUM
Bebidas,Refrescos,"Refresco Té Melocotón Botella 1,5 L","0,63 € / 1 L","0,95 €",CONSUM
Bebidas,Refrescos,"Refresco Té Melocotón Botella 1,5 L","0,63 € / 1 L","0,95 €",CONSUM
Bebidas,Refrescos,"Refresco Té Melocotón Botella 1,5 L","0,63 € / 1 L","0,95 €",CONSUM
Bebidas,Refrescos,"Refresco Té Melocotón Botella 1,5 L","0,63 € / 1 L","0,95 €",CONSUM
Bebidas,Refrescos,"Refresco Té Melocotón Botella 1,5 L","0,63 € / 1 L","0,95 €",CONSUM
Bebidas,Refrescos,"Refresco Té Melocotón Botella 1,5 L","0,63 € / 1 L","0,95 €",CONSUM
Bebidas,Refrescos,"Refresco Té Melocotón Botella 1,5 L","0,63 € / 1 L","0,95 €",CONSUM
Bebidas,Refrescos,"Refresco Té Melocotón Botella 1,5 L","0,63 € / 1 L","0,95 €",CONSUM
Bebidas,Refrescos,"Refresco Té Melocotón Botella 1,5 L","0,63 € / 1 L","0,95 €",CONSUM
Bebidas,Refrescos,"Refresco Té Melocotón Botella 1,5 L","0,63 € / 1 L","0,95 €",CONSUM
Bebidas,Refrescos,"Refresco Té Melocotón Botella 1,5 L","0,63 € / 1 L","0,95 €",CONSUM
Bebidas,Refrescos,"Refresco Té Melocotón Botella 1,5 L","0,63 € / 1 L","0,95 €",CONSUM
Bebidas,Refrescos,"Refresco Té Melocotón Botella 1,5 L","0,63 € / 1 L","0,95 €",CONSUM
Bebidas,Refrescos,"Refresco Té Melocotón Botella 1,5 L","0,63 € / 1 L","0,95 €",CONSUM
Bebidas,Refrescos,"Refresco Té Melocotón Botella 1,5 L","0,63 € / 1 L","0,95 €",CONSUM
Bebidas,Refrescos,"Refresco Mandarina Lima, Naranja y Pomelo 0,33 L","2,88 € / 1 L","0,95 €",SCHWEPPES
Bebidas,Refrescos,"Refresco Mandarina Lima, Naranja y Pomelo 0,33 L","2,88 € / 1 L","0,95 €",SCHWEPPES
Bebidas,Refrescos,"Refresco Mandarina Lima, Naranja y Pomelo 0,33 L","2,88 € / 1 L","0,95 €",SCHWEPPES
Bebidas,Refrescos,"Refresco Mandarina Lima, Naranja y Pomelo 0,33 L","2,88 € / 1 L","0,95 €",SCHWEPPES
Bebidas,Refrescos,"Refresco Mandarina Lima, Naranja y Pomelo 0,33 L","2,88 € / 1 L","0,95 €",SCHWEPPES
Bebidas,Refrescos,"Refresco Mandarina Lima, Naranja y Pomelo 0,33 L","2,88 € / 1 L","0,95 €",SCHWEPPES
Bebidas,Refrescos,"Refresco Mandarina Lima, Naranja y Pomelo 0,33 L","2,88 € / 1 L","0,95 €",SCHWEPPES
Bebidas,Refrescos,"Refresco Mandarina Lima, Naranja y Pomelo 0,33 L","2,88 € / 1 L","0,95 €",SCHWEPPES
Bebidas,Refrescos,"Refresco Mandarina Lima, Naranja y Pomelo 0,33 L","2,88 € / 1 L","0,95 €",SCHWEPPES
Bebidas,Refrescos,"Refresco Mandarina Lima, Naranja y Pomelo 0,33 L","2,88 € / 1 L","0,95 €",SCHWEPPES
Bebidas,Refrescos,"Refresco Mandarina Lima, Naranja y Pomelo 0,33 L","2,88 € / 1 L","0,95 €",SCHWEPPES
Bebidas,Refrescos,"Refresco Mandarina Lima, Naranja y Pomelo 0,33 L","2,88 € / 1 L","0,95 €",SCHWEPPES
Bebidas,Refrescos,"Refresco Mandarina Lima, Naranja y Pomelo 0,33 L","2,88 € / 1 L","0,95 €",SCHWEPPES
Bebidas,Refrescos,"Refresco Mandarina Lima, Naranja y Pomelo 0,33 L","2,88 € / 1 L","0,95 €",SCHWEPPES
Bebidas,Refrescos,"Refresco Mandarina Lima, Naranja y Pomelo 0,33 L","2,88 € / 1 L","0,95 €",SCHWEPPES
Bebidas,Refrescos,"Refresco Mandarina Lima, Naranja y Pomelo 0,33 L","2,88 € / 1 L","0,95 €",SCHWEPPES
Bebidas,Refrescos,"Refresco Mandarina Lima, Naranja y Pomelo 0,33 L","2,88 € / 1 L","0,95 €",SCHWEPPES
Bebidas,Refrescos,"Refresco Mandarina Lima, Naranja y Pomelo 0,33 L","2,88 € / 1 L","0,95 €",SCHWEPPES
Bebidas,Refrescos,"Refresco Mandarina Lima, Naranja y Pomelo 0,33 L","2,88 € / 1 L","0,95 €",SCHWEPPES
Bebidas,Refrescos,"Refresco Mandarina Lima, Naranja y Pomelo 0,33 L","2,88 € / 1 L","0,95 €",SCHWEPPES
Bebidas,Refrescos,"Té Limón Zero Pet 0,5 L","1,24 € / 1 L","0,62 €",S.BENEDETTO
Bebidas,Refrescos,"Té Limón Zero Pet 0,5 L","1,24 € / 1 L","0,62 €",S.BENEDETTO
Bebidas,Sangrías y combinados base vino,"Tinto de Verano Limón 0,0%Azúcar 0,0%Alcohol 1,5 L","0,79 € / 1 L","1,55 €
1,19 €",SANDEVID
Bebidas,Sangrías y combinados base vino,"Tinto de Verano Limón 0,0%Azúcar 0,0%Alcohol 1,5 L","0,79 € / 1 L","1,55 €
1,19 €",SANDEVID
Bebidas,Sangrías y combinados base vino,"Tinto de Verano Limón 0,0%Azúcar 0,0%Alcohol 1,5 L","0,79 € / 1 L","1,55 €
1,19 €",SANDEVID
Bebidas,Sangrías y combinados base vino,"Tinto de Verano Limón 0,0%Azúcar 0,0%Alcohol 1,5 L","0,79 € / 1 L","1,55 €
1,19 €",SANDEVID
Bebidas,Sangrías y combinados base vino,"Tinto de Verano Limón 0,0%Azúcar 0,0%Alcohol 1,5 L","0,79 € / 1 L","1,55 €
1,19 €",SANDEVID
Bebidas,Sangrías y combinados base vino,"Tinto de Verano Limón 0,0%Azúcar 0,0%Alcohol 1,5 L","0,79 € / 1 L","1,55 €
1,19 €",SANDEVID
Bebidas,Sangrías y combinados base vino,"Tinto de Verano Limón 0,0%Azúcar 0,0%Alcohol 1,5 L","0,79 € / 1 L","1,55 €
1,19 €",SANDEVID
Bebidas,Sangrías y combinados base vino,"Tinto de Verano Limón 0,0%Azúcar 0,0%Alcohol 1,5 L","0,79 € / 1 L","1,55 €
1,19 €",SANDEVID
Bebidas,Sangrías y combinados base vino,"Tinto de Verano Limón 0,0%Azúcar 0,0%Alcohol 1,5 L","0,79 € / 1 L","1,55 €
1,19 €",SANDEVID
Bebidas,Sangrías y combinados base vino,"Tinto de Verano Limón 0,0%Azúcar 0,0%Alcohol 1,5 L","0,79 € / 1 L","1,55 €
1,19 €",SANDEVID
Bebidas,Sangrías y combinados base vino,"Tinto de Verano Limón 0,0%Azúcar 0,0%Alcohol 1,5 L","0,79 € / 1 L","1,55 €
1,19 €",SANDEVID
Bebidas,Sangrías y combinados base vino,"Tinto de Verano Limón 0,0%Azúcar 0,0%Alcohol 1,5 L","0,79 € / 1 L","1,55 €
1,19 €",SANDEVID
Bebidas,Sangrías y combinados base vino,"Tinto de Verano Limón 0,0%Azúcar 0,0%Alcohol 1,5 L","0,79 € / 1 L","1,55 €
1,19 €",SANDEVID
Bebidas,Sangrías y combinados base vino,"Tinto de Verano Limón 0,0%Azúcar 0,0%Alcohol 1,5 L","0,79 € / 1 L","1,55 €
1,19 €",SANDEVID
Bebidas,Sangrías y combinados base vino,"Tinto de Verano Limón 0,0%Azúcar 0,0%Alcohol 1,5 L","0,79 € / 1 L","1,55 €
1,19 €",SANDEVID
Bebidas,Sangrías y combinados base vino,"Tinto de Verano Limón 0,0%Azúcar 0,0%Alcohol 1,5 L","0,79 € / 1 L","1,55 €
1,19 €",SANDEVID
Bebidas,Vinos blancos,Vino Blanco de Mesa Brik 1 L,"0,95 € / 1 L","1,00 €
0,95 €",ROIXELA
Bebidas,Vinos blancos,Vino Blanco de Mesa Brik 1 L,"0,95 € / 1 L","1,00 €
0,95 €",ROIXELA
Bebidas,Vinos blancos,Vino Blanco de Mesa Brik 1 L,"0,95 € / 1 L","1,00 €
0,95 €",ROIXELA
Bebidas,Vinos blancos,Vino Blanco de Mesa Brik 1 L,"0,95 € / 1 L","1,00 €
0,95 €",ROIXELA
Bebidas,Vinos blancos,Vino Blanco de Mesa Brik 1 L,"0,95 € / 1 L","1,00 €
0,95 €",ROIXELA
Bebidas,Vinos blancos,Vino Blanco de Mesa Brik 1 L,"0,95 € / 1 L","1,00 €
0,95 €",ROIXELA
Bebidas,Vinos blancos,Vino Blanco de Mesa Brik 1 L,"0,95 € / 1 L","1,00 €
0,95 €",ROIXELA
Bebidas,Vinos blancos,Vino Blanco de Mesa Brik 1 L,"0,95 € / 1 L","1,00 €
0,95 €",ROIXELA
Bebidas,Vinos blancos,Vino Blanco de Mesa Brik 1 L,"0,95 € / 1 L","1,00 €
0,95 €",ROIXELA
Bebidas,Vinos blancos,Vino Blanco de Mesa Brik 1 L,"0,95 € / 1 L","1,00 €
0,95 €",ROIXELA
Bebidas,Vinos blancos,Vino Blanco de Mesa Brik 1 L,"0,95 € / 1 L","1,00 €
0,95 €",ROIXELA
Bebidas,Vinos blancos,Vino Blanco de Mesa Brik 1 L,"0,95 € / 1 L","1,00 €
0,95 €",ROIXELA
Bebidas,Vinos blancos,Vino Blanco de Mesa Brik 1 L,"0,95 € / 1 L","1,00 €
0,95 €",ROIXELA
Bebidas,Vinos blancos,Vino Blanco de Mesa Brik 1 L,"0,95 € / 1 L","1,00 €
0,95 €",ROIXELA
Bebidas,Vinos blancos,Vino Blanco de Mesa Brik 1 L,"0,95 € / 1 L","1,00 €
0,95 €",ROIXELA
Bebidas,Vinos blancos,Vino Blanco de Mesa Brik 1 L,"0,95 € / 1 L","1,00 €
0,95 €",ROIXELA
Bebidas,Vinos blancos,Vino Blanco de Mesa Brik 1 L,"0,95 € / 1 L","1,00 €
0,95 €",ROIXELA
Bebidas,Vinos blancos,Vino Blanco de Mesa Brik 1 L,"0,95 € / 1 L","1,00 €
0,95 €",ROIXELA
Bebidas,Vinos blancos,Vino Blanco de Mesa Brik 1 L,"0,95 € / 1 L","1,00 €
0,95 €",ROIXELA
Bebidas,Vinos blancos,Vino Blanco de Mesa Brik 1 L,"0,95 € / 1 L","1,00 €
0,95 €",ROIXELA
Bebidas,Vinos blancos,"Vino Blanco D.O.Valdepeñas 0,75 L","3,19 € / 1 L","2,39 €",LOS MOLINOS
Bebidas,Vinos blancos,"Vino Blanco D.O.Valdepeñas 0,75 L","3,19 € / 1 L","2,39 €",LOS MOLINOS
Bebidas,Vinos blancos,"Vino Blanco D.O.Valdepeñas 0,75 L","3,19 € / 1 L","2,39 €",LOS MOLINOS
Bebidas,Vinos blancos,"Vino Blanco D.O.Valdepeñas 0,75 L","3,19 € / 1 L","2,39 €",LOS MOLINOS
Bebidas,Vinos blancos,"Vino Blanco D.O.Valdepeñas 0,75 L","3,19 € / 1 L","2,39 €",LOS MOLINOS
Bebidas,Vinos blancos,"Vino Blanco D.O.Valdepeñas 0,75 L","3,19 € / 1 L","2,39 €",LOS MOLINOS
Bebidas,Vinos blancos,"Vino Blanco D.O.Valdepeñas 0,75 L","3,19 € / 1 L","2,39 €",LOS MOLINOS
Bebidas,Vinos blancos,"Vino Blanco D.O.Valdepeñas 0,75 L","3,19 € / 1 L","2,39 €",LOS MOLINOS
Bebidas,Vinos blancos,"Vino Blanco D.O.Valdepeñas 0,75 L","3,19 € / 1 L","2,39 €",LOS MOLINOS
Bebidas,Vinos blancos,"Vino Blanco D.O.Valdepeñas 0,75 L","3,19 € / 1 L","2,39 €",LOS MOLINOS
Bebidas,Vinos blancos,"Vino Blanco D.O.Valdepeñas 0,75 L","3,19 € / 1 L","2,39 €",LOS MOLINOS
Bebidas,Vinos blancos,"Vino Blanco D.O.Valdepeñas 0,75 L","3,19 € / 1 L","2,39 €",LOS MOLINOS
Bebidas,Vinos blancos,"Vino Blanco D.O.Valdepeñas 0,75 L","3,19 € / 1 L","2,39 €",LOS MOLINOS
Bebidas,Vinos blancos,"Vino Blanco D.O.Valdepeñas 0,75 L","3,19 € / 1 L","2,39 €",LOS MOLINOS
Bebidas,Vinos blancos,"Vino Blanco D.O.Valdepeñas 0,75 L","3,19 € / 1 L","2,39 €",LOS MOLINOS
Bebidas,Vinos blancos,"Vino Blanco D.O.Valdepeñas 0,75 L","3,19 € / 1 L","2,39 €",LOS MOLINOS
Bebidas,Vinos blancos,"Vino Blanco D.O.Valdepeñas 0,75 L","3,19 € / 1 L","2,39 €",LOS MOLINOS
Bebidas,Vinos blancos,"Vino Blanco D.O.Valdepeñas 0,75 L","3,19 € / 1 L","2,39 €",LOS MOLINOS
Bebidas,Vinos blancos,"Vino Blanco D.O.Valdepeñas 0,75 L","3,19 € / 1 L","2,39 €",LOS MOLINOS
Bebidas,Vinos blancos,"Vino Blanco D.O.Valdepeñas 0,75 L","3,19 € / 1 L","2,39 €",LOS MOLINOS
Bebidas,Vinos blancos,"Vino Blanco Semi D.O.Cataluña 0,75 L","6,60 € / 1 L","4,95 €",BACH
Bebidas,Vinos blancos,"Vino Blanco Semi D.O.Cataluña 0,75 L","6,60 € / 1 L","4,95 €",BACH
Bebidas,Vinos blancos,"Vino Blanco Semi D.O.Cataluña 0,75 L","6,60 € / 1 L","4,95 €",BACH
Bebidas,Vinos blancos,"Vino Blanco Semi D.O.Cataluña 0,75 L","6,60 € / 1 L","4,95 €",BACH
Bebidas,Vinos blancos,"Vino Blanco Semi D.O.Cataluña 0,75 L","6,60 € / 1 L","4,95 €",BACH
Bebidas,Vinos blancos,"Vino Blanco Semi D.O.Cataluña 0,75 L","6,60 € / 1 L","4,95 €",BACH
Bebidas,Vinos blancos,"Vino Blanco Semi D.O.Cataluña 0,75 L","6,60 € / 1 L","4,95 €",BACH
Bebidas,Vinos blancos,"Vino Blanco Semi D.O.Cataluña 0,75 L","6,60 € / 1 L","4,95 €",BACH
Bebidas,Vinos blancos,"Vino Blanco Semi D.O.Cataluña 0,75 L","6,60 € / 1 L","4,95 €",BACH
Bebidas,Vinos blancos,"Vino Blanco Semi D.O.Cataluña 0,75 L","6,60 € / 1 L","4,95 €",BACH
Bebidas,Vinos blancos,"Vino Blanco Semi D.O.Cataluña 0,75 L","6,60 € / 1 L","4,95 €",BACH
Bebidas,Vinos blancos,"Vino Blanco Semi D.O.Cataluña 0,75 L","6,60 € / 1 L","4,95 €",BACH
Bebidas,Vinos blancos,"Vino Blanco Semi D.O.Cataluña 0,75 L","6,60 € / 1 L","4,95 €",BACH
Bebidas,Vinos blancos,"Vino Blanco Semi D.O.Cataluña 0,75 L","6,60 € / 1 L","4,95 €",BACH
Bebidas,Vinos blancos,"Vino Blanco Semi D.O.Cataluña 0,75 L","6,60 € / 1 L","4,95 €",BACH
Bebidas,Vinos blancos,"Vino Blanco Semi D.O.Cataluña 0,75 L","6,60 € / 1 L","4,95 €",BACH
Bebidas,Vinos blancos,"Vino Blanco Semi D.O.Cataluña 0,75 L","6,60 € / 1 L","4,95 €",BACH
Bebidas,Vinos blancos,"Vino Blanco Semi D.O.Cataluña 0,75 L","6,60 € / 1 L","4,95 €",BACH
Bebidas,Vinos blancos,"Vino Blanco Semi D.O.Cataluña 0,75 L","6,60 € / 1 L","4,95 €",BACH
Bebidas,Vinos blancos,"Vino Blanco Semi D.O.Cataluña 0,75 L","6,60 € / 1 L","4,95 €",BACH
Bebidas,Vinos blancos,"Vino Blanco Verdejo D.O.Rueda 0,75 L","5,32 € / 1 L","3,99 €",MAY.CASTILLA
Bebidas,Vinos blancos,"Vino Blanco Verdejo D.O.Rueda 0,75 L","5,32 € / 1 L","3,99 €",MAY.CASTILLA
Bebidas,Vinos blancos,"Vino Blanco Verdejo D.O.Rueda 0,75 L","5,32 € / 1 L","3,99 €",MAY.CASTILLA
Bebidas,Vinos blancos,"Vino Blanco Verdejo D.O.Rueda 0,75 L","5,32 € / 1 L","3,99 €",MAY.CASTILLA
Bebidas,Vinos blancos,"Vino Blanco Verdejo D.O.Rueda 0,75 L","5,32 € / 1 L","3,99 €",MAY.CASTILLA
Bebidas,Vinos blancos,"Vino Blanco Verdejo D.O.Rueda 0,75 L","5,32 € / 1 L","3,99 €",MAY.CASTILLA
Bebidas,Vinos blancos,"Vino Blanco Verdejo D.O.Rueda 0,75 L","5,32 € / 1 L","3,99 €",MAY.CASTILLA
Bebidas,Vinos blancos,"Vino Blanco Verdejo D.O.Rueda 0,75 L","5,32 € / 1 L","3,99 €",MAY.CASTILLA
Bebidas,Vinos blancos,"Vino Blanco Verdejo D.O.Rueda 0,75 L","5,32 € / 1 L","3,99 €",MAY.CASTILLA
Bebidas,Vinos blancos,"Vino Blanco Verdejo D.O.Rueda 0,75 L","5,32 € / 1 L","3,99 €",MAY.CASTILLA
Bebidas,Vinos blancos,"Vino Blanco Verdejo D.O.Rueda 0,75 L","5,32 € / 1 L","3,99 €",MAY.CASTILLA
Bebidas,Vinos blancos,"Vino Blanco Verdejo D.O.Rueda 0,75 L","5,32 € / 1 L","3,99 €",MAY.CASTILLA
Bebidas,Vinos blancos,"Vino Blanco Verdejo D.O.Rueda 0,75 L","5,32 € / 1 L","3,99 €",MAY.CASTILLA
Bebidas,Vinos blancos,"Vino Blanco Verdejo D.O.Rueda 0,75 L","5,32 € / 1 L","3,99 €",MAY.CASTILLA
Bebidas,Vinos blancos,"Vino Blanco Verdejo D.O.Rueda 0,75 L","5,32 € / 1 L","3,99 €",MAY.CASTILLA
Bebidas,Vinos blancos,"Vino Blanco Verdejo D.O.Rueda 0,75 L","5,32 € / 1 L","3,99 €",MAY.CASTILLA
Bebidas,Vinos blancos,"Vino Blanco Verdejo D.O.Rueda 0,75 L","5,32 € / 1 L","3,99 €",MAY.CASTILLA
Bebidas,Vinos blancos,"Vino Blanco Verdejo D.O.Rueda 0,75 L","5,32 € / 1 L","3,99 €",MAY.CASTILLA
Bebidas,Vinos blancos,"Vino Blanco Verdejo D.O.Rueda 0,75 L","5,32 € / 1 L","3,99 €",MAY.CASTILLA
Bebidas,Vinos blancos,"Vino Blanco Verdejo D.O.Rueda 0,75 L","5,32 € / 1 L","3,99 €",MAY.CASTILLA
Bebidas,Vinos blancos,"Vino Blanco Chardonnay D.O. Somontano 0,75 L","4,79 € / 1 L","3,59 €",ARIÑO
Bebidas,Vinos blancos,"Vino Blanco Chardonnay D.O. Somontano 0,75 L","4,79 € / 1 L","3,59 €",ARIÑO
Bebidas,Vinos blancos,"Vino Blanco Chardonnay D.O. Somontano 0,75 L","4,79 € / 1 L","3,59 €",ARIÑO
Bebidas,Vinos blancos,"Vino Blanco Chardonnay D.O. Somontano 0,75 L","4,79 € / 1 L","3,59 €",ARIÑO
Bebidas,Vinos blancos,"Vino Blanco Chardonnay D.O. Somontano 0,75 L","4,79 € / 1 L","3,59 €",ARIÑO
Bebidas,Vinos blancos,"Vino Blanco Chardonnay D.O. Somontano 0,75 L","4,79 € / 1 L","3,59 €",ARIÑO
Bebidas,Vinos blancos,"Vino Blanco Chardonnay D.O. Somontano 0,75 L","4,79 € / 1 L","3,59 €",ARIÑO
Bebidas,Vinos blancos,"Vino Blanco Chardonnay D.O. Somontano 0,75 L","4,79 € / 1 L","3,59 €",ARIÑO
Bebidas,Vinos blancos,"Vino Blanco Chardonnay D.O. Somontano 0,75 L","4,79 € / 1 L","3,59 €",ARIÑO
Bebidas,Vinos blancos,"Vino Blanco Chardonnay D.O. Somontano 0,75 L","4,79 € / 1 L","3,59 €",ARIÑO
Bebidas,Vinos blancos,"Vino Blanco Chardonnay D.O. Somontano 0,75 L","4,79 € / 1 L","3,59 €",ARIÑO
Bebidas,Vinos rosados,"Vino Rosado Aguja Espumoso 0,75 L","6,66 € / 1 L","5,99 €
4,99 €",SANDARA
Bebidas,Vinos rosados,"Vino Rosado Aguja Espumoso 0,75 L","6,66 € / 1 L","5,99 €
4,99 €",SANDARA
Bebidas,Vinos rosados,"Vino Rosado Aguja Espumoso 0,75 L","6,66 € / 1 L","5,99 €
4,99 €",SANDARA
Bebidas,Vinos rosados,"Vino Rosado Aguja Espumoso 0,75 L","6,66 € / 1 L","5,99 €
4,99 €",SANDARA
Bebidas,Vinos rosados,"Vino Rosado Aguja Espumoso 0,75 L","6,66 € / 1 L","5,99 €
4,99 €",SANDARA
Bebidas,Vinos rosados,"Vino Rosado Aguja Espumoso 0,75 L","6,66 € / 1 L","5,99 €
4,99 €",SANDARA
Bebidas,Vinos rosados,"Vino Rosado Aguja Espumoso 0,75 L","6,66 € / 1 L","5,99 €
4,99 €",SANDARA
Bebidas,Vinos rosados,"Vino Rosado Aguja Espumoso 0,75 L","6,66 € / 1 L","5,99 €
4,99 €",SANDARA
Bebidas,Vinos rosados,"Vino Rosado Aguja Espumoso 0,75 L","6,66 € / 1 L","5,99 €
4,99 €",SANDARA
Bebidas,Vinos rosados,"Vino Rosado Aguja Espumoso 0,75 L","6,66 € / 1 L","5,99 €
4,99 €",SANDARA
Bebidas,Vinos rosados,"Vino Rosado Aguja Espumoso 0,75 L","6,66 € / 1 L","5,99 €
4,99 €",SANDARA
Bebidas,Vinos rosados,"Vino Rosado Aguja Espumoso 0,75 L","6,66 € / 1 L","5,99 €
4,99 €",SANDARA
Bebidas,Vinos rosados,"Vino Rosado Aguja Espumoso 0,75 L","6,66 € / 1 L","5,99 €
4,99 €",SANDARA
Bebidas,Vinos rosados,"Vino Rosado Aguja Espumoso 0,75 L","6,66 € / 1 L","5,99 €
4,99 €",SANDARA
Bebidas,Vinos rosados,"Vino Rosado Aguja Espumoso 0,75 L","6,66 € / 1 L","5,99 €
4,99 €",SANDARA
Bebidas,Vinos rosados,"Vino Rosado Aguja Espumoso 0,75 L","6,66 € / 1 L","5,99 €
4,99 €",SANDARA
Bebidas,Vinos rosados,"Vino Rosado Aguja Espumoso 0,75 L","6,66 € / 1 L","5,99 €
4,99 €",SANDARA
Bebidas,Vinos rosados,"Vino Rosado Aguja Espumoso 0,75 L","6,66 € / 1 L","5,99 €
4,99 €",SANDARA
Bebidas,Vinos rosados,"Vino Rosado Aguja Espumoso 0,75 L","6,66 € / 1 L","5,99 €
4,99 €",SANDARA
Bebidas,Vinos rosados,"Vino Rosado Aguja Espumoso 0,75 L","6,66 € / 1 L","5,99 €
4,99 €",SANDARA
Bebidas,Vinos rosados,"Vino Rosado Pálido D.O.Valencia 0,75 L","4,33 € / 1 L","3,25 €",J. DE JUANES
Bebidas,Vinos rosados,"Vino Rosado Pálido D.O.Valencia 0,75 L","4,33 € / 1 L","3,25 €",J. DE JUANES
Bebidas,Vinos rosados,"Vino Rosado Pálido D.O.Valencia 0,75 L","4,33 € / 1 L","3,25 €",J. DE JUANES
Bebidas,Vinos rosados,"Vino Rosado Pálido D.O.Valencia 0,75 L","4,33 € / 1 L","3,25 €",J. DE JUANES
Bebidas,Vinos rosados,"Vino Rosado Pálido D.O.Valencia 0,75 L","4,33 € / 1 L","3,25 €",J. DE JUANES
Bebidas,Vinos rosados,"Vino Rosado Pálido D.O.Valencia 0,75 L","4,33 € / 1 L","3,25 €",J. DE JUANES
Bebidas,Vinos rosados,"Vino Rosado Pálido D.O.Valencia 0,75 L","4,33 € / 1 L","3,25 €",J. DE JUANES
Bebidas,Vinos tintos,"Vino Tinto Reserva D.O.Valdepeñas 0,75 L","4,47 € / 1 L","3,69 €
3,35 €",VIÑA ALBALI
Bebidas,Vinos tintos,"Vino Tinto Reserva D.O.Valdepeñas 0,75 L","4,47 € / 1 L","3,69 €
3,35 €",VIÑA ALBALI
Bebidas,Vinos tintos,"Vino Tinto Reserva D.O.Valdepeñas 0,75 L","4,47 € / 1 L","3,69 €
3,35 €",VIÑA ALBALI
Bebidas,Vinos tintos,"Vino Tinto Reserva D.O.Valdepeñas 0,75 L","4,47 € / 1 L","3,69 €
3,35 €",VIÑA ALBALI
Bebidas,Vinos tintos,"Vino Tinto Reserva D.O.Valdepeñas 0,75 L","4,47 € / 1 L","3,69 €
3,35 €",VIÑA ALBALI
Bebidas,Vinos tintos,"Vino Tinto Reserva D.O.Valdepeñas 0,75 L","4,47 € / 1 L","3,69 €
3,35 €",VIÑA ALBALI
Bebidas,Vinos tintos,"Vino Tinto Reserva D.O.Valdepeñas 0,75 L","4,47 € / 1 L","3,69 €
3,35 €",VIÑA ALBALI
Bebidas,Vinos tintos,"Vino Tinto Reserva D.O.Valdepeñas 0,75 L","4,47 € / 1 L","3,69 €
3,35 €",VIÑA ALBALI
Bebidas,Vinos tintos,"Vino Tinto Reserva D.O.Valdepeñas 0,75 L","4,47 € / 1 L","3,69 €
3,35 €",VIÑA ALBALI
Bebidas,Vinos tintos,"Vino Tinto Reserva D.O.Valdepeñas 0,75 L","4,47 € / 1 L","3,69 €
3,35 €",VIÑA ALBALI
Bebidas,Vinos tintos,"Vino Tinto Reserva D.O.Valdepeñas 0,75 L","4,47 € / 1 L","3,69 €
3,35 €",VIÑA ALBALI
Bebidas,Vinos tintos,"Vino Tinto Reserva D.O.Valdepeñas 0,75 L","4,47 € / 1 L","3,69 €
3,35 €",VIÑA ALBALI
Bebidas,Vinos tintos,"Vino Tinto Reserva D.O.Valdepeñas 0,75 L","4,47 € / 1 L","3,69 €
3,35 €",VIÑA ALBALI
Bebidas,Vinos tintos,"Vino Tinto Reserva D.O.Valdepeñas 0,75 L","4,47 € / 1 L","3,69 €
3,35 €",VIÑA ALBALI
Bebidas,Vinos tintos,"Vino Tinto Reserva D.O.Valdepeñas 0,75 L","4,47 € / 1 L","3,69 €
3,35 €",VIÑA ALBALI
Bebidas,Vinos tintos,"Vino Tinto Reserva D.O.Valdepeñas 0,75 L","4,47 € / 1 L","3,69 €
3,35 €",VIÑA ALBALI
Bebidas,Vinos tintos,"Vino Tinto Reserva D.O.Valdepeñas 0,75 L","4,47 € / 1 L","3,69 €
3,35 €",VIÑA ALBALI
Bebidas,Vinos tintos,"Vino Tinto Reserva D.O.Valdepeñas 0,75 L","4,47 € / 1 L","3,69 €
3,35 €",VIÑA ALBALI
Bebidas,Vinos tintos,"Vino Tinto Reserva D.O.Valdepeñas 0,75 L","4,47 € / 1 L","3,69 €
3,35 €",VIÑA ALBALI
Bebidas,Vinos tintos,"Vino Tinto Reserva D.O.Valdepeñas 0,75 L","4,47 € / 1 L","3,69 €
3,35 €",VIÑA ALBALI
Bebidas,Vinos tintos,"Vino Tinto Reserva D.O. Utiel Requena 0,75 L","3,45 € / 1 L","2,95 €
2,59 €",BARRICA 88
Bebidas,Vinos tintos,"Vino Tinto Reserva D.O. Utiel Requena 0,75 L","3,45 € / 1 L","2,95 €
2,59 €",BARRICA 88
Bebidas,Vinos tintos,"Vino Tinto Reserva D.O. Utiel Requena 0,75 L","3,45 € / 1 L","2,95 €
2,59 €",BARRICA 88
Bebidas,Vinos tintos,"Vino Tinto Reserva D.O. Utiel Requena 0,75 L","3,45 € / 1 L","2,95 €
2,59 €",BARRICA 88
Bebidas,Vinos tintos,"Vino Tinto Reserva D.O. Utiel Requena 0,75 L","3,45 € / 1 L","2,95 €
2,59 €",BARRICA 88
Bebidas,Vinos tintos,"Vino Tinto Reserva D.O. Utiel Requena 0,75 L","3,45 € / 1 L","2,95 €
2,59 €",BARRICA 88
Bebidas,Vinos tintos,"Vino Tinto Reserva D.O. Utiel Requena 0,75 L","3,45 € / 1 L","2,95 €
2,59 €",BARRICA 88
Bebidas,Vinos tintos,"Vino Tinto Reserva D.O. Utiel Requena 0,75 L","3,45 € / 1 L","2,95 €
2,59 €",BARRICA 88
Bebidas,Vinos tintos,"Vino Tinto Reserva D.O. Utiel Requena 0,75 L","3,45 € / 1 L","2,95 €
2,59 €",BARRICA 88
Bebidas,Vinos tintos,"Vino Tinto Reserva D.O. Utiel Requena 0,75 L","3,45 € / 1 L","2,95 €
2,59 €",BARRICA 88
Bebidas,Vinos tintos,"Vino Tinto Reserva D.O. Utiel Requena 0,75 L","3,45 € / 1 L","2,95 €
2,59 €",BARRICA 88
Bebidas,Vinos tintos,"Vino Tinto Reserva D.O. Utiel Requena 0,75 L","3,45 € / 1 L","2,95 €
2,59 €",BARRICA 88
Bebidas,Vinos tintos,"Vino Tinto Reserva D.O. Utiel Requena 0,75 L","3,45 € / 1 L","2,95 €
2,59 €",BARRICA 88
Bebidas,Vinos tintos,"Vino Tinto Reserva D.O. Utiel Requena 0,75 L","3,45 € / 1 L","2,95 €
2,59 €",BARRICA 88
Bebidas,Vinos tintos,"Vino Tinto Reserva D.O. Utiel Requena 0,75 L","3,45 € / 1 L","2,95 €
2,59 €",BARRICA 88
Bebidas,Vinos tintos,"Vino Tinto Reserva D.O. Utiel Requena 0,75 L","3,45 € / 1 L","2,95 €
2,59 €",BARRICA 88
Bebidas,Vinos tintos,"Vino Tinto Reserva D.O. Utiel Requena 0,75 L","3,45 € / 1 L","2,95 €
2,59 €",BARRICA 88
Bebidas,Vinos tintos,"Vino Tinto Reserva D.O. Utiel Requena 0,75 L","3,45 € / 1 L","2,95 €
2,59 €",BARRICA 88
Bebidas,Vinos tintos,"Vino Tinto Reserva D.O. Utiel Requena 0,75 L","3,45 € / 1 L","2,95 €
2,59 €",BARRICA 88
Bebidas,Vinos tintos,"Vino Tinto Reserva D.O. Utiel Requena 0,75 L","3,45 € / 1 L","2,95 €
2,59 €",BARRICA 88
Bebidas,Vinos tintos,"Vino Tinto Reserva D.O.Utiel-Requena 0,75 L","6,65 € / 1 L","4,99 €",V.ENTERIZO
Bebidas,Vinos tintos,"Vino Tinto Reserva D.O.Utiel-Requena 0,75 L","6,65 € / 1 L","4,99 €",V.ENTERIZO
Bebidas,Vinos tintos,"Vino Tinto Reserva D.O.Utiel-Requena 0,75 L","6,65 € / 1 L","4,99 €",V.ENTERIZO
Bebidas,Vinos tintos,"Vino Tinto Reserva D.O.Utiel-Requena 0,75 L","6,65 € / 1 L","4,99 €",V.ENTERIZO
Bebidas,Vinos tintos,"Vino Tinto Reserva D.O.Utiel-Requena 0,75 L","6,65 € / 1 L","4,99 €",V.ENTERIZO
Bebidas,Vinos tintos,"Vino Tinto Reserva D.O.Utiel-Requena 0,75 L","6,65 € / 1 L","4,99 €",V.ENTERIZO
Bebidas,Vinos tintos,"Vino Tinto Reserva D.O.Utiel-Requena 0,75 L","6,65 € / 1 L","4,99 €",V.ENTERIZO
Bebidas,Vinos tintos,"Vino Tinto Reserva D.O.Utiel-Requena 0,75 L","6,65 € / 1 L","4,99 €",V.ENTERIZO
Bebidas,Vinos tintos,"Vino Tinto Reserva D.O.Utiel-Requena 0,75 L","6,65 € / 1 L","4,99 €",V.ENTERIZO
Bebidas,Vinos tintos,"Vino Tinto Reserva D.O.Utiel-Requena 0,75 L","6,65 € / 1 L","4,99 €",V.ENTERIZO
Bebidas,Vinos tintos,"Vino Tinto Reserva D.O.Utiel-Requena 0,75 L","6,65 € / 1 L","4,99 €",V.ENTERIZO
Bebidas,Vinos tintos,"Vino Tinto Reserva D.O.Utiel-Requena 0,75 L","6,65 € / 1 L","4,99 €",V.ENTERIZO
Bebidas,Vinos tintos,"Vino Tinto Reserva D.O.Utiel-Requena 0,75 L","6,65 € / 1 L","4,99 €",V.ENTERIZO
Bebidas,Vinos tintos,"Vino Tinto Reserva D.O.Utiel-Requena 0,75 L","6,65 € / 1 L","4,99 €",V.ENTERIZO
Bebidas,Vinos tintos,"Vino Tinto Reserva D.O.Utiel-Requena 0,75 L","6,65 € / 1 L","4,99 €",V.ENTERIZO
Bebidas,Vinos tintos,"Vino Tinto Reserva D.O.Utiel-Requena 0,75 L","6,65 € / 1 L","4,99 €",V.ENTERIZO
Bebidas,Vinos tintos,"Vino Tinto Reserva D.O.Utiel-Requena 0,75 L","6,65 € / 1 L","4,99 €",V.ENTERIZO
Bebidas,Vinos tintos,"Vino Tinto Reserva D.O.Utiel-Requena 0,75 L","6,65 € / 1 L","4,99 €",V.ENTERIZO
Bebidas,Vinos tintos,"Vino Tinto Reserva D.O.Utiel-Requena 0,75 L","6,65 € / 1 L","4,99 €",V.ENTERIZO
Bebidas,Vinos tintos,"Vino Tinto Reserva D.O.Utiel-Requena 0,75 L","6,65 € / 1 L","4,99 €",V.ENTERIZO
Bebidas,Vinos tintos,"Vinto Tinto Crianza D.O.Rioja 0,75 L","7,59 € / 1 L","5,69 €",FAUST.RIVERO
Bebidas,Vinos tintos,"Vinto Tinto Crianza D.O.Rioja 0,75 L","7,59 € / 1 L","5,69 €",FAUST.RIVERO
Bebidas,Vinos tintos,"Vinto Tinto Crianza D.O.Rioja 0,75 L","7,59 € / 1 L","5,69 €",FAUST.RIVERO
Bebidas,Vinos tintos,"Vinto Tinto Crianza D.O.Rioja 0,75 L","7,59 € / 1 L","5,69 €",FAUST.RIVERO
Bebidas,Vinos tintos,"Vinto Tinto Crianza D.O.Rioja 0,75 L","7,59 € / 1 L","5,69 €",FAUST.RIVERO
Bebidas,Vinos tintos,"Vinto Tinto Crianza D.O.Rioja 0,75 L","7,59 € / 1 L","5,69 €",FAUST.RIVERO
Bebidas,Vinos tintos,"Vinto Tinto Crianza D.O.Rioja 0,75 L","7,59 € / 1 L","5,69 €",FAUST.RIVERO
Bebidas,Vinos tintos,"Vinto Tinto Crianza D.O.Rioja 0,75 L","7,59 € / 1 L","5,69 €",FAUST.RIVERO
Bebidas,Vinos tintos,"Vinto Tinto Crianza D.O.Rioja 0,75 L","7,59 € / 1 L","5,69 €",FAUST.RIVERO
Bebidas,Vinos tintos,"Vinto Tinto Crianza D.O.Rioja 0,75 L","7,59 € / 1 L","5,69 €",FAUST.RIVERO
Bebidas,Vinos tintos,"Vinto Tinto Crianza D.O.Rioja 0,75 L","7,59 € / 1 L","5,69 €",FAUST.RIVERO
Bebidas,Vinos tintos,"Vinto Tinto Crianza D.O.Rioja 0,75 L","7,59 € / 1 L","5,69 €",FAUST.RIVERO
Bebidas,Vinos tintos,"Vinto Tinto Crianza D.O.Rioja 0,75 L","7,59 € / 1 L","5,69 €",FAUST.RIVERO
Bebidas,Vinos tintos,"Vinto Tinto Crianza D.O.Rioja 0,75 L","7,59 € / 1 L","5,69 €",FAUST.RIVERO
Bebidas,Vinos tintos,"Vinto Tinto Crianza D.O.Rioja 0,75 L","7,59 € / 1 L","5,69 €",FAUST.RIVERO
Bebidas,Vinos tintos,"Vinto Tinto Crianza D.O.Rioja 0,75 L","7,59 € / 1 L","5,69 €",FAUST.RIVERO
Bebidas,Vinos tintos,"Vinto Tinto Crianza D.O.Rioja 0,75 L","7,59 € / 1 L","5,69 €",FAUST.RIVERO
Bebidas,Vinos tintos,"Vinto Tinto Crianza D.O.Rioja 0,75 L","7,59 € / 1 L","5,69 €",FAUST.RIVERO
Bebidas,Vinos tintos,"Vinto Tinto Crianza D.O.Rioja 0,75 L","7,59 € / 1 L","5,69 €",FAUST.RIVERO
Bebidas,Vinos tintos,"Vinto Tinto Crianza D.O.Rioja 0,75 L","7,59 € / 1 L","5,69 €",FAUST.RIVERO
Bebidas,Vinos tintos,"Vino Tinto Crianza D.O.Rioja 0,75 L","3,93 € / 1 L","2,95 €",DUQUE NARDOS
Bebidas,Vinos tintos,"Vino Tinto Crianza D.O.Rioja 0,75 L","3,93 € / 1 L","2,95 €",DUQUE NARDOS
Bebidas,Vinos tintos,"Vino Tinto Crianza D.O.Rioja 0,75 L","3,93 € / 1 L","2,95 €",DUQUE NARDOS
Bebidas,Vinos tintos,"Vino Tinto Crianza D.O.Rioja 0,75 L","3,93 € / 1 L","2,95 €",DUQUE NARDOS
Bebidas,Vinos tintos,"Vino Tinto Crianza D.O.Rioja 0,75 L","3,93 € / 1 L","2,95 €",DUQUE NARDOS
Bebidas,Vinos tintos,"Vino Tinto Crianza D.O.Rioja 0,75 L","3,93 € / 1 L","2,95 €",DUQUE NARDOS
Bebidas,Vinos tintos,"Vino Tinto Crianza D.O.Rioja 0,75 L","3,93 € / 1 L","2,95 €",DUQUE NARDOS
Bebidas,Vinos tintos,"Vino Tinto Crianza D.O.Rioja 0,75 L","3,93 € / 1 L","2,95 €",DUQUE NARDOS
Bebidas,Vinos tintos,"Vino Tinto Crianza D.O.Rioja 0,75 L","3,93 € / 1 L","2,95 €",DUQUE NARDOS
Bebidas,Vinos tintos,"Vino Tinto Crianza D.O.Rioja 0,75 L","3,93 € / 1 L","2,95 €",DUQUE NARDOS
Bebidas,Vinos tintos,"Vino Tinto Crianza D.O.Rioja 0,75 L","3,93 € / 1 L","2,95 €",DUQUE NARDOS
Bebidas,Vinos tintos,"Vino Tinto Crianza D.O.Rioja 0,75 L","3,93 € / 1 L","2,95 €",DUQUE NARDOS
Bebidas,Vinos tintos,"Vino Tinto Crianza D.O.Rioja 0,75 L","3,93 € / 1 L","2,95 €",DUQUE NARDOS
Bebidas,Vinos tintos,"Vino Tinto Crianza D.O.Rioja 0,75 L","3,93 € / 1 L","2,95 €",DUQUE NARDOS
Bebidas,Vinos tintos,"Vino Tinto Crianza D.O.Rioja 0,75 L","3,93 € / 1 L","2,95 €",DUQUE NARDOS
Bebidas,Vinos tintos,"Vino Tinto Crianza D.O.Rioja 0,75 L","3,93 € / 1 L","2,95 €",DUQUE NARDOS
Bebidas,Vinos tintos,"Vino Tinto Crianza D.O.Rioja 0,75 L","3,93 € / 1 L","2,95 €",DUQUE NARDOS
Bebidas,Vinos tintos,"Vino Tinto Crianza D.O.Rioja 0,75 L","3,93 € / 1 L","2,95 €",DUQUE NARDOS
Bebidas,Vinos tintos,"Vino Tinto Crianza D.O.Rioja 0,75 L","3,93 € / 1 L","2,95 €",DUQUE NARDOS
Bebidas,Vinos tintos,"Vino Tinto Crianza D.O.Rioja 0,75 L","3,93 € / 1 L","2,95 €",DUQUE NARDOS
Bebidas,Vinos tintos,"Vino Tinto Ecológico D.O.El Terrerazo 0,75 L","14,00 € / 1 L","10,50 €",MESTIZAJE
Bebidas,Vinos tintos,"Vino Tinto Ecológico D.O.El Terrerazo 0,75 L","14,00 € / 1 L","10,50 €",MESTIZAJE
Bebidas,Vinos tintos,"Vino Tinto Ecológico D.O.El Terrerazo 0,75 L","14,00 € / 1 L","10,50 €",MESTIZAJE
Bebidas,Vinos tintos,"Vino Tinto Ecológico D.O.El Terrerazo 0,75 L","14,00 € / 1 L","10,50 €",MESTIZAJE
Bebidas,Vinos tintos,"Vino Tinto Ecológico D.O.El Terrerazo 0,75 L","14,00 € / 1 L","10,50 €",MESTIZAJE
Bebidas,Vinos tintos,"Vino Tinto Ecológico D.O.El Terrerazo 0,75 L","14,00 € / 1 L","10,50 €",MESTIZAJE
Bebidas,Vinos tintos,"Vino Tinto Ecológico D.O.El Terrerazo 0,75 L","14,00 € / 1 L","10,50 €",MESTIZAJE
Bebidas,Vinos tintos,"Vino Tinto Ecológico D.O.El Terrerazo 0,75 L","14,00 € / 1 L","10,50 €",MESTIZAJE
Bebidas,Vinos tintos,"Vino Tinto Ecológico D.O.El Terrerazo 0,75 L","14,00 € / 1 L","10,50 €",MESTIZAJE
Bebidas,Vinos tintos,"Vino Tinto Ecológico D.O.El Terrerazo 0,75 L","14,00 € / 1 L","10,50 €",MESTIZAJE
Bebidas,Vinos tintos,"Vino Tinto Ecológico D.O.El Terrerazo 0,75 L","14,00 € / 1 L","10,50 €",MESTIZAJE
Bebidas,Vinos tintos,"Vino Tinto Ecológico D.O.El Terrerazo 0,75 L","14,00 € / 1 L","10,50 €",MESTIZAJE
Bebidas,Vinos tintos,"Vino Tinto Ecológico D.O.El Terrerazo 0,75 L","14,00 € / 1 L","10,50 €",MESTIZAJE
Bebidas,Vinos tintos,"Vino Tinto Ecológico D.O.El Terrerazo 0,75 L","14,00 € / 1 L","10,50 €",MESTIZAJE
Bebidas,Vinos tintos,"Vino Tinto Ecológico D.O.El Terrerazo 0,75 L","14,00 € / 1 L","10,50 €",MESTIZAJE
Bebidas,Vinos tintos,"Vino Tinto Ecológico D.O.El Terrerazo 0,75 L","14,00 € / 1 L","10,50 €",MESTIZAJE
Bebidas,Vinos tintos,"Vino Tinto Ecológico D.O.El Terrerazo 0,75 L","14,00 € / 1 L","10,50 €",MESTIZAJE
Bebidas,Vinos tintos,"Vino Tinto Ecológico D.O.El Terrerazo 0,75 L","14,00 € / 1 L","10,50 €",MESTIZAJE
Bebidas,Vinos tintos,"Vino Tinto Ecológico D.O.El Terrerazo 0,75 L","14,00 € / 1 L","10,50 €",MESTIZAJE
Bebidas,Vinos tintos,"Vino Tinto Ecológico D.O.El Terrerazo 0,75 L","14,00 € / 1 L","10,50 €",MESTIZAJE
Bebidas,Vinos tintos,"Vino Tinto Roble D.O.Ribera del Duero 0,75 L","9,85 € / 1 L","7,39 €",VIÑA MAYOR
Bebidas,Vinos tintos,"Vino Tinto Roble D.O.Ribera del Duero 0,75 L","9,85 € / 1 L","7,39 €",VIÑA MAYOR
Bebidas,Vinos tintos,"Vino Tinto Roble D.O.Ribera del Duero 0,75 L","9,85 € / 1 L","7,39 €",VIÑA MAYOR
Bebidas,Vinos tintos,"Vino Tinto Roble D.O.Ribera del Duero 0,75 L","9,85 € / 1 L","7,39 €",VIÑA MAYOR
Bebidas,Vinos tintos,"Vino Tinto Roble D.O.Ribera del Duero 0,75 L","9,85 € / 1 L","7,39 €",VIÑA MAYOR
Bebidas,Vinos tintos,"Vino Tinto Roble D.O.Ribera del Duero 0,75 L","9,85 € / 1 L","7,39 €",VIÑA MAYOR
Bebidas,Vinos tintos,"Vino Tinto Roble D.O.Ribera del Duero 0,75 L","9,85 € / 1 L","7,39 €",VIÑA MAYOR
Bebidas,Vinos tintos,"Vino Tinto Roble D.O.Ribera del Duero 0,75 L","9,85 € / 1 L","7,39 €",VIÑA MAYOR
Bebidas,Vinos tintos,"Vino Tinto Roble D.O.Ribera del Duero 0,75 L","9,85 € / 1 L","7,39 €",VIÑA MAYOR
Bebidas,Vinos tintos,"Vino Tinto Roble D.O.Ribera del Duero 0,75 L","9,85 € / 1 L","7,39 €",VIÑA MAYOR
Bebidas,Vinos tintos,"Vino Tinto Roble D.O.Ribera del Duero 0,75 L","9,85 € / 1 L","7,39 €",VIÑA MAYOR
Bebidas,Vinos tintos,"Vino Tinto Roble D.O.Ribera del Duero 0,75 L","9,85 € / 1 L","7,39 €",VIÑA MAYOR
Bebidas,Vinos tintos,"Vino Tinto Roble D.O.Ribera del Duero 0,75 L","9,85 € / 1 L","7,39 €",VIÑA MAYOR
Bebidas,Vinos tintos,"Vino Tinto Roble D.O.Ribera del Duero 0,75 L","9,85 € / 1 L","7,39 €",VIÑA MAYOR
Bebidas,Vinos tintos,"Vino Tinto Roble D.O.Ribera del Duero 0,75 L","9,85 € / 1 L","7,39 €",VIÑA MAYOR
Bebidas,Vinos tintos,"Vino Tinto Roble D.O.Ribera del Duero 0,75 L","9,85 € / 1 L","7,39 €",VIÑA MAYOR
Bebidas,Vinos tintos,"Vino Tinto Roble D.O.Ribera del Duero 0,75 L","9,85 € / 1 L","7,39 €",VIÑA MAYOR
Bebidas,Vinos tintos,"Vino Tinto Roble D.O.Ribera del Duero 0,75 L","9,85 € / 1 L","7,39 €",VIÑA MAYOR
Bebidas,Vinos tintos,"Vino Tinto Roble D.O.Ribera del Duero 0,75 L","9,85 € / 1 L","7,39 €",VIÑA MAYOR
Bebidas,Vinos tintos,"Vino Tinto Roble D.O.Ribera del Duero 0,75 L","9,85 € / 1 L","7,39 €",VIÑA MAYOR
Bebidas,Vinos tintos,"Vino Tinto Crianza D.O. Utiel Requena 0,75 L","7,99 € / 1 L","5,99 €",C.SURIA
Bebidas,Vinos tintos,"Vino Tinto Crianza D.O. Utiel Requena 0,75 L","7,99 € / 1 L","5,99 €",C.SURIA
Bebidas,Vinos tintos,"Vino Tinto Crianza D.O. Utiel Requena 0,75 L","7,99 € / 1 L","5,99 €",C.SURIA
Bebidas,Vinos tintos,"Vino Tinto Crianza D.O. Utiel Requena 0,75 L","7,99 € / 1 L","5,99 €",C.SURIA
Bebidas,Vinos tintos,"Vino Tinto Crianza D.O. Utiel Requena 0,75 L","7,99 € / 1 L","5,99 €",C.SURIA
Bebidas,Vinos tintos,"Vino Tinto Crianza D.O. Utiel Requena 0,75 L","7,99 € / 1 L","5,99 €",C.SURIA
Bebidas,Vinos tintos,"Vino Tinto Crianza D.O. Utiel Requena 0,75 L","7,99 € / 1 L","5,99 €",C.SURIA
Bebidas,Vinos tintos,"Vino Tinto Crianza D.O. Utiel Requena 0,75 L","7,99 € / 1 L","5,99 €",C.SURIA
Bebidas,Vinos tintos,"Vino Tinto Crianza D.O. Utiel Requena 0,75 L","7,99 € / 1 L","5,99 €",C.SURIA
Bebidas,Vinos tintos,"Vino Tinto Crianza D.O. Utiel Requena 0,75 L","7,99 € / 1 L","5,99 €",C.SURIA
Bebidas,Vinos tintos,"Vino Tinto Crianza D.O. Utiel Requena 0,75 L","7,99 € / 1 L","5,99 €",C.SURIA
Bebidas,Zumos y néctares,"Zumo Uva,Melocotón y Manzana Brik 1 L","1,00 € / 1 L","1,10 €
1,00 €",CONSUM
Bebidas,Zumos y néctares,"Zumo Uva,Melocotón y Manzana Brik 1 L","1,00 € / 1 L","1,10 €
1,00 €",CONSUM
Bebidas,Zumos y néctares,"Zumo Uva,Melocotón y Manzana Brik 1 L","1,00 € / 1 L","1,10 €
1,00 €",CONSUM
Bebidas,Zumos y néctares,"Zumo Uva,Melocotón y Manzana Brik 1 L","1,00 € / 1 L","1,10 €
1,00 €",CONSUM
Bebidas,Zumos y néctares,"Zumo Uva,Melocotón y Manzana Brik 1 L","1,00 € / 1 L","1,10 €
1,00 €",CONSUM
Bebidas,Zumos y néctares,"Zumo Uva,Melocotón y Manzana Brik 1 L","1,00 € / 1 L","1,10 €
1,00 €",CONSUM
Bebidas,Zumos y néctares,"Zumo Uva,Melocotón y Manzana Brik 1 L","1,00 € / 1 L","1,10 €
1,00 €",CONSUM
Bebidas,Zumos y néctares,"Zumo Uva,Melocotón y Manzana Brik 1 L","1,00 € / 1 L","1,10 €
1,00 €",CONSUM
Bebidas,Zumos y néctares,"Zumo Uva,Melocotón y Manzana Brik 1 L","1,00 € / 1 L","1,10 €
1,00 €",CONSUM
Bebidas,Zumos y néctares,"Zumo Uva,Melocotón y Manzana Brik 1 L","1,00 € / 1 L","1,10 €
1,00 €",CONSUM
Bebidas,Zumos y néctares,"Zumo Uva,Melocotón y Manzana Brik 1 L","1,00 € / 1 L","1,10 €
1,00 €",CONSUM
Bebidas,Zumos y néctares,"Zumo Uva,Melocotón y Manzana Brik 1 L","1,00 € / 1 L","1,10 €
1,00 €",CONSUM
Bebidas,Zumos y néctares,"Zumo Uva,Melocotón y Manzana Brik 1 L","1,00 € / 1 L","1,10 €
1,00 €",CONSUM
Bebidas,Zumos y néctares,"Zumo Uva,Melocotón y Manzana Brik 1 L","1,00 € / 1 L","1,10 €
1,00 €",CONSUM
Bebidas,Zumos y néctares,"Zumo Uva,Melocotón y Manzana Brik 1 L","1,00 € / 1 L","1,10 €
1,00 €",CONSUM
Bebidas,Zumos y néctares,"Zumo Uva,Melocotón y Manzana Brik 1 L","1,00 € / 1 L","1,10 €
1,00 €",CONSUM
Bebidas,Zumos y néctares,"Zumo Uva,Melocotón y Manzana Brik 1 L","1,00 € / 1 L","1,10 €
1,00 €",CONSUM
Bebidas,Zumos y néctares,"Zumo Uva,Melocotón y Manzana Brik 1 L","1,00 € / 1 L","1,10 €
1,00 €",CONSUM
Bebidas,Zumos y néctares,"Zumo Uva,Melocotón y Manzana Brik 1 L","1,00 € / 1 L","1,10 €
1,00 €",CONSUM
Bebidas,Zumos y néctares,"Zumo Uva,Melocotón y Manzana Brik 1 L","1,00 € / 1 L","1,10 €
1,00 €",CONSUM
Bebidas,Zumos y néctares,Néctar Naranja Botella Pet 1 L,"2,99 € / 1 L","2,99 €",GRANINI
Bebidas,Zumos y néctares,Néctar Naranja Botella Pet 1 L,"2,99 € / 1 L","2,99 €",GRANINI
Bebidas,Zumos y néctares,Néctar Naranja Botella Pet 1 L,"2,99 € / 1 L","2,99 €",GRANINI
Bebidas,Zumos y néctares,Néctar Naranja Botella Pet 1 L,"2,99 € / 1 L","2,99 €",GRANINI
Bebidas,Zumos y néctares,Néctar Naranja Botella Pet 1 L,"2,99 € / 1 L","2,99 €",GRANINI
Bebidas,Zumos y néctares,Néctar Naranja Botella Pet 1 L,"2,99 € / 1 L","2,99 €",GRANINI
Bebidas,Zumos y néctares,Néctar Naranja Botella Pet 1 L,"2,99 € / 1 L","2,99 €",GRANINI
Bebidas,Zumos y néctares,Néctar Naranja Botella Pet 1 L,"2,99 € / 1 L","2,99 €",GRANINI
Bebidas,Zumos y néctares,Néctar Naranja Botella Pet 1 L,"2,99 € / 1 L","2,99 €",GRANINI
Bebidas,Zumos y néctares,Néctar Naranja Botella Pet 1 L,"2,99 € / 1 L","2,99 €",GRANINI
Bebidas,Zumos y néctares,Néctar Naranja Botella Pet 1 L,"2,99 € / 1 L","2,99 €",GRANINI
Bebidas,Zumos y néctares,Néctar Naranja Botella Pet 1 L,"2,99 € / 1 L","2,99 €",GRANINI
Bebidas,Zumos y néctares,Néctar Naranja Botella Pet 1 L,"2,99 € / 1 L","2,99 €",GRANINI
Bebidas,Zumos y néctares,Néctar Naranja Botella Pet 1 L,"2,99 € / 1 L","2,99 €",GRANINI
Bebidas,Zumos y néctares,Néctar Naranja Botella Pet 1 L,"2,99 € / 1 L","2,99 €",GRANINI
Bebidas,Zumos y néctares,Néctar Naranja Botella Pet 1 L,"2,99 € / 1 L","2,99 €",GRANINI
Bebidas,Zumos y néctares,Néctar Naranja Botella Pet 1 L,"2,99 € / 1 L","2,99 €",GRANINI
Bebidas,Zumos y néctares,Néctar Naranja Botella Pet 1 L,"2,99 € / 1 L","2,99 €",GRANINI
Bebidas,Zumos y néctares,Néctar Naranja Botella Pet 1 L,"2,99 € / 1 L","2,99 €",GRANINI
Bebidas,Zumos y néctares,Néctar Naranja Botella Pet 1 L,"2,99 € / 1 L","2,99 €",GRANINI
Bebidas,Zumos y néctares,Néctar Piña Light Botella Pet 1 L,"0,90 € / 1 L","0,90 €",CONSUM
Bebidas,Zumos y néctares,Néctar Piña Light Botella Pet 1 L,"0,90 € / 1 L","0,90 €",CONSUM
Bebidas,Zumos y néctares,Néctar Piña Light Botella Pet 1 L,"0,90 € / 1 L","0,90 €",CONSUM
Bebidas,Zumos y néctares,Néctar Piña Light Botella Pet 1 L,"0,90 € / 1 L","0,90 €",CONSUM
Bebidas,Zumos y néctares,Néctar Piña Light Botella Pet 1 L,"0,90 € / 1 L","0,90 €",CONSUM
Bebidas,Zumos y néctares,Néctar Piña Light Botella Pet 1 L,"0,90 € / 1 L","0,90 €",CONSUM
Bebidas,Zumos y néctares,Néctar Piña Light Botella Pet 1 L,"0,90 € / 1 L","0,90 €",CONSUM
Bebidas,Zumos y néctares,Néctar Piña Light Botella Pet 1 L,"0,90 € / 1 L","0,90 €",CONSUM
Bebidas,Zumos y néctares,Néctar Piña Light Botella Pet 1 L,"0,90 € / 1 L","0,90 €",CONSUM
Bebidas,Zumos y néctares,Néctar Piña Light Botella Pet 1 L,"0,90 € / 1 L","0,90 €",CONSUM
Bebidas,Zumos y néctares,Néctar Piña Light Botella Pet 1 L,"0,90 € / 1 L","0,90 €",CONSUM
Bebidas,Zumos y néctares,Néctar Piña Light Botella Pet 1 L,"0,90 € / 1 L","0,90 €",CONSUM
Bebidas,Zumos y néctares,Néctar Piña Light Botella Pet 1 L,"0,90 € / 1 L","0,90 €",CONSUM
Bebidas,Zumos y néctares,Néctar Piña Light Botella Pet 1 L,"0,90 € / 1 L","0,90 €",CONSUM
Bebidas,Zumos y néctares,Néctar Piña Light Botella Pet 1 L,"0,90 € / 1 L","0,90 €",CONSUM
Bebidas,Zumos y néctares,Néctar Piña Light Botella Pet 1 L,"0,90 € / 1 L","0,90 €",CONSUM
Bebidas,Zumos y néctares,Néctar Piña Light Botella Pet 1 L,"0,90 € / 1 L","0,90 €",CONSUM
Bebidas,Zumos y néctares,Néctar Piña Light Botella Pet 1 L,"0,90 € / 1 L","0,90 €",CONSUM
Bebidas,Zumos y néctares,Néctar Piña Light Botella Pet 1 L,"0,90 € / 1 L","0,90 €",CONSUM
Bebidas,Zumos y néctares,Néctar Piña Light Botella Pet 1 L,"0,90 € / 1 L","0,90 €",CONSUM
Bebidas,Zumos y néctares,Zumo Tropical Brik 1 L,"1,39 € / 1 L","1,39 €",CONSUM
Bebidas,Zumos y néctares,Zumo Tropical Brik 1 L,"1,39 € / 1 L","1,39 €",CONSUM
Bebidas,Zumos y néctares,Zumo Tropical Brik 1 L,"1,39 € / 1 L","1,39 €",CONSUM
Bebidas,Zumos y néctares,Zumo Tropical Brik 1 L,"1,39 € / 1 L","1,39 €",CONSUM
Bebidas,Zumos y néctares,Zumo Tropical Brik 1 L,"1,39 € / 1 L","1,39 €",CONSUM
Bebidas,Zumos y néctares,Zumo Tropical Brik 1 L,"1,39 € / 1 L","1,39 €",CONSUM
Bebidas,Zumos y néctares,Zumo Tropical Brik 1 L,"1,39 € / 1 L","1,39 €",CONSUM
Bebidas,Zumos y néctares,Zumo Tropical Brik 1 L,"1,39 € / 1 L","1,39 €",CONSUM
Bebidas,Zumos y néctares,Zumo Tropical Brik 1 L,"1,39 € / 1 L","1,39 €",CONSUM
Bebidas,Zumos y néctares,Zumo Tropical Brik 1 L,"1,39 € / 1 L","1,39 €",CONSUM
Bebidas,Zumos y néctares,Zumo Tropical Brik 1 L,"1,39 € / 1 L","1,39 €",CONSUM
Bebidas,Zumos y néctares,Zumo Tropical Brik 1 L,"1,39 € / 1 L","1,39 €",CONSUM
Bebidas,Zumos y néctares,Zumo Tropical Brik 1 L,"1,39 € / 1 L","1,39 €",CONSUM
Bebidas,Zumos y néctares,Zumo Tropical Brik 1 L,"1,39 € / 1 L","1,39 €",CONSUM
Bebidas,Zumos y néctares,Zumo Tropical Brik 1 L,"1,39 € / 1 L","1,39 €",CONSUM
Bebidas,Zumos y néctares,Zumo Tropical Brik 1 L,"1,39 € / 1 L","1,39 €",CONSUM
Bebidas,Zumos y néctares,Zumo Tropical Brik 1 L,"1,39 € / 1 L","1,39 €",CONSUM
Bebidas,Zumos y néctares,Zumo Tropical Brik 1 L,"1,39 € / 1 L","1,39 €",CONSUM
Bebidas,Zumos y néctares,Zumo Tropical Brik 1 L,"1,39 € / 1 L","1,39 €",CONSUM
Bebidas,Zumos y néctares,Zumo Tropical Brik 1 L,"1,39 € / 1 L","1,39 €",CONSUM
Bebidas,Zumos y néctares,Bebida a base de Zumo Melocotón Tetabrik Pack de 3 3x200 ml,"2,75 € / 1 L","1,65 €",GRANINI
Bebidas,Zumos y néctares,Bebida a base de Zumo Melocotón Tetabrik Pack de 3 3x200 ml,"2,75 € / 1 L","1,65 €",GRANINI
Bebidas,Zumos y néctares,Bebida a base de Zumo Melocotón Tetabrik Pack de 3 3x200 ml,"2,75 € / 1 L","1,65 €",GRANINI
Bebidas,Zumos y néctares,Bebida a base de Zumo Melocotón Tetabrik Pack de 3 3x200 ml,"2,75 € / 1 L","1,65 €",GRANINI
Bebidas,Zumos y néctares,Bebida a base de Zumo Melocotón Tetabrik Pack de 3 3x200 ml,"2,75 € / 1 L","1,65 €",GRANINI
Bebidas,Zumos y néctares,Bebida a base de Zumo Melocotón Tetabrik Pack de 3 3x200 ml,"2,75 € / 1 L","1,65 €",GRANINI
Bebidas,Zumos y néctares,Bebida a base de Zumo Melocotón Tetabrik Pack de 3 3x200 ml,"2,75 € / 1 L","1,65 €",GRANINI
Bebidas,Zumos y néctares,Bebida a base de Zumo Melocotón Tetabrik Pack de 3 3x200 ml,"2,75 € / 1 L","1,65 €",GRANINI
Bebidas,Zumos y néctares,Bebida a base de Zumo Melocotón Tetabrik Pack de 3 3x200 ml,"2,75 € / 1 L","1,65 €",GRANINI
Bebidas,Zumos y néctares,Bebida a base de Zumo Melocotón Tetabrik Pack de 3 3x200 ml,"2,75 € / 1 L","1,65 €",GRANINI
Bebidas,Zumos y néctares,Bebida a base de Zumo Melocotón Tetabrik Pack de 3 3x200 ml,"2,75 € / 1 L","1,65 €",GRANINI
Bebidas,Zumos y néctares,Bebida a base de Zumo Melocotón Tetabrik Pack de 3 3x200 ml,"2,75 € / 1 L","1,65 €",GRANINI
Bebidas,Zumos y néctares,Bebida a base de Zumo Melocotón Tetabrik Pack de 3 3x200 ml,"2,75 € / 1 L","1,65 €",GRANINI
Bebidas,Zumos y néctares,Bebida a base de Zumo Melocotón Tetabrik Pack de 3 3x200 ml,"2,75 € / 1 L","1,65 €",GRANINI
Bebidas,Zumos y néctares,Bebida a base de Zumo Melocotón Tetabrik Pack de 3 3x200 ml,"2,75 € / 1 L","1,65 €",GRANINI
Bebidas,Zumos y néctares,Bebida a base de Zumo Melocotón Tetabrik Pack de 3 3x200 ml,"2,75 € / 1 L","1,65 €",GRANINI
Bebidas,Zumos y néctares,Bebida a base de Zumo Melocotón Tetabrik Pack de 3 3x200 ml,"2,75 € / 1 L","1,65 €",GRANINI
Bebidas,Zumos y néctares,Bebida a base de Zumo Melocotón Tetabrik Pack de 3 3x200 ml,"2,75 € / 1 L","1,65 €",GRANINI
Bebidas,Zumos y néctares,Bebida a base de Zumo Melocotón Tetabrik Pack de 3 3x200 ml,"2,75 € / 1 L","1,65 €",GRANINI
Bebidas,Zumos y néctares,Bebida a base de Zumo Melocotón Tetabrik Pack de 3 3x200 ml,"2,75 € / 1 L","1,65 €",GRANINI
Bebidas,Zumos y néctares,"Zumo Manzana, Naranja y Zanahoria ACE 330 ml","2,88 € / 1 L","0,95 €",CONSUM
Bebidas,Zumos y néctares,"Zumo Manzana, Naranja y Zanahoria ACE 330 ml","2,88 € / 1 L","0,95 €",CONSUM
Bebidas,Zumos y néctares,"Zumo Manzana, Naranja y Zanahoria ACE 330 ml","2,88 € / 1 L","0,95 €",CONSUM
Bebidas,Zumos y néctares,"Zumo Manzana, Naranja y Zanahoria ACE 330 ml","2,88 € / 1 L","0,95 €",CONSUM
Bebidas,Zumos y néctares,"Zumo Manzana, Naranja y Zanahoria ACE 330 ml","2,88 € / 1 L","0,95 €",CONSUM
Bebidas,Zumos y néctares,"Zumo Manzana, Naranja y Zanahoria ACE 330 ml","2,88 € / 1 L","0,95 €",CONSUM
Bebidas,Zumos y néctares,"Zumo Manzana, Naranja y Zanahoria ACE 330 ml","2,88 € / 1 L","0,95 €",CONSUM
Bebidas,Zumos y néctares,"Zumo Manzana, Naranja y Zanahoria ACE 330 ml","2,88 € / 1 L","0,95 €",CONSUM
Bebidas,Zumos y néctares,"Zumo Manzana, Naranja y Zanahoria ACE 330 ml","2,88 € / 1 L","0,95 €",CONSUM
Bebidas,Zumos y néctares,"Zumo Manzana, Naranja y Zanahoria ACE 330 ml","2,88 € / 1 L","0,95 €",CONSUM
Bebidas,Zumos y néctares,"Zumo Manzana, Naranja y Zanahoria ACE 330 ml","2,88 € / 1 L","0,95 €",CONSUM
Bebidas,Zumos y néctares,"Zumo Manzana, Naranja y Zanahoria ACE 330 ml","2,88 € / 1 L","0,95 €",CONSUM
Bebidas,Zumos y néctares,"Zumo Manzana, Naranja y Zanahoria ACE 330 ml","2,88 € / 1 L","0,95 €",CONSUM
Bebidas,Zumos y néctares,"Zumo Manzana, Naranja y Zanahoria ACE 330 ml","2,88 € / 1 L","0,95 €",CONSUM
Bebidas,Zumos y néctares,"Zumo Manzana, Naranja y Zanahoria ACE 330 ml","2,88 € / 1 L","0,95 €",CONSUM
Bebidas,Zumos y néctares,"Zumo Manzana, Naranja y Zanahoria ACE 330 ml","2,88 € / 1 L","0,95 €",CONSUM
Bebidas,Zumos y néctares,"Zumo Manzana, Naranja y Zanahoria ACE 330 ml","2,88 € / 1 L","0,95 €",CONSUM
Bebidas,Zumos y néctares,"Zumo Manzana, Naranja y Zanahoria ACE 330 ml","2,88 € / 1 L","0,95 €",CONSUM
Bebidas,Zumos y néctares,"Zumo Manzana, Naranja y Zanahoria ACE 330 ml","2,88 € / 1 L","0,95 €",CONSUM
Bebidas,Zumos y néctares,"Zumo Manzana, Naranja y Zanahoria ACE 330 ml","2,88 € / 1 L","0,95 €",CONSUM
Bebidas,Zumos y néctares,Smoothie Mango y Coco 250 ml,"3,96 € / 1 L","0,99 €",FRUTAE
Bebidas,Zumos y néctares,Smoothie Mango y Coco 250 ml,"3,96 € / 1 L","0,99 €",FRUTAE
Bebidas,Zumos y néctares,Smoothie Mango y Coco 250 ml,"3,96 € / 1 L","0,99 €",FRUTAE
Bebidas,Zumos y néctares,Smoothie Mango y Coco 250 ml,"3,96 € / 1 L","0,99 €",FRUTAE
Bebidas,Zumos y néctares,Smoothie Mango y Coco 250 ml,"3,96 € / 1 L","0,99 €",FRUTAE
Bebidas,Zumos y néctares,Smoothie Mango y Coco 250 ml,"3,96 € / 1 L","0,99 €",FRUTAE
Frescos,Carnicería,Filete Primera A de Añojo,"15,75 € / 1 Kg","4,95 €
4,73 €",CONSUM
Frescos,Carnicería,Filete Primera A de Añojo,"15,75 € / 1 Kg","4,95 €
4,73 €",CONSUM
Frescos,Carnicería,Filete Primera A de Añojo,"15,75 € / 1 Kg","4,95 €
4,73 €",CONSUM
Frescos,Carnicería,Filete Primera A de Añojo,"15,75 € / 1 Kg","4,95 €
4,73 €",CONSUM
Frescos,Carnicería,Filete Primera A de Añojo,"15,75 € / 1 Kg","4,95 €
4,73 €",CONSUM
Frescos,Carnicería,Filete Primera A de Añojo,"15,75 € / 1 Kg","4,95 €
4,73 €",CONSUM
Frescos,Carnicería,Filete Primera A de Añojo,"15,75 € / 1 Kg","4,95 €
4,73 €",CONSUM
Frescos,Carnicería,Filete Primera A de Añojo,"15,75 € / 1 Kg","4,95 €
4,73 €",CONSUM
Frescos,Carnicería,Filete Primera A de Añojo,"15,75 € / 1 Kg","4,95 €
4,73 €",CONSUM
Frescos,Carnicería,Filete Primera A de Añojo,"15,75 € / 1 Kg","4,95 €
4,73 €",CONSUM
Frescos,Carnicería,Filete Primera A de Añojo,"15,75 € / 1 Kg","4,95 €
4,73 €",CONSUM
Frescos,Carnicería,Filete Primera A de Añojo,"15,75 € / 1 Kg","4,95 €
4,73 €",CONSUM
Frescos,Carnicería,Filete Primera A de Añojo,"15,75 € / 1 Kg","4,95 €
4,73 €",CONSUM
Frescos,Carnicería,Filete Primera A de Añojo,"15,75 € / 1 Kg","4,95 €
4,73 €",CONSUM
Frescos,Carnicería,Filete Primera A de Añojo,"15,75 € / 1 Kg","4,95 €
4,73 €",CONSUM
Frescos,Carnicería,Filete Primera A de Añojo,"15,75 € / 1 Kg","4,95 €
4,73 €",CONSUM
Frescos,Carnicería,Filete Primera A de Añojo,"15,75 € / 1 Kg","4,95 €
4,73 €",CONSUM
Frescos,Carnicería,Filete Primera A de Añojo,"15,75 € / 1 Kg","4,95 €
4,73 €",CONSUM
Frescos,Carnicería,Filete Primera A de Añojo,"15,75 € / 1 Kg","4,95 €
4,73 €",CONSUM
Frescos,Carnicería,Preparado para Cocido,"7,89 € / 1 Kg","7,89 €",CONSUM
Frescos,Carnicería,Preparado para Cocido,"7,89 € / 1 Kg","7,89 €",CONSUM
Frescos,Carnicería,Preparado para Cocido,"7,89 € / 1 Kg","7,89 €",CONSUM
Frescos,Carnicería,Preparado para Cocido,"7,89 € / 1 Kg","7,89 €",CONSUM
Frescos,Carnicería,Preparado para Cocido,"7,89 € / 1 Kg","7,89 €",CONSUM
Frescos,Carnicería,Preparado para Cocido,"7,89 € / 1 Kg","7,89 €",CONSUM
Frescos,Carnicería,Preparado para Cocido,"7,89 € / 1 Kg","7,89 €",CONSUM
Frescos,Carnicería,Preparado para Cocido,"7,89 € / 1 Kg","7,89 €",CONSUM
Frescos,Carnicería,Preparado para Cocido,"7,89 € / 1 Kg","7,89 €",CONSUM
Frescos,Carnicería,Preparado para Cocido,"7,89 € / 1 Kg","7,89 €",CONSUM
Frescos,Carnicería,Preparado para Cocido,"7,89 € / 1 Kg","7,89 €",CONSUM
Frescos,Carnicería,Preparado para Cocido,"7,89 € / 1 Kg","7,89 €",CONSUM
Frescos,Carnicería,Preparado para Cocido,"7,89 € / 1 Kg","7,89 €",CONSUM
Frescos,Carnicería,Preparado para Cocido,"7,89 € / 1 Kg","7,89 €",CONSUM
Frescos,Carnicería,Preparado para Cocido,"7,89 € / 1 Kg","7,89 €",CONSUM
Frescos,Carnicería,Preparado para Cocido,"7,89 € / 1 Kg","7,89 €",CONSUM
Frescos,Carnicería,Preparado para Cocido,"7,89 € / 1 Kg","7,89 €",CONSUM
Frescos,Carnicería,Preparado para Cocido,"7,89 € / 1 Kg","7,89 €",CONSUM
Frescos,Carnicería,Preparado para Cocido,"7,89 € / 1 Kg","7,89 €",CONSUM
Frescos,Carnicería,Preparado para Cocido,"7,89 € / 1 Kg","7,89 €",CONSUM
Frescos,Carnicería,Pechuga de Pavo Fileteada,"8,99 € / 1 Kg","4,50 €",CONSUM
Frescos,Carnicería,Pechuga de Pavo Fileteada,"8,99 € / 1 Kg","4,50 €",CONSUM
Frescos,Carnicería,Pechuga de Pavo Fileteada,"8,99 € / 1 Kg","4,50 €",CONSUM
Frescos,Carnicería,Pechuga de Pavo Fileteada,"8,99 € / 1 Kg","4,50 €",CONSUM
Frescos,Carnicería,Pechuga de Pavo Fileteada,"8,99 € / 1 Kg","4,50 €",CONSUM
Frescos,Carnicería,Pechuga de Pavo Fileteada,"8,99 € / 1 Kg","4,50 €",CONSUM
Frescos,Carnicería,Pechuga de Pavo Fileteada,"8,99 € / 1 Kg","4,50 €",CONSUM
Frescos,Carnicería,Pechuga de Pavo Fileteada,"8,99 € / 1 Kg","4,50 €",CONSUM
Frescos,Carnicería,Pechuga de Pavo Fileteada,"8,99 € / 1 Kg","4,50 €",CONSUM
Frescos,Carnicería,Pechuga de Pavo Fileteada,"8,99 € / 1 Kg","4,50 €",CONSUM
Frescos,Carnicería,Pechuga de Pavo Fileteada,"8,99 € / 1 Kg","4,50 €",CONSUM
Frescos,Carnicería,Pechuga de Pavo Fileteada,"8,99 € / 1 Kg","4,50 €",CONSUM
Frescos,Carnicería,Pechuga de Pavo Fileteada,"8,99 € / 1 Kg","4,50 €",CONSUM
Frescos,Carnicería,Pechuga de Pavo Fileteada,"8,99 € / 1 Kg","4,50 €",CONSUM
Frescos,Carnicería,Pechuga de Pavo Fileteada,"8,99 € / 1 Kg","4,50 €",CONSUM
Frescos,Carnicería,Pechuga de Pavo Fileteada,"8,99 € / 1 Kg","4,50 €",CONSUM
Frescos,Carnicería,Pechuga de Pavo Fileteada,"8,99 € / 1 Kg","4,50 €",CONSUM
Frescos,Carnicería,Pechuga de Pavo Fileteada,"8,99 € / 1 Kg","4,50 €",CONSUM
Frescos,Carnicería,Pechuga de Pavo Fileteada,"8,99 € / 1 Kg","4,50 €",CONSUM
Frescos,Carnicería,Pechuga de Pavo Fileteada,"8,99 € / 1 Kg","4,50 €",CONSUM
Frescos,Carnicería,Burger Entrecot Aguja 2 Unidades 240 Gr,"16,46 € / 1 Kg","3,95 €",ROLER
Frescos,Carnicería,Burger Entrecot Aguja 2 Unidades 240 Gr,"16,46 € / 1 Kg","3,95 €",ROLER
Frescos,Carnicería,Burger Entrecot Aguja 2 Unidades 240 Gr,"16,46 € / 1 Kg","3,95 €",ROLER
Frescos,Carnicería,Burger Entrecot Aguja 2 Unidades 240 Gr,"16,46 € / 1 Kg","3,95 €",ROLER
Frescos,Carnicería,Burger Entrecot Aguja 2 Unidades 240 Gr,"16,46 € / 1 Kg","3,95 €",ROLER
Frescos,Carnicería,Burger Entrecot Aguja 2 Unidades 240 Gr,"16,46 € / 1 Kg","3,95 €",ROLER
Frescos,Carnicería,Burger Entrecot Aguja 2 Unidades 240 Gr,"16,46 € / 1 Kg","3,95 €",ROLER
Frescos,Carnicería,Burger Entrecot Aguja 2 Unidades 240 Gr,"16,46 € / 1 Kg","3,95 €",ROLER
Frescos,Carnicería,Burger Entrecot Aguja 2 Unidades 240 Gr,"16,46 € / 1 Kg","3,95 €",ROLER
Frescos,Carnicería,Burger Entrecot Aguja 2 Unidades 240 Gr,"16,46 € / 1 Kg","3,95 €",ROLER
Frescos,Carnicería,Burger Entrecot Aguja 2 Unidades 240 Gr,"16,46 € / 1 Kg","3,95 €",ROLER
Frescos,Carnicería,Burger Entrecot Aguja 2 Unidades 240 Gr,"16,46 € / 1 Kg","3,95 €",ROLER
Frescos,Carnicería,Burger Entrecot Aguja 2 Unidades 240 Gr,"16,46 € / 1 Kg","3,95 €",ROLER
Frescos,Carnicería,Burger Entrecot Aguja 2 Unidades 240 Gr,"16,46 € / 1 Kg","3,95 €",ROLER
Frescos,Carnicería,Burger Entrecot Aguja 2 Unidades 240 Gr,"16,46 € / 1 Kg","3,95 €",ROLER
Frescos,Carnicería,Burger Entrecot Aguja 2 Unidades 240 Gr,"16,46 € / 1 Kg","3,95 €",ROLER
Frescos,Carnicería,Burger Entrecot Aguja 2 Unidades 240 Gr,"16,46 € / 1 Kg","3,95 €",ROLER
Frescos,Carnicería,Burger Entrecot Aguja 2 Unidades 240 Gr,"16,46 € / 1 Kg","3,95 €",ROLER
Frescos,Carnicería,Burger Entrecot Aguja 2 Unidades 240 Gr,"16,46 € / 1 Kg","3,95 €",ROLER
Frescos,Carnicería,Burger Entrecot Aguja 2 Unidades 240 Gr,"16,46 € / 1 Kg","3,95 €",ROLER
Frescos,Carnicería,Ossobuco de Cerdo,"6,99 € / 1 Kg","2,80 €",CONSUM
Frescos,Carnicería,Ossobuco de Cerdo,"6,99 € / 1 Kg","2,80 €",CONSUM
Frescos,Carnicería,Ossobuco de Cerdo,"6,99 € / 1 Kg","2,80 €",CONSUM
Frescos,Carnicería,Ossobuco de Cerdo,"6,99 € / 1 Kg","2,80 €",CONSUM
Frescos,Carnicería,Ossobuco de Cerdo,"6,99 € / 1 Kg","2,80 €",CONSUM
Frescos,Carnicería,Ossobuco de Cerdo,"6,99 € / 1 Kg","2,80 €",CONSUM
Frescos,Carnicería,Ossobuco de Cerdo,"6,99 € / 1 Kg","2,80 €",CONSUM
Frescos,Carnicería,Ossobuco de Cerdo,"6,99 € / 1 Kg","2,80 €",CONSUM
Frescos,Carnicería,Ossobuco de Cerdo,"6,99 € / 1 Kg","2,80 €",CONSUM
Frescos,Carnicería,Ossobuco de Cerdo,"6,99 € / 1 Kg","2,80 €",CONSUM
Frescos,Carnicería,Ossobuco de Cerdo,"6,99 € / 1 Kg","2,80 €",CONSUM
Frescos,Carnicería,Ossobuco de Cerdo,"6,99 € / 1 Kg","2,80 €",CONSUM
Frescos,Carnicería,Ossobuco de Cerdo,"6,99 € / 1 Kg","2,80 €",CONSUM
Frescos,Carnicería,Ossobuco de Cerdo,"6,99 € / 1 Kg","2,80 €",CONSUM
Frescos,Carnicería,Ossobuco de Cerdo,"6,99 € / 1 Kg","2,80 €",CONSUM
Frescos,Carnicería,Ossobuco de Cerdo,"6,99 € / 1 Kg","2,80 €",CONSUM
Frescos,Carnicería,Ossobuco de Cerdo,"6,99 € / 1 Kg","2,80 €",CONSUM
Frescos,Carnicería,Ossobuco de Cerdo,"6,99 € / 1 Kg","2,80 €",CONSUM
Frescos,Carnicería,Ossobuco de Cerdo,"6,99 € / 1 Kg","2,80 €",CONSUM
Frescos,Carnicería,Ossobuco de Cerdo,"6,99 € / 1 Kg","2,80 €",CONSUM
Frescos,Carnicería,Rabo de Cerdo Cocido 500 Gr,"8,38 € / 1 Kg","4,19 €",FERGONVI
Frescos,Carnicería,Rabo de Cerdo Cocido 500 Gr,"8,38 € / 1 Kg","4,19 €",FERGONVI
Frescos,Carnicería,Rabo de Cerdo Cocido 500 Gr,"8,38 € / 1 Kg","4,19 €",FERGONVI
Frescos,Carnicería,Rabo de Cerdo Cocido 500 Gr,"8,38 € / 1 Kg","4,19 €",FERGONVI
Frescos,Carnicería,Rabo de Cerdo Cocido 500 Gr,"8,38 € / 1 Kg","4,19 €",FERGONVI
Frescos,Carnicería,Rabo de Cerdo Cocido 500 Gr,"8,38 € / 1 Kg","4,19 €",FERGONVI
Frescos,Carnicería,Rabo de Cerdo Cocido 500 Gr,"8,38 € / 1 Kg","4,19 €",FERGONVI
Frescos,Carnicería,Rabo de Cerdo Cocido 500 Gr,"8,38 € / 1 Kg","4,19 €",FERGONVI
Frescos,Carnicería,Rabo de Cerdo Cocido 500 Gr,"8,38 € / 1 Kg","4,19 €",FERGONVI
Frescos,Carnicería,Rabo de Cerdo Cocido 500 Gr,"8,38 € / 1 Kg","4,19 €",FERGONVI
Frescos,Carnicería,Rabo de Cerdo Cocido 500 Gr,"8,38 € / 1 Kg","4,19 €",FERGONVI
Frescos,Carnicería,Rabo de Cerdo Cocido 500 Gr,"8,38 € / 1 Kg","4,19 €",FERGONVI
Frescos,Carnicería,Rabo de Cerdo Cocido 500 Gr,"8,38 € / 1 Kg","4,19 €",FERGONVI
Frescos,Carnicería,Rabo de Cerdo Cocido 500 Gr,"8,38 € / 1 Kg","4,19 €",FERGONVI
Frescos,Carnicería,Rabo de Cerdo Cocido 500 Gr,"8,38 € / 1 Kg","4,19 €",FERGONVI
Frescos,Carnicería,Rabo de Cerdo Cocido 500 Gr,"8,38 € / 1 Kg","4,19 €",FERGONVI
Frescos,Carnicería,Rabo de Cerdo Cocido 500 Gr,"8,38 € / 1 Kg","4,19 €",FERGONVI
Frescos,Carnicería,Rabo de Cerdo Cocido 500 Gr,"8,38 € / 1 Kg","4,19 €",FERGONVI
Frescos,Carnicería,Rabo de Cerdo Cocido 500 Gr,"8,38 € / 1 Kg","4,19 €",FERGONVI
Frescos,Carnicería,Rabo de Cerdo Cocido 500 Gr,"8,38 € / 1 Kg","4,19 €",FERGONVI
Frescos,Carnicería,Lomo Empanado,"8,99 € / 1 Kg","3,60 €",CONSUM
Frescos,Carnicería,Lomo Empanado,"8,99 € / 1 Kg","3,60 €",CONSUM
Frescos,Carnicería,Lomo Empanado,"8,99 € / 1 Kg","3,60 €",CONSUM
Frescos,Carnicería,Lomo Empanado,"8,99 € / 1 Kg","3,60 €",CONSUM
Frescos,Carnicería,Lomo Empanado,"8,99 € / 1 Kg","3,60 €",CONSUM
Frescos,Carnicería,Lomo Empanado,"8,99 € / 1 Kg","3,60 €",CONSUM
Frescos,Carnicería,Lomo Empanado,"8,99 € / 1 Kg","3,60 €",CONSUM
Frescos,Carnicería,Lomo Empanado,"8,99 € / 1 Kg","3,60 €",CONSUM
Frescos,Carnicería,Lomo Empanado,"8,99 € / 1 Kg","3,60 €",CONSUM
Frescos,Carnicería,Lomo Empanado,"8,99 € / 1 Kg","3,60 €",CONSUM
Frescos,Carnicería,Lomo Empanado,"8,99 € / 1 Kg","3,60 €",CONSUM
Frescos,Carnicería,Lomo Empanado,"8,99 € / 1 Kg","3,60 €",CONSUM
Frescos,Carnicería,Lomo Empanado,"8,99 € / 1 Kg","3,60 €",CONSUM
Frescos,Carnicería,Lomo Empanado,"8,99 € / 1 Kg","3,60 €",CONSUM
Frescos,Carnicería,Lomo Empanado,"8,99 € / 1 Kg","3,60 €",CONSUM
Frescos,Carnicería,Lomo Empanado,"8,99 € / 1 Kg","3,60 €",CONSUM
Frescos,Carnicería,Lomo Empanado,"8,99 € / 1 Kg","3,60 €",CONSUM
Frescos,Carnicería,Lomo Empanado,"8,99 € / 1 Kg","3,60 €",CONSUM
Frescos,Carnicería,Lomo Empanado,"8,99 € / 1 Kg","3,60 €",CONSUM
Frescos,Carnicería,Lomo Empanado,"8,99 € / 1 Kg","3,60 €",CONSUM
Frescos,Carnicería,Chuleta de Pavo,"8,05 € / 1 Kg","4,85 €",CONSUM
Frescos,Carnicería,Chuleta de Pavo,"8,05 € / 1 Kg","4,85 €",CONSUM
Frescos,Carnicería,Chuleta de Pavo,"8,05 € / 1 Kg","4,85 €",CONSUM
Frescos,Carnicería,Chuleta de Pavo,"8,05 € / 1 Kg","4,85 €",CONSUM
Frescos,Carnicería,Chuleta de Pavo,"8,05 € / 1 Kg","4,85 €",CONSUM
Frescos,Carnicería,Chuleta de Pavo,"8,05 € / 1 Kg","4,85 €",CONSUM
Frescos,Carnicería,Chuleta de Pavo,"8,05 € / 1 Kg","4,85 €",CONSUM
Frescos,Carnicería,Chuleta de Pavo,"8,05 € / 1 Kg","4,85 €",CONSUM
Frescos,Carnicería,Chuleta de Pavo,"8,05 € / 1 Kg","4,85 €",CONSUM
Frescos,Carnicería,Chuleta de Pavo,"8,05 € / 1 Kg","4,85 €",CONSUM
Frescos,Carnicería,Chuleta de Pavo,"8,05 € / 1 Kg","4,85 €",CONSUM
Frescos,Carnicería,Chuleta de Pavo,"8,05 € / 1 Kg","4,85 €",CONSUM
Frescos,Carnicería,Chuleta de Pavo,"8,05 € / 1 Kg","4,85 €",CONSUM
Frescos,Carnicería,Chuleta de Pavo,"8,05 € / 1 Kg","4,85 €",CONSUM
Frescos,Carnicería,Chuleta de Pavo,"8,05 € / 1 Kg","4,85 €",CONSUM
Frescos,Carnicería,Chuleta de Pavo,"8,05 € / 1 Kg","4,85 €",CONSUM
Frescos,Carnicería,Chuleta de Pavo,"8,05 € / 1 Kg","4,85 €",CONSUM
Frescos,Carnicería,Chuleta de Pavo,"8,05 € / 1 Kg","4,85 €",CONSUM
Frescos,Carnicería,Chuleta de Pavo,"8,05 € / 1 Kg","4,85 €",CONSUM
Frescos,Carnicería,Chuleta de Pavo,"8,05 € / 1 Kg","4,85 €",CONSUM
Frescos,Carnicería,Burger Angus M.Vergara 2 Unidades 320 Gr,"16,84 € / 1 Kg","5,39 €",M. VERGARA
Frescos,Carnicería,Burger Angus M.Vergara 2 Unidades 320 Gr,"16,84 € / 1 Kg","5,39 €",M. VERGARA
Frescos,Carnicería,Burger Angus M.Vergara 2 Unidades 320 Gr,"16,84 € / 1 Kg","5,39 €",M. VERGARA
Frescos,Carnicería corte,Añojo para Guisar,"12,95 € / 1 Kg","13,95 €
12,95 €",
Frescos,Carnicería corte,Añojo para Guisar,"12,95 € / 1 Kg","13,95 €
12,95 €",
Frescos,Carnicería corte,Añojo para Guisar,"12,95 € / 1 Kg","13,95 €
12,95 €",
Frescos,Carnicería corte,Añojo para Guisar,"12,95 € / 1 Kg","13,95 €
12,95 €",
Frescos,Carnicería corte,Añojo para Guisar,"12,95 € / 1 Kg","13,95 €
12,95 €",
Frescos,Carnicería corte,Añojo para Guisar,"12,95 € / 1 Kg","13,95 €
12,95 €",
Frescos,Carnicería corte,Añojo para Guisar,"12,95 € / 1 Kg","13,95 €
12,95 €",
Frescos,Carnicería corte,Añojo para Guisar,"12,95 € / 1 Kg","13,95 €
12,95 €",
Frescos,Carnicería corte,Añojo para Guisar,"12,95 € / 1 Kg","13,95 €
12,95 €",
Frescos,Carnicería corte,Añojo para Guisar,"12,95 € / 1 Kg","13,95 €
12,95 €",
Frescos,Carnicería corte,Añojo para Guisar,"12,95 € / 1 Kg","13,95 €
12,95 €",
Frescos,Carnicería corte,Añojo para Guisar,"12,95 € / 1 Kg","13,95 €
12,95 €",
Frescos,Carnicería corte,Añojo para Guisar,"12,95 € / 1 Kg","13,95 €
12,95 €",
Frescos,Carnicería corte,Añojo para Guisar,"12,95 € / 1 Kg","13,95 €
12,95 €",
Frescos,Carnicería corte,Añojo para Guisar,"12,95 € / 1 Kg","13,95 €
12,95 €",
Frescos,Carnicería corte,Añojo para Guisar,"12,95 € / 1 Kg","13,95 €
12,95 €",
Frescos,Carnicería corte,Añojo para Guisar,"12,95 € / 1 Kg","13,95 €
12,95 €",
Frescos,Carnicería corte,Añojo para Guisar,"12,95 € / 1 Kg","13,95 €
12,95 €",
Frescos,Carnicería corte,Añojo para Guisar,"12,95 € / 1 Kg","13,95 €
12,95 €",
Frescos,Carnicería corte,Añojo para Guisar,"12,95 € / 1 Kg","13,95 €
12,95 €",
Frescos,Carnicería corte,Pelota Cocido,"8,29 € / 1 Kg","2,07 €",
Frescos,Carnicería corte,Pelota Cocido,"8,29 € / 1 Kg","2,07 €",
Frescos,Carnicería corte,Pelota Cocido,"8,29 € / 1 Kg","2,07 €",
Frescos,Carnicería corte,Pelota Cocido,"8,29 € / 1 Kg","2,07 €",
Frescos,Carnicería corte,Pelota Cocido,"8,29 € / 1 Kg","2,07 €",
Frescos,Carnicería corte,Pelota Cocido,"8,29 € / 1 Kg","2,07 €",
Frescos,Carnicería corte,Pelota Cocido,"8,29 € / 1 Kg","2,07 €",
Frescos,Carnicería corte,Pelota Cocido,"8,29 € / 1 Kg","2,07 €",
Frescos,Carnicería corte,Pelota Cocido,"8,29 € / 1 Kg","2,07 €",
Frescos,Carnicería corte,Pelota Cocido,"8,29 € / 1 Kg","2,07 €",
Frescos,Carnicería corte,Pelota Cocido,"8,29 € / 1 Kg","2,07 €",
Frescos,Carnicería corte,Pelota Cocido,"8,29 € / 1 Kg","2,07 €",
Frescos,Carnicería corte,Pelota Cocido,"8,29 € / 1 Kg","2,07 €",
Frescos,Carnicería corte,Pelota Cocido,"8,29 € / 1 Kg","2,07 €",
Frescos,Carnicería corte,Pelota Cocido,"8,29 € / 1 Kg","2,07 €",
Frescos,Carnicería corte,Pelota Cocido,"8,29 € / 1 Kg","2,07 €",
Frescos,Carnicería corte,Pelota Cocido,"8,29 € / 1 Kg","2,07 €",
Frescos,Carnicería corte,Pelota Cocido,"8,29 € / 1 Kg","2,07 €",
Frescos,Carnicería corte,Pelota Cocido,"8,29 € / 1 Kg","2,07 €",
Frescos,Carnicería corte,Pelota Cocido,"8,29 € / 1 Kg","2,07 €",
Frescos,Carnicería corte,Magro de Jamón,"6,35 € / 1 Kg","0,57 €",
Frescos,Carnicería corte,Magro de Jamón,"6,35 € / 1 Kg","0,57 €",
Frescos,Carnicería corte,Magro de Jamón,"6,35 € / 1 Kg","0,57 €",
Frescos,Carnicería corte,Magro de Jamón,"6,35 € / 1 Kg","0,57 €",
Frescos,Carnicería corte,Magro de Jamón,"6,35 € / 1 Kg","0,57 €",
Frescos,Carnicería corte,Magro de Jamón,"6,35 € / 1 Kg","0,57 €",
Frescos,Carnicería corte,Magro de Jamón,"6,35 € / 1 Kg","0,57 €",
Frescos,Carnicería corte,Magro de Jamón,"6,35 € / 1 Kg","0,57 €",
Frescos,Carnicería corte,Magro de Jamón,"6,35 € / 1 Kg","0,57 €",
Frescos,Carnicería corte,Magro de Jamón,"6,35 € / 1 Kg","0,57 €",
Frescos,Carnicería corte,Magro de Jamón,"6,35 € / 1 Kg","0,57 €",
Frescos,Carnicería corte,Magro de Jamón,"6,35 € / 1 Kg","0,57 €",
Frescos,Carnicería corte,Magro de Jamón,"6,35 € / 1 Kg","0,57 €",
Frescos,Carnicería corte,Magro de Jamón,"6,35 € / 1 Kg","0,57 €",
Frescos,Carnicería corte,Magro de Jamón,"6,35 € / 1 Kg","0,57 €",
Frescos,Carnicería corte,Magro de Jamón,"6,35 € / 1 Kg","0,57 €",
Frescos,Carnicería corte,Magro de Jamón,"6,35 € / 1 Kg","0,57 €",
Frescos,Carnicería corte,Magro de Jamón,"6,35 € / 1 Kg","0,57 €",
Frescos,Carnicería corte,Magro de Jamón,"6,35 € / 1 Kg","0,57 €",
Frescos,Carnicería corte,Magro de Jamón,"6,35 € / 1 Kg","0,57 €",
Frescos,Carnicería corte,Cordero al Tajo Cuartos,"17,95 € / 1 Kg","17,95 €",
Frescos,Carnicería corte,Cordero al Tajo Cuartos,"17,95 € / 1 Kg","17,95 €",
Frescos,Carnicería corte,Cordero al Tajo Cuartos,"17,95 € / 1 Kg","17,95 €",
Frescos,Carnicería corte,Cordero al Tajo Cuartos,"17,95 € / 1 Kg","17,95 €",
Frescos,Carnicería corte,Cordero al Tajo Cuartos,"17,95 € / 1 Kg","17,95 €",
Frescos,Carnicería corte,Cordero al Tajo Cuartos,"17,95 € / 1 Kg","17,95 €",
Frescos,Carnicería corte,Cordero al Tajo Cuartos,"17,95 € / 1 Kg","17,95 €",
Frescos,Carnicería corte,Cordero al Tajo Cuartos,"17,95 € / 1 Kg","17,95 €",
Frescos,Carnicería corte,Cordero al Tajo Cuartos,"17,95 € / 1 Kg","17,95 €",
Frescos,Charcutería,Salchichas Wieners 200 Gr,"6,00 € / 1 Kg","1,35 €
1,20 €",OSCAR MAYER
Frescos,Charcutería,Salchichas Wieners 200 Gr,"6,00 € / 1 Kg","1,35 €
1,20 €",OSCAR MAYER
Frescos,Charcutería,Salchichas Wieners 200 Gr,"6,00 € / 1 Kg","1,35 €
1,20 €",OSCAR MAYER
Frescos,Charcutería,Salchichas Wieners 200 Gr,"6,00 € / 1 Kg","1,35 €
1,20 €",OSCAR MAYER
Frescos,Charcutería,Salchichas Wieners 200 Gr,"6,00 € / 1 Kg","1,35 €
1,20 €",OSCAR MAYER
Frescos,Charcutería,Salchichas Wieners 200 Gr,"6,00 € / 1 Kg","1,35 €
1,20 €",OSCAR MAYER
Frescos,Charcutería,Salchichas Wieners 200 Gr,"6,00 € / 1 Kg","1,35 €
1,20 €",OSCAR MAYER
Frescos,Charcutería,Salchichas Wieners 200 Gr,"6,00 € / 1 Kg","1,35 €
1,20 €",OSCAR MAYER
Frescos,Charcutería,Salchichas Wieners 200 Gr,"6,00 € / 1 Kg","1,35 €
1,20 €",OSCAR MAYER
Frescos,Charcutería,Salchichas Wieners 200 Gr,"6,00 € / 1 Kg","1,35 €
1,20 €",OSCAR MAYER
Frescos,Charcutería,Salchichas Wieners 200 Gr,"6,00 € / 1 Kg","1,35 €
1,20 €",OSCAR MAYER
Frescos,Charcutería,Salchichas Wieners 200 Gr,"6,00 € / 1 Kg","1,35 €
1,20 €",OSCAR MAYER
Frescos,Charcutería,Salchichas Wieners 200 Gr,"6,00 € / 1 Kg","1,35 €
1,20 €",OSCAR MAYER
Frescos,Charcutería,Salchichas Wieners 200 Gr,"6,00 € / 1 Kg","1,35 €
1,20 €",OSCAR MAYER
Frescos,Charcutería,Salchichas Wieners 200 Gr,"6,00 € / 1 Kg","1,35 €
1,20 €",OSCAR MAYER
Frescos,Charcutería,Salchichas Wieners 200 Gr,"6,00 € / 1 Kg","1,35 €
1,20 €",OSCAR MAYER
Frescos,Charcutería,Salchichas Wieners 200 Gr,"6,00 € / 1 Kg","1,35 €
1,20 €",OSCAR MAYER
Frescos,Charcutería,Salchichas Wieners 200 Gr,"6,00 € / 1 Kg","1,35 €
1,20 €",OSCAR MAYER
Frescos,Charcutería,Salchichas Wieners 200 Gr,"6,00 € / 1 Kg","1,35 €
1,20 €",OSCAR MAYER
Frescos,Charcutería,Salchichas Wieners 200 Gr,"6,00 € / 1 Kg","1,35 €
1,20 €",OSCAR MAYER
Frescos,Charcutería,Pepperoni 2 x 45 Gr,"20,00 € / 1 Kg","2,05 €
1,80 €",GOIKOA
Frescos,Charcutería,Pepperoni 2 x 45 Gr,"20,00 € / 1 Kg","2,05 €
1,80 €",GOIKOA
Frescos,Charcutería,Pepperoni 2 x 45 Gr,"20,00 € / 1 Kg","2,05 €
1,80 €",GOIKOA
Frescos,Charcutería,Pepperoni 2 x 45 Gr,"20,00 € / 1 Kg","2,05 €
1,80 €",GOIKOA
Frescos,Charcutería,Pepperoni 2 x 45 Gr,"20,00 € / 1 Kg","2,05 €
1,80 €",GOIKOA
Frescos,Charcutería,Pepperoni 2 x 45 Gr,"20,00 € / 1 Kg","2,05 €
1,80 €",GOIKOA
Frescos,Charcutería,Pepperoni 2 x 45 Gr,"20,00 € / 1 Kg","2,05 €
1,80 €",GOIKOA
Frescos,Charcutería,Pepperoni 2 x 45 Gr,"20,00 € / 1 Kg","2,05 €
1,80 €",GOIKOA
Frescos,Charcutería,Pepperoni 2 x 45 Gr,"20,00 € / 1 Kg","2,05 €
1,80 €",GOIKOA
Frescos,Charcutería,Pepperoni 2 x 45 Gr,"20,00 € / 1 Kg","2,05 €
1,80 €",GOIKOA
Frescos,Charcutería,Pepperoni 2 x 45 Gr,"20,00 € / 1 Kg","2,05 €
1,80 €",GOIKOA
Frescos,Charcutería,Pepperoni 2 x 45 Gr,"20,00 € / 1 Kg","2,05 €
1,80 €",GOIKOA
Frescos,Charcutería,Pepperoni 2 x 45 Gr,"20,00 € / 1 Kg","2,05 €
1,80 €",GOIKOA
Frescos,Charcutería,Pepperoni 2 x 45 Gr,"20,00 € / 1 Kg","2,05 €
1,80 €",GOIKOA
Frescos,Charcutería,Pepperoni 2 x 45 Gr,"20,00 € / 1 Kg","2,05 €
1,80 €",GOIKOA
Frescos,Charcutería,Pepperoni 2 x 45 Gr,"20,00 € / 1 Kg","2,05 €
1,80 €",GOIKOA
Frescos,Charcutería,Pepperoni 2 x 45 Gr,"20,00 € / 1 Kg","2,05 €
1,80 €",GOIKOA
Frescos,Charcutería,Pepperoni 2 x 45 Gr,"20,00 € / 1 Kg","2,05 €
1,80 €",GOIKOA
Frescos,Charcutería,Pepperoni 2 x 45 Gr,"20,00 € / 1 Kg","2,05 €
1,80 €",GOIKOA
Frescos,Charcutería,Pepperoni 2 x 45 Gr,"20,00 € / 1 Kg","2,05 €
1,80 €",GOIKOA
Frescos,Charcutería,Pate Hígado de Cerdo Lata 200 Gr,"5,95 € / 1 Kg","1,19 €",CONSUM
Frescos,Charcutería,Pate Hígado de Cerdo Lata 200 Gr,"5,95 € / 1 Kg","1,19 €",CONSUM
Frescos,Charcutería,Pate Hígado de Cerdo Lata 200 Gr,"5,95 € / 1 Kg","1,19 €",CONSUM
Frescos,Charcutería,Pate Hígado de Cerdo Lata 200 Gr,"5,95 € / 1 Kg","1,19 €",CONSUM
Frescos,Charcutería,Pate Hígado de Cerdo Lata 200 Gr,"5,95 € / 1 Kg","1,19 €",CONSUM
Frescos,Charcutería,Pate Hígado de Cerdo Lata 200 Gr,"5,95 € / 1 Kg","1,19 €",CONSUM
Frescos,Charcutería,Pate Hígado de Cerdo Lata 200 Gr,"5,95 € / 1 Kg","1,19 €",CONSUM
Frescos,Charcutería,Pate Hígado de Cerdo Lata 200 Gr,"5,95 € / 1 Kg","1,19 €",CONSUM
Frescos,Charcutería,Pate Hígado de Cerdo Lata 200 Gr,"5,95 € / 1 Kg","1,19 €",CONSUM
Frescos,Charcutería,Pate Hígado de Cerdo Lata 200 Gr,"5,95 € / 1 Kg","1,19 €",CONSUM
Frescos,Charcutería,Pate Hígado de Cerdo Lata 200 Gr,"5,95 € / 1 Kg","1,19 €",CONSUM
Frescos,Charcutería,Pate Hígado de Cerdo Lata 200 Gr,"5,95 € / 1 Kg","1,19 €",CONSUM
Frescos,Charcutería,Pate Hígado de Cerdo Lata 200 Gr,"5,95 € / 1 Kg","1,19 €",CONSUM
Frescos,Charcutería,Pate Hígado de Cerdo Lata 200 Gr,"5,95 € / 1 Kg","1,19 €",CONSUM
Frescos,Charcutería,Pate Hígado de Cerdo Lata 200 Gr,"5,95 € / 1 Kg","1,19 €",CONSUM
Frescos,Charcutería,Pate Hígado de Cerdo Lata 200 Gr,"5,95 € / 1 Kg","1,19 €",CONSUM
Frescos,Charcutería,Pate Hígado de Cerdo Lata 200 Gr,"5,95 € / 1 Kg","1,19 €",CONSUM
Frescos,Charcutería,Pate Hígado de Cerdo Lata 200 Gr,"5,95 € / 1 Kg","1,19 €",CONSUM
Frescos,Charcutería,Pate Hígado de Cerdo Lata 200 Gr,"5,95 € / 1 Kg","1,19 €",CONSUM
Frescos,Charcutería,Pate Hígado de Cerdo Lata 200 Gr,"5,95 € / 1 Kg","1,19 €",CONSUM
Frescos,Charcutería,Jamón Gran Reserva Finas Lonchas 120 Gr,"21,58 € / 1 Kg","2,59 €",CONSUM
Frescos,Charcutería,Jamón Gran Reserva Finas Lonchas 120 Gr,"21,58 € / 1 Kg","2,59 €",CONSUM
Frescos,Charcutería,Jamón Gran Reserva Finas Lonchas 120 Gr,"21,58 € / 1 Kg","2,59 €",CONSUM
Frescos,Charcutería,Jamón Gran Reserva Finas Lonchas 120 Gr,"21,58 € / 1 Kg","2,59 €",CONSUM
Frescos,Charcutería,Jamón Gran Reserva Finas Lonchas 120 Gr,"21,58 € / 1 Kg","2,59 €",CONSUM
Frescos,Charcutería,Jamón Gran Reserva Finas Lonchas 120 Gr,"21,58 € / 1 Kg","2,59 €",CONSUM
Frescos,Charcutería,Jamón Gran Reserva Finas Lonchas 120 Gr,"21,58 € / 1 Kg","2,59 €",CONSUM
Frescos,Charcutería,Jamón Gran Reserva Finas Lonchas 120 Gr,"21,58 € / 1 Kg","2,59 €",CONSUM
Frescos,Charcutería,Jamón Gran Reserva Finas Lonchas 120 Gr,"21,58 € / 1 Kg","2,59 €",CONSUM
Frescos,Charcutería,Jamón Gran Reserva Finas Lonchas 120 Gr,"21,58 € / 1 Kg","2,59 €",CONSUM
Frescos,Charcutería,Jamón Gran Reserva Finas Lonchas 120 Gr,"21,58 € / 1 Kg","2,59 €",CONSUM
Frescos,Charcutería,Jamón Gran Reserva Finas Lonchas 120 Gr,"21,58 € / 1 Kg","2,59 €",CONSUM
Frescos,Charcutería,Jamón Gran Reserva Finas Lonchas 120 Gr,"21,58 € / 1 Kg","2,59 €",CONSUM
Frescos,Charcutería,Jamón Gran Reserva Finas Lonchas 120 Gr,"21,58 € / 1 Kg","2,59 €",CONSUM
Frescos,Charcutería,Jamón Gran Reserva Finas Lonchas 120 Gr,"21,58 € / 1 Kg","2,59 €",CONSUM
Frescos,Charcutería,Jamón Gran Reserva Finas Lonchas 120 Gr,"21,58 € / 1 Kg","2,59 €",CONSUM
Frescos,Charcutería,Jamón Gran Reserva Finas Lonchas 120 Gr,"21,58 € / 1 Kg","2,59 €",CONSUM
Frescos,Charcutería,Jamón Gran Reserva Finas Lonchas 120 Gr,"21,58 € / 1 Kg","2,59 €",CONSUM
Frescos,Charcutería,Jamón Gran Reserva Finas Lonchas 120 Gr,"21,58 € / 1 Kg","2,59 €",CONSUM
Frescos,Charcutería,Jamón Gran Reserva Finas Lonchas 120 Gr,"21,58 € / 1 Kg","2,59 €",CONSUM
Frescos,Charcutería,Mortadela Clásica 95 Gr,"10,53 € / 1 Kg","1,00 €",CAMPOFRÍO
Frescos,Charcutería,Mortadela Clásica 95 Gr,"10,53 € / 1 Kg","1,00 €",CAMPOFRÍO
Frescos,Charcutería,Mortadela Clásica 95 Gr,"10,53 € / 1 Kg","1,00 €",CAMPOFRÍO
Frescos,Charcutería,Mortadela Clásica 95 Gr,"10,53 € / 1 Kg","1,00 €",CAMPOFRÍO
Frescos,Charcutería,Mortadela Clásica 95 Gr,"10,53 € / 1 Kg","1,00 €",CAMPOFRÍO
Frescos,Charcutería,Mortadela Clásica 95 Gr,"10,53 € / 1 Kg","1,00 €",CAMPOFRÍO
Frescos,Charcutería,Mortadela Clásica 95 Gr,"10,53 € / 1 Kg","1,00 €",CAMPOFRÍO
Frescos,Charcutería,Mortadela Clásica 95 Gr,"10,53 € / 1 Kg","1,00 €",CAMPOFRÍO
Frescos,Charcutería,Mortadela Clásica 95 Gr,"10,53 € / 1 Kg","1,00 €",CAMPOFRÍO
Frescos,Charcutería,Mortadela Clásica 95 Gr,"10,53 € / 1 Kg","1,00 €",CAMPOFRÍO
Frescos,Charcutería,Mortadela Clásica 95 Gr,"10,53 € / 1 Kg","1,00 €",CAMPOFRÍO
Frescos,Charcutería,Mortadela Clásica 95 Gr,"10,53 € / 1 Kg","1,00 €",CAMPOFRÍO
Frescos,Charcutería,Mortadela Clásica 95 Gr,"10,53 € / 1 Kg","1,00 €",CAMPOFRÍO
Frescos,Charcutería,Mortadela Clásica 95 Gr,"10,53 € / 1 Kg","1,00 €",CAMPOFRÍO
Frescos,Charcutería,Mortadela Clásica 95 Gr,"10,53 € / 1 Kg","1,00 €",CAMPOFRÍO
Frescos,Charcutería,Mortadela Clásica 95 Gr,"10,53 € / 1 Kg","1,00 €",CAMPOFRÍO
Frescos,Charcutería,Mortadela Clásica 95 Gr,"10,53 € / 1 Kg","1,00 €",CAMPOFRÍO
Frescos,Charcutería,Mortadela Clásica 95 Gr,"10,53 € / 1 Kg","1,00 €",CAMPOFRÍO
Frescos,Charcutería,Mortadela Clásica 95 Gr,"10,53 € / 1 Kg","1,00 €",CAMPOFRÍO
Frescos,Charcutería,Mortadela Clásica 95 Gr,"10,53 € / 1 Kg","1,00 €",CAMPOFRÍO
Frescos,Charcutería,Pechuga de Pavo sin Grasa Reducido Sal 340 Gr,"10,15 € / 1 Kg","3,45 €",ELPOZO
Frescos,Charcutería,Pechuga de Pavo sin Grasa Reducido Sal 340 Gr,"10,15 € / 1 Kg","3,45 €",ELPOZO
Frescos,Charcutería,Pechuga de Pavo sin Grasa Reducido Sal 340 Gr,"10,15 € / 1 Kg","3,45 €",ELPOZO
Frescos,Charcutería,Pechuga de Pavo sin Grasa Reducido Sal 340 Gr,"10,15 € / 1 Kg","3,45 €",ELPOZO
Frescos,Charcutería,Pechuga de Pavo sin Grasa Reducido Sal 340 Gr,"10,15 € / 1 Kg","3,45 €",ELPOZO
Frescos,Charcutería,Pechuga de Pavo sin Grasa Reducido Sal 340 Gr,"10,15 € / 1 Kg","3,45 €",ELPOZO
Frescos,Charcutería,Pechuga de Pavo sin Grasa Reducido Sal 340 Gr,"10,15 € / 1 Kg","3,45 €",ELPOZO
Frescos,Charcutería,Pechuga de Pavo sin Grasa Reducido Sal 340 Gr,"10,15 € / 1 Kg","3,45 €",ELPOZO
Frescos,Charcutería,Pechuga de Pavo sin Grasa Reducido Sal 340 Gr,"10,15 € / 1 Kg","3,45 €",ELPOZO
Frescos,Charcutería,Pechuga de Pavo sin Grasa Reducido Sal 340 Gr,"10,15 € / 1 Kg","3,45 €",ELPOZO
Frescos,Charcutería,Pechuga de Pavo sin Grasa Reducido Sal 340 Gr,"10,15 € / 1 Kg","3,45 €",ELPOZO
Frescos,Charcutería,Pechuga de Pavo sin Grasa Reducido Sal 340 Gr,"10,15 € / 1 Kg","3,45 €",ELPOZO
Frescos,Charcutería,Pechuga de Pavo sin Grasa Reducido Sal 340 Gr,"10,15 € / 1 Kg","3,45 €",ELPOZO
Frescos,Charcutería,Pechuga de Pavo sin Grasa Reducido Sal 340 Gr,"10,15 € / 1 Kg","3,45 €",ELPOZO
Frescos,Charcutería,Pechuga de Pavo sin Grasa Reducido Sal 340 Gr,"10,15 € / 1 Kg","3,45 €",ELPOZO
Frescos,Charcutería,Pechuga de Pavo sin Grasa Reducido Sal 340 Gr,"10,15 € / 1 Kg","3,45 €",ELPOZO
Frescos,Charcutería,Pechuga de Pavo sin Grasa Reducido Sal 340 Gr,"10,15 € / 1 Kg","3,45 €",ELPOZO
Frescos,Charcutería,Pechuga de Pavo sin Grasa Reducido Sal 340 Gr,"10,15 € / 1 Kg","3,45 €",ELPOZO
Frescos,Charcutería,Pechuga de Pavo sin Grasa Reducido Sal 340 Gr,"10,15 € / 1 Kg","3,45 €",ELPOZO
Frescos,Charcutería,Pechuga de Pavo sin Grasa Reducido Sal 340 Gr,"10,15 € / 1 Kg","3,45 €",ELPOZO
Frescos,Charcutería,Paté Superior Pato 2 x 75 Gr,"25,93 € / 1 Kg","3,89 €",MARTIKO
Frescos,Charcutería,Paté Superior Pato 2 x 75 Gr,"25,93 € / 1 Kg","3,89 €",MARTIKO
Frescos,Charcutería,Paté Superior Pato 2 x 75 Gr,"25,93 € / 1 Kg","3,89 €",MARTIKO
Frescos,Charcutería,Paté Superior Pato 2 x 75 Gr,"25,93 € / 1 Kg","3,89 €",MARTIKO
Frescos,Charcutería,Paté Superior Pato 2 x 75 Gr,"25,93 € / 1 Kg","3,89 €",MARTIKO
Frescos,Charcutería,Paté Superior Pato 2 x 75 Gr,"25,93 € / 1 Kg","3,89 €",MARTIKO
Frescos,Charcutería,Paté Superior Pato 2 x 75 Gr,"25,93 € / 1 Kg","3,89 €",MARTIKO
Frescos,Charcutería,Paté Superior Pato 2 x 75 Gr,"25,93 € / 1 Kg","3,89 €",MARTIKO
Frescos,Charcutería,Paté Superior Pato 2 x 75 Gr,"25,93 € / 1 Kg","3,89 €",MARTIKO
Frescos,Charcutería,Paté Superior Pato 2 x 75 Gr,"25,93 € / 1 Kg","3,89 €",MARTIKO
Frescos,Charcutería,Paté Superior Pato 2 x 75 Gr,"25,93 € / 1 Kg","3,89 €",MARTIKO
Frescos,Charcutería,Paté Superior Pato 2 x 75 Gr,"25,93 € / 1 Kg","3,89 €",MARTIKO
Frescos,Charcutería,Paté Superior Pato 2 x 75 Gr,"25,93 € / 1 Kg","3,89 €",MARTIKO
Frescos,Charcutería,Paté Superior Pato 2 x 75 Gr,"25,93 € / 1 Kg","3,89 €",MARTIKO
Frescos,Charcutería,Paté Superior Pato 2 x 75 Gr,"25,93 € / 1 Kg","3,89 €",MARTIKO
Frescos,Charcutería,Paté Superior Pato 2 x 75 Gr,"25,93 € / 1 Kg","3,89 €",MARTIKO
Frescos,Charcutería,Paté Superior Pato 2 x 75 Gr,"25,93 € / 1 Kg","3,89 €",MARTIKO
Frescos,Charcutería,Paté Superior Pato 2 x 75 Gr,"25,93 € / 1 Kg","3,89 €",MARTIKO
Frescos,Charcutería,Paté Superior Pato 2 x 75 Gr,"25,93 € / 1 Kg","3,89 €",MARTIKO
Frescos,Charcutería,Paté Superior Pato 2 x 75 Gr,"25,93 € / 1 Kg","3,89 €",MARTIKO
Frescos,Charcutería,Delisandwich Cangrejo 130 Gr,"13,00 € / 1 Kg","1,69 €",SERRANO
Frescos,Charcutería,Delisandwich Cangrejo 130 Gr,"13,00 € / 1 Kg","1,69 €",SERRANO
Frescos,Charcutería,Delisandwich Cangrejo 130 Gr,"13,00 € / 1 Kg","1,69 €",SERRANO
Frescos,Charcutería,Delisandwich Cangrejo 130 Gr,"13,00 € / 1 Kg","1,69 €",SERRANO
Frescos,Charcutería,Delisandwich Cangrejo 130 Gr,"13,00 € / 1 Kg","1,69 €",SERRANO
Frescos,Charcutería,Delisandwich Cangrejo 130 Gr,"13,00 € / 1 Kg","1,69 €",SERRANO
Frescos,Charcutería,Delisandwich Cangrejo 130 Gr,"13,00 € / 1 Kg","1,69 €",SERRANO
Frescos,Charcutería,Delisandwich Cangrejo 130 Gr,"13,00 € / 1 Kg","1,69 €",SERRANO
Frescos,Charcutería,Delisandwich Cangrejo 130 Gr,"13,00 € / 1 Kg","1,69 €",SERRANO
Frescos,Charcutería,Delisandwich Cangrejo 130 Gr,"13,00 € / 1 Kg","1,69 €",SERRANO
Frescos,Charcutería,Delisandwich Cangrejo 130 Gr,"13,00 € / 1 Kg","1,69 €",SERRANO
Frescos,Charcutería,Delisandwich Cangrejo 130 Gr,"13,00 € / 1 Kg","1,69 €",SERRANO
Frescos,Charcutería,Delisandwich Cangrejo 130 Gr,"13,00 € / 1 Kg","1,69 €",SERRANO
Frescos,Charcutería,Delisandwich Cangrejo 130 Gr,"13,00 € / 1 Kg","1,69 €",SERRANO
Frescos,Charcutería,Delisandwich Cangrejo 130 Gr,"13,00 € / 1 Kg","1,69 €",SERRANO
Frescos,Charcutería,Delisandwich Cangrejo 130 Gr,"13,00 € / 1 Kg","1,69 €",SERRANO
Frescos,Charcutería,Delisandwich Cangrejo 130 Gr,"13,00 € / 1 Kg","1,69 €",SERRANO
Frescos,Charcutería,Delisandwich Cangrejo 130 Gr,"13,00 € / 1 Kg","1,69 €",SERRANO
Frescos,Charcutería,Delisandwich Cangrejo 130 Gr,"13,00 € / 1 Kg","1,69 €",SERRANO
Frescos,Charcutería,Delisandwich Cangrejo 130 Gr,"13,00 € / 1 Kg","1,69 €",SERRANO
Frescos,Charcutería,Surtido Paté y Cremas York y Jamón 3 x 46 Gr,"14,13 € / 1 Kg","1,95 €",IBERITOS
Frescos,Charcutería,Surtido Paté y Cremas York y Jamón 3 x 46 Gr,"14,13 € / 1 Kg","1,95 €",IBERITOS
Frescos,Charcutería,Surtido Paté y Cremas York y Jamón 3 x 46 Gr,"14,13 € / 1 Kg","1,95 €",IBERITOS
Frescos,Charcutería,Surtido Paté y Cremas York y Jamón 3 x 46 Gr,"14,13 € / 1 Kg","1,95 €",IBERITOS
Frescos,Charcutería,Surtido Paté y Cremas York y Jamón 3 x 46 Gr,"14,13 € / 1 Kg","1,95 €",IBERITOS
Frescos,Charcutería,Surtido Paté y Cremas York y Jamón 3 x 46 Gr,"14,13 € / 1 Kg","1,95 €",IBERITOS
Frescos,Charcutería,Surtido Paté y Cremas York y Jamón 3 x 46 Gr,"14,13 € / 1 Kg","1,95 €",IBERITOS
Frescos,Charcutería,Surtido Paté y Cremas York y Jamón 3 x 46 Gr,"14,13 € / 1 Kg","1,95 €",IBERITOS
Frescos,Charcutería,Surtido Paté y Cremas York y Jamón 3 x 46 Gr,"14,13 € / 1 Kg","1,95 €",IBERITOS
Frescos,Charcutería,Surtido Paté y Cremas York y Jamón 3 x 46 Gr,"14,13 € / 1 Kg","1,95 €",IBERITOS
Frescos,Charcutería,Surtido Paté y Cremas York y Jamón 3 x 46 Gr,"14,13 € / 1 Kg","1,95 €",IBERITOS
Frescos,Charcutería,Surtido Paté y Cremas York y Jamón 3 x 46 Gr,"14,13 € / 1 Kg","1,95 €",IBERITOS
Frescos,Charcutería,Surtido Paté y Cremas York y Jamón 3 x 46 Gr,"14,13 € / 1 Kg","1,95 €",IBERITOS
Frescos,Charcutería,Surtido Paté y Cremas York y Jamón 3 x 46 Gr,"14,13 € / 1 Kg","1,95 €",IBERITOS
Frescos,Charcutería,Surtido Paté y Cremas York y Jamón 3 x 46 Gr,"14,13 € / 1 Kg","1,95 €",IBERITOS
Frescos,Charcutería,Surtido Paté y Cremas York y Jamón 3 x 46 Gr,"14,13 € / 1 Kg","1,95 €",IBERITOS
Frescos,Charcutería,Surtido Paté y Cremas York y Jamón 3 x 46 Gr,"14,13 € / 1 Kg","1,95 €",IBERITOS
Frescos,Charcutería,Surtido Paté y Cremas York y Jamón 3 x 46 Gr,"14,13 € / 1 Kg","1,95 €",IBERITOS
Frescos,Charcutería,Surtido Paté y Cremas York y Jamón 3 x 46 Gr,"14,13 € / 1 Kg","1,95 €",IBERITOS
Frescos,Charcutería,Surtido Paté y Cremas York y Jamón 3 x 46 Gr,"14,13 € / 1 Kg","1,95 €",IBERITOS
Frescos,Charcutería,Salchichón Ibérico 200 Gr,"13,25 € / 1 Kg","2,65 €",IBHER
Frescos,Charcutería,Salchichón Ibérico 200 Gr,"13,25 € / 1 Kg","2,65 €",IBHER
Frescos,Charcutería,Salchichón Ibérico 200 Gr,"13,25 € / 1 Kg","2,65 €",IBHER
Frescos,Charcutería,Salchichón Ibérico 200 Gr,"13,25 € / 1 Kg","2,65 €",IBHER
Frescos,Charcutería,Salchichón Ibérico 200 Gr,"13,25 € / 1 Kg","2,65 €",IBHER
Frescos,Charcutería,Salchichón Ibérico 200 Gr,"13,25 € / 1 Kg","2,65 €",IBHER
Frescos,Charcutería,Salchichón Ibérico 200 Gr,"13,25 € / 1 Kg","2,65 €",IBHER
Frescos,Charcutería,Salchichón Ibérico 200 Gr,"13,25 € / 1 Kg","2,65 €",IBHER
Frescos,Charcutería,Salchichón Ibérico 200 Gr,"13,25 € / 1 Kg","2,65 €",IBHER
Frescos,Charcutería,Salchichón Ibérico 200 Gr,"13,25 € / 1 Kg","2,65 €",IBHER
Frescos,Charcutería,Salchichón Ibérico 200 Gr,"13,25 € / 1 Kg","2,65 €",IBHER
Frescos,Charcutería,Salchichón Ibérico 200 Gr,"13,25 € / 1 Kg","2,65 €",IBHER
Frescos,Charcutería,Salchichón Ibérico 200 Gr,"13,25 € / 1 Kg","2,65 €",IBHER
Frescos,Charcutería,Salchichón Ibérico 200 Gr,"13,25 € / 1 Kg","2,65 €",IBHER
Frescos,Charcutería,Salchichón Ibérico 200 Gr,"13,25 € / 1 Kg","2,65 €",IBHER
Frescos,Charcutería,Salchichón Ibérico 200 Gr,"13,25 € / 1 Kg","2,65 €",IBHER
Frescos,Charcutería,Salchichón Ibérico 200 Gr,"13,25 € / 1 Kg","2,65 €",IBHER
Frescos,Charcutería,Salchichón Ibérico 200 Gr,"13,25 € / 1 Kg","2,65 €",IBHER
Frescos,Charcutería,Salchichón Ibérico 200 Gr,"13,25 € / 1 Kg","2,65 €",IBHER
Frescos,Charcutería,Salchichón Ibérico 200 Gr,"13,25 € / 1 Kg","2,65 €",IBHER
Frescos,Charcutería,Salchichón Extra Reserva 50% Duroc 125 Gr,"22,80 € / 1 Kg","2,85 €",BOADAS
Frescos,Charcutería,Salchichón Extra Reserva 50% Duroc 125 Gr,"22,80 € / 1 Kg","2,85 €",BOADAS
Frescos,Charcutería,Salchichón Extra Reserva 50% Duroc 125 Gr,"22,80 € / 1 Kg","2,85 €",BOADAS
Frescos,Charcutería,Salchichón Extra Reserva 50% Duroc 125 Gr,"22,80 € / 1 Kg","2,85 €",BOADAS
Frescos,Charcutería,Salchichón Extra Reserva 50% Duroc 125 Gr,"22,80 € / 1 Kg","2,85 €",BOADAS
Frescos,Charcutería,Salchichón Extra Reserva 50% Duroc 125 Gr,"22,80 € / 1 Kg","2,85 €",BOADAS
Frescos,Charcutería,Salchichón Extra Reserva 50% Duroc 125 Gr,"22,80 € / 1 Kg","2,85 €",BOADAS
Frescos,Charcutería,Salchichón Extra Reserva 50% Duroc 125 Gr,"22,80 € / 1 Kg","2,85 €",BOADAS
Frescos,Charcutería,Salchichón Extra Reserva 50% Duroc 125 Gr,"22,80 € / 1 Kg","2,85 €",BOADAS
Frescos,Charcutería,Salchichón Extra Reserva 50% Duroc 125 Gr,"22,80 € / 1 Kg","2,85 €",BOADAS
Frescos,Charcutería,Salchichón Extra Reserva 50% Duroc 125 Gr,"22,80 € / 1 Kg","2,85 €",BOADAS
Frescos,Charcutería,Salchichón Extra Reserva 50% Duroc 125 Gr,"22,80 € / 1 Kg","2,85 €",BOADAS
Frescos,Charcutería,Salchichón Extra Reserva 50% Duroc 125 Gr,"22,80 € / 1 Kg","2,85 €",BOADAS
Frescos,Charcutería,Salchichón Extra Reserva 50% Duroc 125 Gr,"22,80 € / 1 Kg","2,85 €",BOADAS
Frescos,Charcutería,Salchichón Extra Reserva 50% Duroc 125 Gr,"22,80 € / 1 Kg","2,85 €",BOADAS
Frescos,Charcutería,Salchichón Extra Reserva 50% Duroc 125 Gr,"22,80 € / 1 Kg","2,85 €",BOADAS
Frescos,Charcutería,Salchichón Extra Reserva 50% Duroc 125 Gr,"22,80 € / 1 Kg","2,85 €",BOADAS
Frescos,Charcutería,Salchichón Extra Reserva 50% Duroc 125 Gr,"22,80 € / 1 Kg","2,85 €",BOADAS
Frescos,Charcutería,Salchichón Extra Reserva 50% Duroc 125 Gr,"22,80 € / 1 Kg","2,85 €",BOADAS
Frescos,Charcutería,Salchichón Extra Reserva 50% Duroc 125 Gr,"22,80 € / 1 Kg","2,85 €",BOADAS
Frescos,Charcutería,Mortadela Finas Lonchas 250 Gr,"6,36 € / 1 Kg","1,59 €",CONSUM
Frescos,Charcutería,Mortadela Finas Lonchas 250 Gr,"6,36 € / 1 Kg","1,59 €",CONSUM
Frescos,Charcutería,Mortadela Finas Lonchas 250 Gr,"6,36 € / 1 Kg","1,59 €",CONSUM
Frescos,Charcutería,Mortadela Finas Lonchas 250 Gr,"6,36 € / 1 Kg","1,59 €",CONSUM
Frescos,Charcutería,Mortadela Finas Lonchas 250 Gr,"6,36 € / 1 Kg","1,59 €",CONSUM
Frescos,Charcutería,Mortadela Finas Lonchas 250 Gr,"6,36 € / 1 Kg","1,59 €",CONSUM
Frescos,Charcutería,Mortadela Finas Lonchas 250 Gr,"6,36 € / 1 Kg","1,59 €",CONSUM
Frescos,Charcutería,Mortadela Finas Lonchas 250 Gr,"6,36 € / 1 Kg","1,59 €",CONSUM
Frescos,Charcutería,Mortadela Finas Lonchas 250 Gr,"6,36 € / 1 Kg","1,59 €",CONSUM
Frescos,Charcutería,Mortadela Finas Lonchas 250 Gr,"6,36 € / 1 Kg","1,59 €",CONSUM
Frescos,Charcutería,Mortadela Finas Lonchas 250 Gr,"6,36 € / 1 Kg","1,59 €",CONSUM
Frescos,Charcutería,Mortadela Finas Lonchas 250 Gr,"6,36 € / 1 Kg","1,59 €",CONSUM
Frescos,Charcutería,Mortadela Finas Lonchas 250 Gr,"6,36 € / 1 Kg","1,59 €",CONSUM
Frescos,Charcutería,Mortadela Finas Lonchas 250 Gr,"6,36 € / 1 Kg","1,59 €",CONSUM
Frescos,Charcutería,Mortadela Finas Lonchas 250 Gr,"6,36 € / 1 Kg","1,59 €",CONSUM
Frescos,Charcutería,Mortadela Finas Lonchas 250 Gr,"6,36 € / 1 Kg","1,59 €",CONSUM
Frescos,Charcutería,Mortadela Finas Lonchas 250 Gr,"6,36 € / 1 Kg","1,59 €",CONSUM
Frescos,Charcutería,Mortadela Finas Lonchas 250 Gr,"6,36 € / 1 Kg","1,59 €",CONSUM
Frescos,Charcutería,Mortadela Finas Lonchas 250 Gr,"6,36 € / 1 Kg","1,59 €",CONSUM
Frescos,Charcutería,Mortadela Finas Lonchas 250 Gr,"6,36 € / 1 Kg","1,59 €",CONSUM
Frescos,Charcutería,Fiambre de York Maxi 450 Gr,"5,56 € / 1 Kg","2,50 €",EL POZO
Frescos,Charcutería,Fiambre de York Maxi 450 Gr,"5,56 € / 1 Kg","2,50 €",EL POZO
Frescos,Charcutería,Fiambre de York Maxi 450 Gr,"5,56 € / 1 Kg","2,50 €",EL POZO
Frescos,Charcutería,Fiambre de York Maxi 450 Gr,"5,56 € / 1 Kg","2,50 €",EL POZO
Frescos,Charcutería,Fiambre de York Maxi 450 Gr,"5,56 € / 1 Kg","2,50 €",EL POZO
Frescos,Charcutería,Fiambre de York Maxi 450 Gr,"5,56 € / 1 Kg","2,50 €",EL POZO
Frescos,Charcutería,Fiambre de York Maxi 450 Gr,"5,56 € / 1 Kg","2,50 €",EL POZO
Frescos,Charcutería,Fiambre de York Maxi 450 Gr,"5,56 € / 1 Kg","2,50 €",EL POZO
Frescos,Charcutería,Fiambre de York Maxi 450 Gr,"5,56 € / 1 Kg","2,50 €",EL POZO
Frescos,Charcutería,Fiambre de York Maxi 450 Gr,"5,56 € / 1 Kg","2,50 €",EL POZO
Frescos,Charcutería,Fiambre de York Maxi 450 Gr,"5,56 € / 1 Kg","2,50 €",EL POZO
Frescos,Charcutería,Fiambre de York Maxi 450 Gr,"5,56 € / 1 Kg","2,50 €",EL POZO
Frescos,Charcutería,Fiambre de York Maxi 450 Gr,"5,56 € / 1 Kg","2,50 €",EL POZO
Frescos,Charcutería,Fiambre de York Maxi 450 Gr,"5,56 € / 1 Kg","2,50 €",EL POZO
Frescos,Charcutería,Fiambre de York Maxi 450 Gr,"5,56 € / 1 Kg","2,50 €",EL POZO
Frescos,Charcutería,Fiambre de York Maxi 450 Gr,"5,56 € / 1 Kg","2,50 €",EL POZO
Frescos,Charcutería,Fiambre de York Maxi 450 Gr,"5,56 € / 1 Kg","2,50 €",EL POZO
Frescos,Charcutería,Fiambre de York Maxi 450 Gr,"5,56 € / 1 Kg","2,50 €",EL POZO
Frescos,Charcutería,Fiambre de York Maxi 450 Gr,"5,56 € / 1 Kg","2,50 €",EL POZO
Frescos,Charcutería,Fiambre de York Maxi 450 Gr,"5,56 € / 1 Kg","2,50 €",EL POZO
Frescos,Charcutería,Paté de Campagne Tradicional 80 Gr,"18,13 € / 1 Kg","1,45 €",LA CUINA
Frescos,Charcutería,Paté de Campagne Tradicional 80 Gr,"18,13 € / 1 Kg","1,45 €",LA CUINA
Frescos,Charcutería,Paté de Campagne Tradicional 80 Gr,"18,13 € / 1 Kg","1,45 €",LA CUINA
Frescos,Charcutería,Paté de Campagne Tradicional 80 Gr,"18,13 € / 1 Kg","1,45 €",LA CUINA
Frescos,Charcutería,Paté de Campagne Tradicional 80 Gr,"18,13 € / 1 Kg","1,45 €",LA CUINA
Frescos,Charcutería,Paté de Campagne Tradicional 80 Gr,"18,13 € / 1 Kg","1,45 €",LA CUINA
Frescos,Charcutería,Paté de Campagne Tradicional 80 Gr,"18,13 € / 1 Kg","1,45 €",LA CUINA
Frescos,Charcutería,Paté de Campagne Tradicional 80 Gr,"18,13 € / 1 Kg","1,45 €",LA CUINA
Frescos,Charcutería,Paté de Campagne Tradicional 80 Gr,"18,13 € / 1 Kg","1,45 €",LA CUINA
Frescos,Charcutería,Paté de Campagne Tradicional 80 Gr,"18,13 € / 1 Kg","1,45 €",LA CUINA
Frescos,Charcutería,Paté de Campagne Tradicional 80 Gr,"18,13 € / 1 Kg","1,45 €",LA CUINA
Frescos,Charcutería,Paté de Campagne Tradicional 80 Gr,"18,13 € / 1 Kg","1,45 €",LA CUINA
Frescos,Charcutería,Paté de Campagne Tradicional 80 Gr,"18,13 € / 1 Kg","1,45 €",LA CUINA
Frescos,Charcutería,Paté de Campagne Tradicional 80 Gr,"18,13 € / 1 Kg","1,45 €",LA CUINA
Frescos,Charcutería,Paté de Campagne Tradicional 80 Gr,"18,13 € / 1 Kg","1,45 €",LA CUINA
Frescos,Charcutería corte,Chorizo Tradición,"15,20 € / 1 Kg","16,90 €
15,20 €",REVILLA
Frescos,Charcutería corte,Chorizo Tradición,"15,20 € / 1 Kg","16,90 €
15,20 €",REVILLA
Frescos,Charcutería corte,Chorizo Tradición,"15,20 € / 1 Kg","16,90 €
15,20 €",REVILLA
Frescos,Charcutería corte,Chorizo Tradición,"15,20 € / 1 Kg","16,90 €
15,20 €",REVILLA
Frescos,Charcutería corte,Chorizo Tradición,"15,20 € / 1 Kg","16,90 €
15,20 €",REVILLA
Frescos,Charcutería corte,Chorizo Tradición,"15,20 € / 1 Kg","16,90 €
15,20 €",REVILLA
Frescos,Charcutería corte,Chorizo Tradición,"15,20 € / 1 Kg","16,90 €
15,20 €",REVILLA
Frescos,Charcutería corte,Chorizo Tradición,"15,20 € / 1 Kg","16,90 €
15,20 €",REVILLA
Frescos,Charcutería corte,Chorizo Tradición,"15,20 € / 1 Kg","16,90 €
15,20 €",REVILLA
Frescos,Charcutería corte,Chorizo Tradición,"15,20 € / 1 Kg","16,90 €
15,20 €",REVILLA
Frescos,Charcutería corte,Chorizo Tradición,"15,20 € / 1 Kg","16,90 €
15,20 €",REVILLA
Frescos,Charcutería corte,Chorizo Tradición,"15,20 € / 1 Kg","16,90 €
15,20 €",REVILLA
Frescos,Charcutería corte,Chorizo Tradición,"15,20 € / 1 Kg","16,90 €
15,20 €",REVILLA
Frescos,Charcutería corte,Chorizo Tradición,"15,20 € / 1 Kg","16,90 €
15,20 €",REVILLA
Frescos,Charcutería corte,Chorizo Tradición,"15,20 € / 1 Kg","16,90 €
15,20 €",REVILLA
Frescos,Charcutería corte,Chorizo Tradición,"15,20 € / 1 Kg","16,90 €
15,20 €",REVILLA
Frescos,Charcutería corte,Chorizo Tradición,"15,20 € / 1 Kg","16,90 €
15,20 €",REVILLA
Frescos,Charcutería corte,Chorizo Tradición,"15,20 € / 1 Kg","16,90 €
15,20 €",REVILLA
Frescos,Charcutería corte,Chorizo Tradición,"15,20 € / 1 Kg","16,90 €
15,20 €",REVILLA
Frescos,Charcutería corte,Chorizo Tradición,"15,20 € / 1 Kg","16,90 €
15,20 €",REVILLA
Frescos,Charcutería corte,Salchichón Cular,"17,50 € / 1 Kg","17,50 €",SOLÀ
Frescos,Charcutería corte,Salchichón Cular,"17,50 € / 1 Kg","17,50 €",SOLÀ
Frescos,Charcutería corte,Salchichón Cular,"17,50 € / 1 Kg","17,50 €",SOLÀ
Frescos,Charcutería corte,Salchichón Cular,"17,50 € / 1 Kg","17,50 €",SOLÀ
Frescos,Charcutería corte,Salchichón Cular,"17,50 € / 1 Kg","17,50 €",SOLÀ
Frescos,Charcutería corte,Salchichón Cular,"17,50 € / 1 Kg","17,50 €",SOLÀ
Frescos,Charcutería corte,Salchichón Cular,"17,50 € / 1 Kg","17,50 €",SOLÀ
Frescos,Charcutería corte,Salchichón Cular,"17,50 € / 1 Kg","17,50 €",SOLÀ
Frescos,Charcutería corte,Salchichón Cular,"17,50 € / 1 Kg","17,50 €",SOLÀ
Frescos,Charcutería corte,Salchichón Cular,"17,50 € / 1 Kg","17,50 €",SOLÀ
Frescos,Charcutería corte,Salchichón Cular,"17,50 € / 1 Kg","17,50 €",SOLÀ
Frescos,Charcutería corte,Salchichón Cular,"17,50 € / 1 Kg","17,50 €",SOLÀ
Frescos,Charcutería corte,Salchichón Cular,"17,50 € / 1 Kg","17,50 €",SOLÀ
Frescos,Charcutería corte,Salchichón Cular,"17,50 € / 1 Kg","17,50 €",SOLÀ
Frescos,Charcutería corte,Salchichón Cular,"17,50 € / 1 Kg","17,50 €",SOLÀ
Frescos,Charcutería corte,Salchichón Cular,"17,50 € / 1 Kg","17,50 €",SOLÀ
Frescos,Charcutería corte,Salchichón Cular,"17,50 € / 1 Kg","17,50 €",SOLÀ
Frescos,Charcutería corte,Salchichón Cular,"17,50 € / 1 Kg","17,50 €",SOLÀ
Frescos,Charcutería corte,Salchichón Cular,"17,50 € / 1 Kg","17,50 €",SOLÀ
Frescos,Charcutería corte,Salchichón Cular,"17,50 € / 1 Kg","17,50 €",SOLÀ
Frescos,Charcutería corte,Jamón Cebo de Campo 50% Ibérico 24 Meses,"54,90 € / 1 Kg","54,90 €",MONTARAZ
Frescos,Charcutería corte,Jamón Cebo de Campo 50% Ibérico 24 Meses,"54,90 € / 1 Kg","54,90 €",MONTARAZ
Frescos,Charcutería corte,Jamón Cebo de Campo 50% Ibérico 24 Meses,"54,90 € / 1 Kg","54,90 €",MONTARAZ
Frescos,Charcutería corte,Jamón Cebo de Campo 50% Ibérico 24 Meses,"54,90 € / 1 Kg","54,90 €",MONTARAZ
Frescos,Charcutería corte,Jamón Cebo de Campo 50% Ibérico 24 Meses,"54,90 € / 1 Kg","54,90 €",MONTARAZ
Frescos,Charcutería corte,Jamón Cebo de Campo 50% Ibérico 24 Meses,"54,90 € / 1 Kg","54,90 €",MONTARAZ
Frescos,Charcutería corte,Jamón Cebo de Campo 50% Ibérico 24 Meses,"54,90 € / 1 Kg","54,90 €",MONTARAZ
Frescos,Charcutería corte,Jamón Cebo de Campo 50% Ibérico 24 Meses,"54,90 € / 1 Kg","54,90 €",MONTARAZ
Frescos,Charcutería corte,Jamón Cebo de Campo 50% Ibérico 24 Meses,"54,90 € / 1 Kg","54,90 €",MONTARAZ
Frescos,Charcutería corte,Jamón Cebo de Campo 50% Ibérico 24 Meses,"54,90 € / 1 Kg","54,90 €",MONTARAZ
Frescos,Charcutería corte,Jamón Cebo de Campo 50% Ibérico 24 Meses,"54,90 € / 1 Kg","54,90 €",MONTARAZ
Frescos,Charcutería corte,Jamón Cebo de Campo 50% Ibérico 24 Meses,"54,90 € / 1 Kg","54,90 €",MONTARAZ
Frescos,Charcutería corte,Jamón Cebo de Campo 50% Ibérico 24 Meses,"54,90 € / 1 Kg","54,90 €",MONTARAZ
Frescos,Charcutería corte,Jamón Cebo de Campo 50% Ibérico 24 Meses,"54,90 € / 1 Kg","54,90 €",MONTARAZ
Frescos,Charcutería corte,Jamón Cebo de Campo 50% Ibérico 24 Meses,"54,90 € / 1 Kg","54,90 €",MONTARAZ
Frescos,Charcutería corte,Jamón Cebo de Campo 50% Ibérico 24 Meses,"54,90 € / 1 Kg","54,90 €",MONTARAZ
Frescos,Charcutería corte,Jamón Cebo de Campo 50% Ibérico 24 Meses,"54,90 € / 1 Kg","54,90 €",MONTARAZ
Frescos,Charcutería corte,Jamón Cebo de Campo 50% Ibérico 24 Meses,"54,90 € / 1 Kg","54,90 €",MONTARAZ
Frescos,Charcutería corte,Jamón Cebo de Campo 50% Ibérico 24 Meses,"54,90 € / 1 Kg","54,90 €",MONTARAZ
Frescos,Charcutería corte,Jamón Cebo de Campo 50% Ibérico 24 Meses,"54,90 € / 1 Kg","54,90 €",MONTARAZ
Frescos,Charcutería corte,Jamón Asado Ahumado 92% Carne,"17,90 € / 1 Kg","17,90 €",TELLO
Frescos,Charcutería corte,Jamón Asado Ahumado 92% Carne,"17,90 € / 1 Kg","17,90 €",TELLO
Frescos,Charcutería corte,Jamón Asado Ahumado 92% Carne,"17,90 € / 1 Kg","17,90 €",TELLO
Frescos,Charcutería corte,Jamón Asado Ahumado 92% Carne,"17,90 € / 1 Kg","17,90 €",TELLO
Frescos,Charcutería corte,Jamón Asado Ahumado 92% Carne,"17,90 € / 1 Kg","17,90 €",TELLO
Frescos,Charcutería corte,Jamón Asado Ahumado 92% Carne,"17,90 € / 1 Kg","17,90 €",TELLO
Frescos,Charcutería corte,Jamón Asado Ahumado 92% Carne,"17,90 € / 1 Kg","17,90 €",TELLO
Frescos,Charcutería corte,Jamón Asado Ahumado 92% Carne,"17,90 € / 1 Kg","17,90 €",TELLO
Frescos,Charcutería corte,Jamón Asado Ahumado 92% Carne,"17,90 € / 1 Kg","17,90 €",TELLO
Frescos,Charcutería corte,Jamón Asado Ahumado 92% Carne,"17,90 € / 1 Kg","17,90 €",TELLO
Frescos,Charcutería corte,Jamón Asado Ahumado 92% Carne,"17,90 € / 1 Kg","17,90 €",TELLO
Frescos,Charcutería corte,Jamón Asado Ahumado 92% Carne,"17,90 € / 1 Kg","17,90 €",TELLO
Frescos,Charcutería corte,Jamón Asado Ahumado 92% Carne,"17,90 € / 1 Kg","17,90 €",TELLO
Frescos,Charcutería corte,Jamón Asado Ahumado 92% Carne,"17,90 € / 1 Kg","17,90 €",TELLO
Frescos,Charcutería corte,Jamón Asado Ahumado 92% Carne,"17,90 € / 1 Kg","17,90 €",TELLO
Frescos,Charcutería corte,Jamón Asado Ahumado 92% Carne,"17,90 € / 1 Kg","17,90 €",TELLO
Frescos,Quesos,Queso Oveja Cuña 250 Gr,"23,96 € / 1 Kg","5,99 €",FLOR ESGUEVA
Frescos,Quesos,Queso Oveja Cuña 250 Gr,"23,96 € / 1 Kg","5,99 €",FLOR ESGUEVA
Frescos,Quesos,Queso Oveja Cuña 250 Gr,"23,96 € / 1 Kg","5,99 €",FLOR ESGUEVA
Frescos,Quesos,Queso Oveja Cuña 250 Gr,"23,96 € / 1 Kg","5,99 €",FLOR ESGUEVA
Frescos,Quesos,Queso Oveja Cuña 250 Gr,"23,96 € / 1 Kg","5,99 €",FLOR ESGUEVA
Frescos,Quesos,Queso Oveja Cuña 250 Gr,"23,96 € / 1 Kg","5,99 €",FLOR ESGUEVA
Frescos,Quesos,Queso Oveja Cuña 250 Gr,"23,96 € / 1 Kg","5,99 €",FLOR ESGUEVA
Frescos,Quesos,Queso Oveja Cuña 250 Gr,"23,96 € / 1 Kg","5,99 €",FLOR ESGUEVA
Frescos,Quesos,Queso Oveja Cuña 250 Gr,"23,96 € / 1 Kg","5,99 €",FLOR ESGUEVA
Frescos,Quesos,Queso Oveja Cuña 250 Gr,"23,96 € / 1 Kg","5,99 €",FLOR ESGUEVA
Frescos,Quesos,Queso Oveja Cuña 250 Gr,"23,96 € / 1 Kg","5,99 €",FLOR ESGUEVA
Frescos,Quesos,Queso Oveja Cuña 250 Gr,"23,96 € / 1 Kg","5,99 €",FLOR ESGUEVA
Frescos,Quesos,Queso Oveja Cuña 250 Gr,"23,96 € / 1 Kg","5,99 €",FLOR ESGUEVA
Frescos,Quesos,Queso Oveja Cuña 250 Gr,"23,96 € / 1 Kg","5,99 €",FLOR ESGUEVA
Frescos,Quesos,Queso Oveja Cuña 250 Gr,"23,96 € / 1 Kg","5,99 €",FLOR ESGUEVA
Frescos,Quesos,Queso Oveja Cuña 250 Gr,"23,96 € / 1 Kg","5,99 €",FLOR ESGUEVA
Frescos,Quesos,Queso Oveja Cuña 250 Gr,"23,96 € / 1 Kg","5,99 €",FLOR ESGUEVA
Frescos,Quesos,Queso Oveja Cuña 250 Gr,"23,96 € / 1 Kg","5,99 €",FLOR ESGUEVA
Frescos,Quesos,Queso Oveja Cuña 250 Gr,"23,96 € / 1 Kg","5,99 €",FLOR ESGUEVA
Frescos,Quesos,Queso Oveja Cuña 250 Gr,"23,96 € / 1 Kg","5,99 €",FLOR ESGUEVA
Frescos,Quesos,Rallado Vegano Estilo Mozzarella 200 Gr,"12,45 € / 1 Kg","3,49 €
2,49 €",VIOLIFE
Frescos,Quesos,Rallado Vegano Estilo Mozzarella 200 Gr,"12,45 € / 1 Kg","3,49 €
2,49 €",VIOLIFE
Frescos,Quesos,Rallado Vegano Estilo Mozzarella 200 Gr,"12,45 € / 1 Kg","3,49 €
2,49 €",VIOLIFE
Frescos,Quesos,Rallado Vegano Estilo Mozzarella 200 Gr,"12,45 € / 1 Kg","3,49 €
2,49 €",VIOLIFE
Frescos,Quesos,Rallado Vegano Estilo Mozzarella 200 Gr,"12,45 € / 1 Kg","3,49 €
2,49 €",VIOLIFE
Frescos,Quesos,Rallado Vegano Estilo Mozzarella 200 Gr,"12,45 € / 1 Kg","3,49 €
2,49 €",VIOLIFE
Frescos,Quesos,Rallado Vegano Estilo Mozzarella 200 Gr,"12,45 € / 1 Kg","3,49 €
2,49 €",VIOLIFE
Frescos,Quesos,Rallado Vegano Estilo Mozzarella 200 Gr,"12,45 € / 1 Kg","3,49 €
2,49 €",VIOLIFE
Frescos,Quesos,Rallado Vegano Estilo Mozzarella 200 Gr,"12,45 € / 1 Kg","3,49 €
2,49 €",VIOLIFE
Frescos,Quesos,Rallado Vegano Estilo Mozzarella 200 Gr,"12,45 € / 1 Kg","3,49 €
2,49 €",VIOLIFE
Frescos,Quesos,Rallado Vegano Estilo Mozzarella 200 Gr,"12,45 € / 1 Kg","3,49 €
2,49 €",VIOLIFE
Frescos,Quesos,Rallado Vegano Estilo Mozzarella 200 Gr,"12,45 € / 1 Kg","3,49 €
2,49 €",VIOLIFE
Frescos,Quesos,Rallado Vegano Estilo Mozzarella 200 Gr,"12,45 € / 1 Kg","3,49 €
2,49 €",VIOLIFE
Frescos,Quesos,Rallado Vegano Estilo Mozzarella 200 Gr,"12,45 € / 1 Kg","3,49 €
2,49 €",VIOLIFE
Frescos,Quesos,Rallado Vegano Estilo Mozzarella 200 Gr,"12,45 € / 1 Kg","3,49 €
2,49 €",VIOLIFE
Frescos,Quesos,Rallado Vegano Estilo Mozzarella 200 Gr,"12,45 € / 1 Kg","3,49 €
2,49 €",VIOLIFE
Frescos,Quesos,Rallado Vegano Estilo Mozzarella 200 Gr,"12,45 € / 1 Kg","3,49 €
2,49 €",VIOLIFE
Frescos,Quesos,Rallado Vegano Estilo Mozzarella 200 Gr,"12,45 € / 1 Kg","3,49 €
2,49 €",VIOLIFE
Frescos,Quesos,Rallado Vegano Estilo Mozzarella 200 Gr,"12,45 € / 1 Kg","3,49 €
2,49 €",VIOLIFE
Frescos,Quesos,Rallado Vegano Estilo Mozzarella 200 Gr,"12,45 € / 1 Kg","3,49 €
2,49 €",VIOLIFE
Frescos,Quesos,Queso Mezcla Semicurado Cuña 325 Gr,"14,92 € / 1 Kg","4,85 €",G.BAQUERO
Frescos,Quesos,Queso Mezcla Semicurado Cuña 325 Gr,"14,92 € / 1 Kg","4,85 €",G.BAQUERO
Frescos,Quesos,Queso Mezcla Semicurado Cuña 325 Gr,"14,92 € / 1 Kg","4,85 €",G.BAQUERO
Frescos,Quesos,Queso Mezcla Semicurado Cuña 325 Gr,"14,92 € / 1 Kg","4,85 €",G.BAQUERO
Frescos,Quesos,Queso Mezcla Semicurado Cuña 325 Gr,"14,92 € / 1 Kg","4,85 €",G.BAQUERO
Frescos,Quesos,Queso Mezcla Semicurado Cuña 325 Gr,"14,92 € / 1 Kg","4,85 €",G.BAQUERO
Frescos,Quesos,Queso Mezcla Semicurado Cuña 325 Gr,"14,92 € / 1 Kg","4,85 €",G.BAQUERO
Frescos,Quesos,Queso Mezcla Semicurado Cuña 325 Gr,"14,92 € / 1 Kg","4,85 €",G.BAQUERO
Frescos,Quesos,Queso Mezcla Semicurado Cuña 325 Gr,"14,92 € / 1 Kg","4,85 €",G.BAQUERO
Frescos,Quesos,Queso Mezcla Semicurado Cuña 325 Gr,"14,92 € / 1 Kg","4,85 €",G.BAQUERO
Frescos,Quesos,Queso Mezcla Semicurado Cuña 325 Gr,"14,92 € / 1 Kg","4,85 €",G.BAQUERO
Frescos,Quesos,Queso Mezcla Semicurado Cuña 325 Gr,"14,92 € / 1 Kg","4,85 €",G.BAQUERO
Frescos,Quesos,Queso Mezcla Semicurado Cuña 325 Gr,"14,92 € / 1 Kg","4,85 €",G.BAQUERO
Frescos,Quesos,Queso Mezcla Semicurado Cuña 325 Gr,"14,92 € / 1 Kg","4,85 €",G.BAQUERO
Frescos,Quesos,Queso Mezcla Semicurado Cuña 325 Gr,"14,92 € / 1 Kg","4,85 €",G.BAQUERO
Frescos,Quesos,Queso Mezcla Semicurado Cuña 325 Gr,"14,92 € / 1 Kg","4,85 €",G.BAQUERO
Frescos,Quesos,Queso Mezcla Semicurado Cuña 325 Gr,"14,92 € / 1 Kg","4,85 €",G.BAQUERO
Frescos,Quesos,Queso Mezcla Semicurado Cuña 325 Gr,"14,92 € / 1 Kg","4,85 €",G.BAQUERO
Frescos,Quesos,Queso Mezcla Semicurado Cuña 325 Gr,"14,92 € / 1 Kg","4,85 €",G.BAQUERO
Frescos,Quesos,Queso Mezcla Semicurado Cuña 325 Gr,"14,92 € / 1 Kg","4,85 €",G.BAQUERO
Frescos,Quesos,Queso Tierno Light Lonchas 200 Gr,"11,50 € / 1 Kg","2,30 €",CONSUM
Frescos,Quesos,Queso Tierno Light Lonchas 200 Gr,"11,50 € / 1 Kg","2,30 €",CONSUM
Frescos,Quesos,Queso Tierno Light Lonchas 200 Gr,"11,50 € / 1 Kg","2,30 €",CONSUM
Frescos,Quesos,Queso Tierno Light Lonchas 200 Gr,"11,50 € / 1 Kg","2,30 €",CONSUM
Frescos,Quesos,Queso Tierno Light Lonchas 200 Gr,"11,50 € / 1 Kg","2,30 €",CONSUM
Frescos,Quesos,Queso Tierno Light Lonchas 200 Gr,"11,50 € / 1 Kg","2,30 €",CONSUM
Frescos,Quesos,Queso Tierno Light Lonchas 200 Gr,"11,50 € / 1 Kg","2,30 €",CONSUM
Frescos,Quesos,Queso Tierno Light Lonchas 200 Gr,"11,50 € / 1 Kg","2,30 €",CONSUM
Frescos,Quesos,Queso Tierno Light Lonchas 200 Gr,"11,50 € / 1 Kg","2,30 €",CONSUM
Frescos,Quesos,Queso Tierno Light Lonchas 200 Gr,"11,50 € / 1 Kg","2,30 €",CONSUM
Frescos,Quesos,Queso Tierno Light Lonchas 200 Gr,"11,50 € / 1 Kg","2,30 €",CONSUM
Frescos,Quesos,Queso Tierno Light Lonchas 200 Gr,"11,50 € / 1 Kg","2,30 €",CONSUM
Frescos,Quesos,Queso Tierno Light Lonchas 200 Gr,"11,50 € / 1 Kg","2,30 €",CONSUM
Frescos,Quesos,Queso Tierno Light Lonchas 200 Gr,"11,50 € / 1 Kg","2,30 €",CONSUM
Frescos,Quesos,Queso Tierno Light Lonchas 200 Gr,"11,50 € / 1 Kg","2,30 €",CONSUM
Frescos,Quesos,Queso Tierno Light Lonchas 200 Gr,"11,50 € / 1 Kg","2,30 €",CONSUM
Frescos,Quesos,Queso Tierno Light Lonchas 200 Gr,"11,50 € / 1 Kg","2,30 €",CONSUM
Frescos,Quesos,Queso Tierno Light Lonchas 200 Gr,"11,50 € / 1 Kg","2,30 €",CONSUM
Frescos,Quesos,Queso Tierno Light Lonchas 200 Gr,"11,50 € / 1 Kg","2,30 €",CONSUM
Frescos,Quesos,Queso Tierno Light Lonchas 200 Gr,"11,50 € / 1 Kg","2,30 €",CONSUM
Frescos,Quesos,Queso Fundido Entero Lonchas 300 Gr,"7,17 € / 1 Kg","2,15 €",HOCHLAND
Frescos,Quesos,Queso Fundido Entero Lonchas 300 Gr,"7,17 € / 1 Kg","2,15 €",HOCHLAND
Frescos,Quesos,Queso Fundido Entero Lonchas 300 Gr,"7,17 € / 1 Kg","2,15 €",HOCHLAND
Frescos,Quesos,Queso Fundido Entero Lonchas 300 Gr,"7,17 € / 1 Kg","2,15 €",HOCHLAND
Frescos,Quesos,Queso Fundido Entero Lonchas 300 Gr,"7,17 € / 1 Kg","2,15 €",HOCHLAND
Frescos,Quesos,Queso Fundido Entero Lonchas 300 Gr,"7,17 € / 1 Kg","2,15 €",HOCHLAND
Frescos,Quesos,Queso Fundido Entero Lonchas 300 Gr,"7,17 € / 1 Kg","2,15 €",HOCHLAND
Frescos,Quesos,Queso Fundido Entero Lonchas 300 Gr,"7,17 € / 1 Kg","2,15 €",HOCHLAND
Frescos,Quesos,Queso Fundido Entero Lonchas 300 Gr,"7,17 € / 1 Kg","2,15 €",HOCHLAND
Frescos,Quesos,Queso Fundido Entero Lonchas 300 Gr,"7,17 € / 1 Kg","2,15 €",HOCHLAND
Frescos,Quesos,Queso Fundido Entero Lonchas 300 Gr,"7,17 € / 1 Kg","2,15 €",HOCHLAND
Frescos,Quesos,Queso Fundido Entero Lonchas 300 Gr,"7,17 € / 1 Kg","2,15 €",HOCHLAND
Frescos,Quesos,Queso Fundido Entero Lonchas 300 Gr,"7,17 € / 1 Kg","2,15 €",HOCHLAND
Frescos,Quesos,Queso Fundido Entero Lonchas 300 Gr,"7,17 € / 1 Kg","2,15 €",HOCHLAND
Frescos,Quesos,Queso Fundido Entero Lonchas 300 Gr,"7,17 € / 1 Kg","2,15 €",HOCHLAND
Frescos,Quesos,Queso Fundido Entero Lonchas 300 Gr,"7,17 € / 1 Kg","2,15 €",HOCHLAND
Frescos,Quesos,Queso Fundido Entero Lonchas 300 Gr,"7,17 € / 1 Kg","2,15 €",HOCHLAND
Frescos,Quesos,Queso Fundido Entero Lonchas 300 Gr,"7,17 € / 1 Kg","2,15 €",HOCHLAND
Frescos,Quesos,Queso Fundido Entero Lonchas 300 Gr,"7,17 € / 1 Kg","2,15 €",HOCHLAND
Frescos,Quesos,Queso Fundido Entero Lonchas 300 Gr,"7,17 € / 1 Kg","2,15 €",HOCHLAND
Frescos,Quesos,Queso Untar Natural 200 Gr,"9,95 € / 1 Kg","1,99 €",SAN MILLAN
Frescos,Quesos,Queso Untar Natural 200 Gr,"9,95 € / 1 Kg","1,99 €",SAN MILLAN
Frescos,Quesos,Queso Untar Natural 200 Gr,"9,95 € / 1 Kg","1,99 €",SAN MILLAN
Frescos,Quesos,Queso Untar Natural 200 Gr,"9,95 € / 1 Kg","1,99 €",SAN MILLAN
Frescos,Quesos,Queso Untar Natural 200 Gr,"9,95 € / 1 Kg","1,99 €",SAN MILLAN
Frescos,Quesos,Queso Untar Natural 200 Gr,"9,95 € / 1 Kg","1,99 €",SAN MILLAN
Frescos,Quesos,Queso Untar Natural 200 Gr,"9,95 € / 1 Kg","1,99 €",SAN MILLAN
Frescos,Quesos,Queso Untar Natural 200 Gr,"9,95 € / 1 Kg","1,99 €",SAN MILLAN
Frescos,Quesos,Queso Untar Natural 200 Gr,"9,95 € / 1 Kg","1,99 €",SAN MILLAN
Frescos,Quesos,Queso Untar Natural 200 Gr,"9,95 € / 1 Kg","1,99 €",SAN MILLAN
Frescos,Quesos,Queso Untar Natural 200 Gr,"9,95 € / 1 Kg","1,99 €",SAN MILLAN
Frescos,Quesos,Queso Untar Natural 200 Gr,"9,95 € / 1 Kg","1,99 €",SAN MILLAN
Frescos,Quesos,Queso Untar Natural 200 Gr,"9,95 € / 1 Kg","1,99 €",SAN MILLAN
Frescos,Quesos,Queso Untar Natural 200 Gr,"9,95 € / 1 Kg","1,99 €",SAN MILLAN
Frescos,Quesos,Queso Untar Natural 200 Gr,"9,95 € / 1 Kg","1,99 €",SAN MILLAN
Frescos,Quesos,Queso Untar Natural 200 Gr,"9,95 € / 1 Kg","1,99 €",SAN MILLAN
Frescos,Quesos,Queso Untar Natural 200 Gr,"9,95 € / 1 Kg","1,99 €",SAN MILLAN
Frescos,Quesos,Queso Untar Natural 200 Gr,"9,95 € / 1 Kg","1,99 €",SAN MILLAN
Frescos,Quesos,Queso Untar Natural 200 Gr,"9,95 € / 1 Kg","1,99 €",SAN MILLAN
Frescos,Quesos,Queso Untar Natural 200 Gr,"9,95 € / 1 Kg","1,99 €",SAN MILLAN
Frescos,Quesos,Queso Fresco Artesano al Punto de Sal 250 Gr,"10,56 € / 1 Kg","2,64 €",EL VENTERO
Frescos,Quesos,Queso Fresco Artesano al Punto de Sal 250 Gr,"10,56 € / 1 Kg","2,64 €",EL VENTERO
Frescos,Quesos,Queso Fresco Artesano al Punto de Sal 250 Gr,"10,56 € / 1 Kg","2,64 €",EL VENTERO
Frescos,Quesos,Queso Fresco Artesano al Punto de Sal 250 Gr,"10,56 € / 1 Kg","2,64 €",EL VENTERO
Frescos,Quesos,Queso Fresco Artesano al Punto de Sal 250 Gr,"10,56 € / 1 Kg","2,64 €",EL VENTERO
Frescos,Quesos,Queso Fresco Artesano al Punto de Sal 250 Gr,"10,56 € / 1 Kg","2,64 €",EL VENTERO
Frescos,Quesos,Queso Fresco Artesano al Punto de Sal 250 Gr,"10,56 € / 1 Kg","2,64 €",EL VENTERO
Frescos,Quesos,Queso Fresco Artesano al Punto de Sal 250 Gr,"10,56 € / 1 Kg","2,64 €",EL VENTERO
Frescos,Quesos,Queso Fresco Artesano al Punto de Sal 250 Gr,"10,56 € / 1 Kg","2,64 €",EL VENTERO
Frescos,Quesos,Queso Fresco Artesano al Punto de Sal 250 Gr,"10,56 € / 1 Kg","2,64 €",EL VENTERO
Frescos,Quesos,Queso Fresco Artesano al Punto de Sal 250 Gr,"10,56 € / 1 Kg","2,64 €",EL VENTERO
Frescos,Quesos,Queso Fresco Artesano al Punto de Sal 250 Gr,"10,56 € / 1 Kg","2,64 €",EL VENTERO
Frescos,Quesos,Queso Fresco Artesano al Punto de Sal 250 Gr,"10,56 € / 1 Kg","2,64 €",EL VENTERO
Frescos,Quesos,Queso Fresco Artesano al Punto de Sal 250 Gr,"10,56 € / 1 Kg","2,64 €",EL VENTERO
Frescos,Quesos,Queso Fresco Artesano al Punto de Sal 250 Gr,"10,56 € / 1 Kg","2,64 €",EL VENTERO
Frescos,Quesos,Queso Fresco Artesano al Punto de Sal 250 Gr,"10,56 € / 1 Kg","2,64 €",EL VENTERO
Frescos,Quesos,Queso Fresco Artesano al Punto de Sal 250 Gr,"10,56 € / 1 Kg","2,64 €",EL VENTERO
Frescos,Quesos,Queso Fresco Artesano al Punto de Sal 250 Gr,"10,56 € / 1 Kg","2,64 €",EL VENTERO
Frescos,Quesos,Queso Fresco Artesano al Punto de Sal 250 Gr,"10,56 € / 1 Kg","2,64 €",EL VENTERO
Frescos,Quesos,Queso Fresco Artesano al Punto de Sal 250 Gr,"10,56 € / 1 Kg","2,64 €",EL VENTERO
Frescos,Quesos,Crema de Brie con Trufa 105 Gr,"17,62 € / 1 Kg","1,85 €",PRESIDENT
Frescos,Quesos,Crema de Brie con Trufa 105 Gr,"17,62 € / 1 Kg","1,85 €",PRESIDENT
Frescos,Quesos,Crema de Brie con Trufa 105 Gr,"17,62 € / 1 Kg","1,85 €",PRESIDENT
Frescos,Quesos,Crema de Brie con Trufa 105 Gr,"17,62 € / 1 Kg","1,85 €",PRESIDENT
Frescos,Quesos,Crema de Brie con Trufa 105 Gr,"17,62 € / 1 Kg","1,85 €",PRESIDENT
Frescos,Quesos,Crema de Brie con Trufa 105 Gr,"17,62 € / 1 Kg","1,85 €",PRESIDENT
Frescos,Quesos,Crema de Brie con Trufa 105 Gr,"17,62 € / 1 Kg","1,85 €",PRESIDENT
Frescos,Quesos,Crema de Brie con Trufa 105 Gr,"17,62 € / 1 Kg","1,85 €",PRESIDENT
Frescos,Quesos,Crema de Brie con Trufa 105 Gr,"17,62 € / 1 Kg","1,85 €",PRESIDENT
Frescos,Quesos,Crema de Brie con Trufa 105 Gr,"17,62 € / 1 Kg","1,85 €",PRESIDENT
Frescos,Quesos,Crema de Brie con Trufa 105 Gr,"17,62 € / 1 Kg","1,85 €",PRESIDENT
Frescos,Quesos,Crema de Brie con Trufa 105 Gr,"17,62 € / 1 Kg","1,85 €",PRESIDENT
Frescos,Quesos,Crema de Brie con Trufa 105 Gr,"17,62 € / 1 Kg","1,85 €",PRESIDENT
Frescos,Quesos,Crema de Brie con Trufa 105 Gr,"17,62 € / 1 Kg","1,85 €",PRESIDENT
Frescos,Quesos,Crema de Brie con Trufa 105 Gr,"17,62 € / 1 Kg","1,85 €",PRESIDENT
Frescos,Quesos,Crema de Brie con Trufa 105 Gr,"17,62 € / 1 Kg","1,85 €",PRESIDENT
Frescos,Quesos,Crema de Brie con Trufa 105 Gr,"17,62 € / 1 Kg","1,85 €",PRESIDENT
Frescos,Quesos,Crema de Brie con Trufa 105 Gr,"17,62 € / 1 Kg","1,85 €",PRESIDENT
Frescos,Quesos,Crema de Brie con Trufa 105 Gr,"17,62 € / 1 Kg","1,85 €",PRESIDENT
Frescos,Quesos,Crema de Brie con Trufa 105 Gr,"17,62 € / 1 Kg","1,85 €",PRESIDENT
Frescos,Quesos,Membrillo para Untar 175 Gr,"12,29 € / 1 Kg","2,15 €",SANTA TERESA
Frescos,Quesos,Membrillo para Untar 175 Gr,"12,29 € / 1 Kg","2,15 €",SANTA TERESA
Frescos,Quesos,Membrillo para Untar 175 Gr,"12,29 € / 1 Kg","2,15 €",SANTA TERESA
Frescos,Quesos,Membrillo para Untar 175 Gr,"12,29 € / 1 Kg","2,15 €",SANTA TERESA
Frescos,Quesos,Membrillo para Untar 175 Gr,"12,29 € / 1 Kg","2,15 €",SANTA TERESA
Frescos,Quesos,Membrillo para Untar 175 Gr,"12,29 € / 1 Kg","2,15 €",SANTA TERESA
Frescos,Quesos,Membrillo para Untar 175 Gr,"12,29 € / 1 Kg","2,15 €",SANTA TERESA
Frescos,Quesos,Membrillo para Untar 175 Gr,"12,29 € / 1 Kg","2,15 €",SANTA TERESA
Frescos,Quesos,Membrillo para Untar 175 Gr,"12,29 € / 1 Kg","2,15 €",SANTA TERESA
Frescos,Quesos,Membrillo para Untar 175 Gr,"12,29 € / 1 Kg","2,15 €",SANTA TERESA
Frescos,Quesos,Membrillo para Untar 175 Gr,"12,29 € / 1 Kg","2,15 €",SANTA TERESA
Frescos,Quesos,Membrillo para Untar 175 Gr,"12,29 € / 1 Kg","2,15 €",SANTA TERESA
Frescos,Quesos,Membrillo para Untar 175 Gr,"12,29 € / 1 Kg","2,15 €",SANTA TERESA
Frescos,Quesos,Membrillo para Untar 175 Gr,"12,29 € / 1 Kg","2,15 €",SANTA TERESA
Frescos,Quesos,Membrillo para Untar 175 Gr,"12,29 € / 1 Kg","2,15 €",SANTA TERESA
Frescos,Quesos,Membrillo para Untar 175 Gr,"12,29 € / 1 Kg","2,15 €",SANTA TERESA
Frescos,Quesos,Membrillo para Untar 175 Gr,"12,29 € / 1 Kg","2,15 €",SANTA TERESA
Frescos,Quesos,Membrillo para Untar 175 Gr,"12,29 € / 1 Kg","2,15 €",SANTA TERESA
Frescos,Quesos,Membrillo para Untar 175 Gr,"12,29 € / 1 Kg","2,15 €",SANTA TERESA
Frescos,Quesos,Membrillo para Untar 175 Gr,"12,29 € / 1 Kg","2,15 €",SANTA TERESA
Frescos,Quesos,Crema de Queso con Piña y Papaya 125 Gr,"15,92 € / 1 Kg","1,99 €",DELITUSS
Frescos,Quesos,Crema de Queso con Piña y Papaya 125 Gr,"15,92 € / 1 Kg","1,99 €",DELITUSS
Frescos,Quesos,Crema de Queso con Piña y Papaya 125 Gr,"15,92 € / 1 Kg","1,99 €",DELITUSS
Frescos,Quesos,Crema de Queso con Piña y Papaya 125 Gr,"15,92 € / 1 Kg","1,99 €",DELITUSS
Frescos,Quesos,Crema de Queso con Piña y Papaya 125 Gr,"15,92 € / 1 Kg","1,99 €",DELITUSS
Frescos,Quesos,Crema de Queso con Piña y Papaya 125 Gr,"15,92 € / 1 Kg","1,99 €",DELITUSS
Frescos,Quesos,Crema de Queso con Piña y Papaya 125 Gr,"15,92 € / 1 Kg","1,99 €",DELITUSS
Frescos,Quesos,Crema de Queso con Piña y Papaya 125 Gr,"15,92 € / 1 Kg","1,99 €",DELITUSS
Frescos,Quesos,Crema de Queso con Piña y Papaya 125 Gr,"15,92 € / 1 Kg","1,99 €",DELITUSS
Frescos,Quesos,Crema de Queso con Piña y Papaya 125 Gr,"15,92 € / 1 Kg","1,99 €",DELITUSS
Frescos,Quesos,Crema de Queso con Piña y Papaya 125 Gr,"15,92 € / 1 Kg","1,99 €",DELITUSS
Frescos,Quesos,Crema de Queso con Piña y Papaya 125 Gr,"15,92 € / 1 Kg","1,99 €",DELITUSS
Frescos,Quesos,Crema de Queso con Piña y Papaya 125 Gr,"15,92 € / 1 Kg","1,99 €",DELITUSS
Frescos,Quesos,Crema de Queso con Piña y Papaya 125 Gr,"15,92 € / 1 Kg","1,99 €",DELITUSS
Frescos,Quesos,Crema de Queso con Piña y Papaya 125 Gr,"15,92 € / 1 Kg","1,99 €",DELITUSS
Frescos,Quesos,Crema de Queso con Piña y Papaya 125 Gr,"15,92 € / 1 Kg","1,99 €",DELITUSS
Frescos,Quesos,Crema de Queso con Piña y Papaya 125 Gr,"15,92 € / 1 Kg","1,99 €",DELITUSS
Frescos,Quesos,Crema de Queso con Piña y Papaya 125 Gr,"15,92 € / 1 Kg","1,99 €",DELITUSS
Frescos,Quesos,Crema de Queso con Piña y Papaya 125 Gr,"15,92 € / 1 Kg","1,99 €",DELITUSS
Frescos,Quesos,Crema de Queso con Piña y Papaya 125 Gr,"15,92 € / 1 Kg","1,99 €",DELITUSS
Frescos,Quesos corte,Queso Oveja Reserva Leche Cruda 8 Meses,"23,36 € / 1 Kg","25,95 €
23,36 €",BOFFARD
Frescos,Quesos corte,Queso Oveja Reserva Leche Cruda 8 Meses,"23,36 € / 1 Kg","25,95 €
23,36 €",BOFFARD
Frescos,Quesos corte,Queso Oveja Reserva Leche Cruda 8 Meses,"23,36 € / 1 Kg","25,95 €
23,36 €",BOFFARD
Frescos,Quesos corte,Queso Oveja Reserva Leche Cruda 8 Meses,"23,36 € / 1 Kg","25,95 €
23,36 €",BOFFARD
Frescos,Quesos corte,Queso Oveja Reserva Leche Cruda 8 Meses,"23,36 € / 1 Kg","25,95 €
23,36 €",BOFFARD
Frescos,Quesos corte,Queso Oveja Reserva Leche Cruda 8 Meses,"23,36 € / 1 Kg","25,95 €
23,36 €",BOFFARD
Frescos,Quesos corte,Queso Oveja Reserva Leche Cruda 8 Meses,"23,36 € / 1 Kg","25,95 €
23,36 €",BOFFARD
Frescos,Quesos corte,Queso Oveja Reserva Leche Cruda 8 Meses,"23,36 € / 1 Kg","25,95 €
23,36 €",BOFFARD
Frescos,Quesos corte,Queso Oveja Reserva Leche Cruda 8 Meses,"23,36 € / 1 Kg","25,95 €
23,36 €",BOFFARD
Frescos,Quesos corte,Queso Oveja Reserva Leche Cruda 8 Meses,"23,36 € / 1 Kg","25,95 €
23,36 €",BOFFARD
Frescos,Quesos corte,Queso Oveja Reserva Leche Cruda 8 Meses,"23,36 € / 1 Kg","25,95 €
23,36 €",BOFFARD
Frescos,Quesos corte,Queso Oveja Reserva Leche Cruda 8 Meses,"23,36 € / 1 Kg","25,95 €
23,36 €",BOFFARD
Frescos,Quesos corte,Queso Oveja Reserva Leche Cruda 8 Meses,"23,36 € / 1 Kg","25,95 €
23,36 €",BOFFARD
Frescos,Quesos corte,Queso Oveja Reserva Leche Cruda 8 Meses,"23,36 € / 1 Kg","25,95 €
23,36 €",BOFFARD
Frescos,Quesos corte,Queso Oveja Reserva Leche Cruda 8 Meses,"23,36 € / 1 Kg","25,95 €
23,36 €",BOFFARD
Frescos,Quesos corte,Queso Oveja Reserva Leche Cruda 8 Meses,"23,36 € / 1 Kg","25,95 €
23,36 €",BOFFARD
Frescos,Quesos corte,Queso Oveja Reserva Leche Cruda 8 Meses,"23,36 € / 1 Kg","25,95 €
23,36 €",BOFFARD
Frescos,Quesos corte,Queso Oveja Reserva Leche Cruda 8 Meses,"23,36 € / 1 Kg","25,95 €
23,36 €",BOFFARD
Frescos,Quesos corte,Queso Oveja Reserva Leche Cruda 8 Meses,"23,36 € / 1 Kg","25,95 €
23,36 €",BOFFARD
Frescos,Quesos corte,Queso Oveja Reserva Leche Cruda 8 Meses,"23,36 € / 1 Kg","25,95 €
23,36 €",BOFFARD
Frescos,Quesos corte,Queso Delicias de Cabra Leche Pasteurizada,"22,50 € / 1 Kg","22,50 €",EL PASTOR
Frescos,Quesos corte,Queso Delicias de Cabra Leche Pasteurizada,"22,50 € / 1 Kg","22,50 €",EL PASTOR
Frescos,Quesos corte,Queso Delicias de Cabra Leche Pasteurizada,"22,50 € / 1 Kg","22,50 €",EL PASTOR
Frescos,Quesos corte,Queso Delicias de Cabra Leche Pasteurizada,"22,50 € / 1 Kg","22,50 €",EL PASTOR
Frescos,Quesos corte,Queso Delicias de Cabra Leche Pasteurizada,"22,50 € / 1 Kg","22,50 €",EL PASTOR
Frescos,Quesos corte,Queso Delicias de Cabra Leche Pasteurizada,"22,50 € / 1 Kg","22,50 €",EL PASTOR
Frescos,Quesos corte,Queso Delicias de Cabra Leche Pasteurizada,"22,50 € / 1 Kg","22,50 €",EL PASTOR
Frescos,Quesos corte,Queso Delicias de Cabra Leche Pasteurizada,"22,50 € / 1 Kg","22,50 €",EL PASTOR
Frescos,Quesos corte,Queso Delicias de Cabra Leche Pasteurizada,"22,50 € / 1 Kg","22,50 €",EL PASTOR
Frescos,Quesos corte,Queso Delicias de Cabra Leche Pasteurizada,"22,50 € / 1 Kg","22,50 €",EL PASTOR
Frescos,Quesos corte,Queso Delicias de Cabra Leche Pasteurizada,"22,50 € / 1 Kg","22,50 €",EL PASTOR
Frescos,Quesos corte,Queso Delicias de Cabra Leche Pasteurizada,"22,50 € / 1 Kg","22,50 €",EL PASTOR
Frescos,Quesos corte,Queso Delicias de Cabra Leche Pasteurizada,"22,50 € / 1 Kg","22,50 €",EL PASTOR
Frescos,Quesos corte,Queso Delicias de Cabra Leche Pasteurizada,"22,50 € / 1 Kg","22,50 €",EL PASTOR
Frescos,Quesos corte,Queso Delicias de Cabra Leche Pasteurizada,"22,50 € / 1 Kg","22,50 €",EL PASTOR
Frescos,Quesos corte,Queso Delicias de Cabra Leche Pasteurizada,"22,50 € / 1 Kg","22,50 €",EL PASTOR
Frescos,Quesos corte,Queso Delicias de Cabra Leche Pasteurizada,"22,50 € / 1 Kg","22,50 €",EL PASTOR
Frescos,Quesos corte,Queso Delicias de Cabra Leche Pasteurizada,"22,50 € / 1 Kg","22,50 €",EL PASTOR
Frescos,Quesos corte,Queso Delicias de Cabra Leche Pasteurizada,"22,50 € / 1 Kg","22,50 €",EL PASTOR
Frescos,Quesos corte,Queso Delicias de Cabra Leche Pasteurizada,"22,50 € / 1 Kg","22,50 €",EL PASTOR
Frescos,Quesos corte,Queso Azul Leche Vaca Pasteurizada,"15,50 € / 1 Kg","15,50 €",SAINT-FLOUR
Frescos,Quesos corte,Queso Azul Leche Vaca Pasteurizada,"15,50 € / 1 Kg","15,50 €",SAINT-FLOUR
Frescos,Quesos corte,Queso Azul Leche Vaca Pasteurizada,"15,50 € / 1 Kg","15,50 €",SAINT-FLOUR
Frescos,Quesos corte,Queso Azul Leche Vaca Pasteurizada,"15,50 € / 1 Kg","15,50 €",SAINT-FLOUR
Frescos,Quesos corte,Queso Azul Leche Vaca Pasteurizada,"15,50 € / 1 Kg","15,50 €",SAINT-FLOUR
Frescos,Quesos corte,Queso Azul Leche Vaca Pasteurizada,"15,50 € / 1 Kg","15,50 €",SAINT-FLOUR
Frescos,Quesos corte,Queso Azul Leche Vaca Pasteurizada,"15,50 € / 1 Kg","15,50 €",SAINT-FLOUR
Frescos,Quesos corte,Queso Azul Leche Vaca Pasteurizada,"15,50 € / 1 Kg","15,50 €",SAINT-FLOUR
Frescos,Quesos corte,Queso Azul Leche Vaca Pasteurizada,"15,50 € / 1 Kg","15,50 €",SAINT-FLOUR
Frescos,Quesos corte,Queso Azul Leche Vaca Pasteurizada,"15,50 € / 1 Kg","15,50 €",SAINT-FLOUR
Frescos,Pescadería,Krissia Barritas de Surimi 180 Gr,"14,94 € / 1 Kg","2,99 €
2,69 €",AGUINAGA
Frescos,Pescadería,Krissia Barritas de Surimi 180 Gr,"14,94 € / 1 Kg","2,99 €
2,69 €",AGUINAGA
Frescos,Pescadería,Krissia Barritas de Surimi 180 Gr,"14,94 € / 1 Kg","2,99 €
2,69 €",AGUINAGA
Frescos,Pescadería,Krissia Barritas de Surimi 180 Gr,"14,94 € / 1 Kg","2,99 €
2,69 €",AGUINAGA
Frescos,Pescadería,Krissia Barritas de Surimi 180 Gr,"14,94 € / 1 Kg","2,99 €
2,69 €",AGUINAGA
Frescos,Pescadería,Krissia Barritas de Surimi 180 Gr,"14,94 € / 1 Kg","2,99 €
2,69 €",AGUINAGA
Frescos,Pescadería,Krissia Barritas de Surimi 180 Gr,"14,94 € / 1 Kg","2,99 €
2,69 €",AGUINAGA
Frescos,Pescadería,Krissia Barritas de Surimi 180 Gr,"14,94 € / 1 Kg","2,99 €
2,69 €",AGUINAGA
Frescos,Pescadería,Krissia Barritas de Surimi 180 Gr,"14,94 € / 1 Kg","2,99 €
2,69 €",AGUINAGA
Frescos,Pescadería,Krissia Barritas de Surimi 180 Gr,"14,94 € / 1 Kg","2,99 €
2,69 €",AGUINAGA
Frescos,Pescadería,Krissia Barritas de Surimi 180 Gr,"14,94 € / 1 Kg","2,99 €
2,69 €",AGUINAGA
Frescos,Pescadería,Krissia Barritas de Surimi 180 Gr,"14,94 € / 1 Kg","2,99 €
2,69 €",AGUINAGA
Frescos,Pescadería,Krissia Barritas de Surimi 180 Gr,"14,94 € / 1 Kg","2,99 €
2,69 €",AGUINAGA
Frescos,Pescadería,Krissia Barritas de Surimi 180 Gr,"14,94 € / 1 Kg","2,99 €
2,69 €",AGUINAGA
Frescos,Pescadería,Krissia Barritas de Surimi 180 Gr,"14,94 € / 1 Kg","2,99 €
2,69 €",AGUINAGA
Frescos,Pescadería,Krissia Barritas de Surimi 180 Gr,"14,94 € / 1 Kg","2,99 €
2,69 €",AGUINAGA
Frescos,Pescadería,Krissia Barritas de Surimi 180 Gr,"14,94 € / 1 Kg","2,99 €
2,69 €",AGUINAGA
Frescos,Pescadería,Krissia Barritas de Surimi 180 Gr,"14,94 € / 1 Kg","2,99 €
2,69 €",AGUINAGA
Frescos,Pescadería,Krissia Barritas de Surimi 180 Gr,"14,94 € / 1 Kg","2,99 €
2,69 €",AGUINAGA
Frescos,Pescadería,Filetón de Bacalao,"12,90 € / 1 Kg","6,45 €",ANGOMAR
Frescos,Pescadería,Filetón de Bacalao,"12,90 € / 1 Kg","6,45 €",ANGOMAR
Frescos,Pescadería,Filetón de Bacalao,"12,90 € / 1 Kg","6,45 €",ANGOMAR
Frescos,Pescadería,Filetón de Bacalao,"12,90 € / 1 Kg","6,45 €",ANGOMAR
Frescos,Pescadería,Filetón de Bacalao,"12,90 € / 1 Kg","6,45 €",ANGOMAR
Frescos,Pescadería,Filetón de Bacalao,"12,90 € / 1 Kg","6,45 €",ANGOMAR
Frescos,Pescadería,Filetón de Bacalao,"12,90 € / 1 Kg","6,45 €",ANGOMAR
Frescos,Pescadería,Filetón de Bacalao,"12,90 € / 1 Kg","6,45 €",ANGOMAR
Frescos,Pescadería,Filetón de Bacalao,"12,90 € / 1 Kg","6,45 €",ANGOMAR
Frescos,Pescadería,Filetón de Bacalao,"12,90 € / 1 Kg","6,45 €",ANGOMAR
Frescos,Pescadería,Filetón de Bacalao,"12,90 € / 1 Kg","6,45 €",ANGOMAR
Frescos,Pescadería,Filetón de Bacalao,"12,90 € / 1 Kg","6,45 €",ANGOMAR
Frescos,Pescadería,Filetón de Bacalao,"12,90 € / 1 Kg","6,45 €",ANGOMAR
Frescos,Pescadería,Filetón de Bacalao,"12,90 € / 1 Kg","6,45 €",ANGOMAR
Frescos,Pescadería,Filetón de Bacalao,"12,90 € / 1 Kg","6,45 €",ANGOMAR
Frescos,Pescadería,Filetón de Bacalao,"12,90 € / 1 Kg","6,45 €",ANGOMAR
Frescos,Pescadería,Filetón de Bacalao,"12,90 € / 1 Kg","6,45 €",ANGOMAR
Frescos,Pescadería,Filetón de Bacalao,"12,90 € / 1 Kg","6,45 €",ANGOMAR
Frescos,Pescadería,Filetón de Bacalao,"12,90 € / 1 Kg","6,45 €",ANGOMAR
Frescos,Pescadería,Filetón de Bacalao,"12,90 € / 1 Kg","6,45 €",ANGOMAR
Frescos,Pescadería,Banderilla Anchoa y Boquerón 95 Gr,"28,32 € / 1 Kg","2,69 €",BRUIMAR
Frescos,Pescadería,Banderilla Anchoa y Boquerón 95 Gr,"28,32 € / 1 Kg","2,69 €",BRUIMAR
Frescos,Pescadería,Banderilla Anchoa y Boquerón 95 Gr,"28,32 € / 1 Kg","2,69 €",BRUIMAR
Frescos,Pescadería,Banderilla Anchoa y Boquerón 95 Gr,"28,32 € / 1 Kg","2,69 €",BRUIMAR
Frescos,Pescadería,Banderilla Anchoa y Boquerón 95 Gr,"28,32 € / 1 Kg","2,69 €",BRUIMAR
Frescos,Pescadería,Banderilla Anchoa y Boquerón 95 Gr,"28,32 € / 1 Kg","2,69 €",BRUIMAR
Frescos,Pescadería,Banderilla Anchoa y Boquerón 95 Gr,"28,32 € / 1 Kg","2,69 €",BRUIMAR
Frescos,Pescadería,Banderilla Anchoa y Boquerón 95 Gr,"28,32 € / 1 Kg","2,69 €",BRUIMAR
Frescos,Pescadería,Banderilla Anchoa y Boquerón 95 Gr,"28,32 € / 1 Kg","2,69 €",BRUIMAR
Frescos,Pescadería,Banderilla Anchoa y Boquerón 95 Gr,"28,32 € / 1 Kg","2,69 €",BRUIMAR
Frescos,Pescadería,Banderilla Anchoa y Boquerón 95 Gr,"28,32 € / 1 Kg","2,69 €",BRUIMAR
Frescos,Pescadería,Banderilla Anchoa y Boquerón 95 Gr,"28,32 € / 1 Kg","2,69 €",BRUIMAR
Frescos,Pescadería,Banderilla Anchoa y Boquerón 95 Gr,"28,32 € / 1 Kg","2,69 €",BRUIMAR
Frescos,Pescadería,Banderilla Anchoa y Boquerón 95 Gr,"28,32 € / 1 Kg","2,69 €",BRUIMAR
Frescos,Pescadería,Banderilla Anchoa y Boquerón 95 Gr,"28,32 € / 1 Kg","2,69 €",BRUIMAR
Frescos,Pescadería,Banderilla Anchoa y Boquerón 95 Gr,"28,32 € / 1 Kg","2,69 €",BRUIMAR
Frescos,Pescadería,Banderilla Anchoa y Boquerón 95 Gr,"28,32 € / 1 Kg","2,69 €",BRUIMAR
Frescos,Pescadería,Banderilla Anchoa y Boquerón 95 Gr,"28,32 € / 1 Kg","2,69 €",BRUIMAR
Frescos,Pescadería,Banderilla Anchoa y Boquerón 95 Gr,"28,32 € / 1 Kg","2,69 €",BRUIMAR
Frescos,Pescadería,Banderilla Anchoa y Boquerón 95 Gr,"28,32 € / 1 Kg","2,69 €",BRUIMAR
Frescos,Pescadería,Tiras de Potón,"9,95 € / 1 Kg","9,95 €",
Frescos,Pescadería,Tiras de Potón,"9,95 € / 1 Kg","9,95 €",
Frescos,Pescadería,Tiras de Potón,"9,95 € / 1 Kg","9,95 €",
Frescos,Pescadería,Tiras de Potón,"9,95 € / 1 Kg","9,95 €",
Frescos,Pescadería,Tiras de Potón,"9,95 € / 1 Kg","9,95 €",
Frescos,Pescadería,Tiras de Potón,"9,95 € / 1 Kg","9,95 €",
Frescos,Pescadería,Tiras de Potón,"9,95 € / 1 Kg","9,95 €",
Frescos,Pescadería,Tiras de Potón,"9,95 € / 1 Kg","9,95 €",
Frescos,Pescadería,Tiras de Potón,"9,95 € / 1 Kg","9,95 €",
Frescos,Pescadería,Tiras de Potón,"9,95 € / 1 Kg","9,95 €",
Frescos,Pescadería,Tiras de Potón,"9,95 € / 1 Kg","9,95 €",
Frescos,Pescadería,Tiras de Potón,"9,95 € / 1 Kg","9,95 €",
Frescos,Pescadería,Tiras de Potón,"9,95 € / 1 Kg","9,95 €",
Frescos,Pescadería,Tiras de Potón,"9,95 € / 1 Kg","9,95 €",
Frescos,Pescadería,Tiras de Potón,"9,95 € / 1 Kg","9,95 €",
Frescos,Pescadería,Tiras de Potón,"9,95 € / 1 Kg","9,95 €",
Frescos,Pescadería,Tiras de Potón,"9,95 € / 1 Kg","9,95 €",
Frescos,Pescadería,Tiras de Potón,"9,95 € / 1 Kg","9,95 €",
Frescos,Pescadería,Tiras de Potón,"9,95 € / 1 Kg","9,95 €",
Frescos,Pescadería,Tiras de Potón,"9,95 € / 1 Kg","9,95 €",
Frescos,Pescadería,Lomo de Bonito,"19,90 € / 1 Kg","4,78 €",ANGOLEVANTE
Frescos,Pescadería,Lomo de Bonito,"19,90 € / 1 Kg","4,78 €",ANGOLEVANTE
Frescos,Pescadería,Lomo de Bonito,"19,90 € / 1 Kg","4,78 €",ANGOLEVANTE
Frescos,Pescadería,Lomo de Bonito,"19,90 € / 1 Kg","4,78 €",ANGOLEVANTE
Frescos,Pescadería,Lomo de Bonito,"19,90 € / 1 Kg","4,78 €",ANGOLEVANTE
Frescos,Pescadería,Lomo de Bonito,"19,90 € / 1 Kg","4,78 €",ANGOLEVANTE
Frescos,Pescadería,Lomo de Bonito,"19,90 € / 1 Kg","4,78 €",ANGOLEVANTE
Frescos,Pescadería,Lomo de Bonito,"19,90 € / 1 Kg","4,78 €",ANGOLEVANTE
Frescos,Pescadería,Lomo de Bonito,"19,90 € / 1 Kg","4,78 €",ANGOLEVANTE
Frescos,Pescadería,Lomo de Bonito,"19,90 € / 1 Kg","4,78 €",ANGOLEVANTE
Frescos,Pescadería,Lomo de Bonito,"19,90 € / 1 Kg","4,78 €",ANGOLEVANTE
Frescos,Pescadería,Lomo de Bonito,"19,90 € / 1 Kg","4,78 €",ANGOLEVANTE
Frescos,Pescadería,Lomo de Bonito,"19,90 € / 1 Kg","4,78 €",ANGOLEVANTE
Frescos,Pescadería,Lomo de Bonito,"19,90 € / 1 Kg","4,78 €",ANGOLEVANTE
Frescos,Pescadería,Lomo de Bonito,"19,90 € / 1 Kg","4,78 €",ANGOLEVANTE
Frescos,Pescadería,Lomo de Bonito,"19,90 € / 1 Kg","4,78 €",ANGOLEVANTE
Frescos,Pescadería,Lomo de Bonito,"19,90 € / 1 Kg","4,78 €",ANGOLEVANTE
Frescos,Pescadería,Lomo de Bonito,"19,90 € / 1 Kg","4,78 €",ANGOLEVANTE
Frescos,Pescadería,Lomo de Bonito,"19,90 € / 1 Kg","4,78 €",ANGOLEVANTE
Frescos,Pescadería,Lomo de Bonito,"19,90 € / 1 Kg","4,78 €",ANGOLEVANTE
Frescos,Pescadería,Perlas de Arenque MSC 50 Gr,"69,80 € / 1 Kg","3,49 €",SPHERIKA
Frescos,Pescadería,Perlas de Arenque MSC 50 Gr,"69,80 € / 1 Kg","3,49 €",SPHERIKA
Frescos,Pescadería,Perlas de Arenque MSC 50 Gr,"69,80 € / 1 Kg","3,49 €",SPHERIKA
Frescos,Pescadería,Perlas de Arenque MSC 50 Gr,"69,80 € / 1 Kg","3,49 €",SPHERIKA
Frescos,Pescadería,Perlas de Arenque MSC 50 Gr,"69,80 € / 1 Kg","3,49 €",SPHERIKA
Frescos,Pescadería,Perlas de Arenque MSC 50 Gr,"69,80 € / 1 Kg","3,49 €",SPHERIKA
Frescos,Pescadería,Perlas de Arenque MSC 50 Gr,"69,80 € / 1 Kg","3,49 €",SPHERIKA
Frescos,Pescadería,Perlas de Arenque MSC 50 Gr,"69,80 € / 1 Kg","3,49 €",SPHERIKA
Frescos,Pescadería,Perlas de Arenque MSC 50 Gr,"69,80 € / 1 Kg","3,49 €",SPHERIKA
Frescos,Pescadería,Perlas de Arenque MSC 50 Gr,"69,80 € / 1 Kg","3,49 €",SPHERIKA
Frescos,Pescadería,Perlas de Arenque MSC 50 Gr,"69,80 € / 1 Kg","3,49 €",SPHERIKA
Frescos,Pescadería,Perlas de Arenque MSC 50 Gr,"69,80 € / 1 Kg","3,49 €",SPHERIKA
Frescos,Pescadería,Perlas de Arenque MSC 50 Gr,"69,80 € / 1 Kg","3,49 €",SPHERIKA
Frescos,Pescadería,Perlas de Arenque MSC 50 Gr,"69,80 € / 1 Kg","3,49 €",SPHERIKA
Frescos,Pescadería,Perlas de Arenque MSC 50 Gr,"69,80 € / 1 Kg","3,49 €",SPHERIKA
Frescos,Pescadería,Perlas de Arenque MSC 50 Gr,"69,80 € / 1 Kg","3,49 €",SPHERIKA
Frescos,Pescadería,Perlas de Arenque MSC 50 Gr,"69,80 € / 1 Kg","3,49 €",SPHERIKA
Frescos,Pescadería,Perlas de Arenque MSC 50 Gr,"69,80 € / 1 Kg","3,49 €",SPHERIKA
Frescos,Pescadería,Perlas de Arenque MSC 50 Gr,"69,80 € / 1 Kg","3,49 €",SPHERIKA
Frescos,Pescadería,Perlas de Arenque MSC 50 Gr,"69,80 € / 1 Kg","3,49 €",SPHERIKA
Frescos,Pescadería,Filetón de Bacalao Extra,"17,50 € / 1 Kg","17,50 €",ANGOMAR
Frescos,Pescadería,Filetón de Bacalao Extra,"17,50 € / 1 Kg","17,50 €",ANGOMAR
Frescos,Pescadería,Filetón de Bacalao Extra,"17,50 € / 1 Kg","17,50 €",ANGOMAR
Frescos,Pescadería,Filetón de Bacalao Extra,"17,50 € / 1 Kg","17,50 €",ANGOMAR
Frescos,Pescadería,Filetón de Bacalao Extra,"17,50 € / 1 Kg","17,50 €",ANGOMAR
Frescos,Pescadería,Filetón de Bacalao Extra,"17,50 € / 1 Kg","17,50 €",ANGOMAR
Frescos,Pescadería,Filetón de Bacalao Extra,"17,50 € / 1 Kg","17,50 €",ANGOMAR
Frescos,Verduras,Setas de Cultivo Bandeja 200 Gr,"7,15 € / 1 Kg","1,59 €
1,43 €",
Frescos,Verduras,Setas de Cultivo Bandeja 200 Gr,"7,15 € / 1 Kg","1,59 €
1,43 €",
Frescos,Verduras,Setas de Cultivo Bandeja 200 Gr,"7,15 € / 1 Kg","1,59 €
1,43 €",
Frescos,Verduras,Setas de Cultivo Bandeja 200 Gr,"7,15 € / 1 Kg","1,59 €
1,43 €",
Frescos,Verduras,Setas de Cultivo Bandeja 200 Gr,"7,15 € / 1 Kg","1,59 €
1,43 €",
Frescos,Verduras,Setas de Cultivo Bandeja 200 Gr,"7,15 € / 1 Kg","1,59 €
1,43 €",
Frescos,Verduras,Setas de Cultivo Bandeja 200 Gr,"7,15 € / 1 Kg","1,59 €
1,43 €",
Frescos,Verduras,Setas de Cultivo Bandeja 200 Gr,"7,15 € / 1 Kg","1,59 €
1,43 €",
Frescos,Verduras,Setas de Cultivo Bandeja 200 Gr,"7,15 € / 1 Kg","1,59 €
1,43 €",
Frescos,Verduras,Setas de Cultivo Bandeja 200 Gr,"7,15 € / 1 Kg","1,59 €
1,43 €",
Frescos,Verduras,Setas de Cultivo Bandeja 200 Gr,"7,15 € / 1 Kg","1,59 €
1,43 €",
Frescos,Verduras,Setas de Cultivo Bandeja 200 Gr,"7,15 € / 1 Kg","1,59 €
1,43 €",
Frescos,Verduras,Setas de Cultivo Bandeja 200 Gr,"7,15 € / 1 Kg","1,59 €
1,43 €",
Frescos,Verduras,Setas de Cultivo Bandeja 200 Gr,"7,15 € / 1 Kg","1,59 €
1,43 €",
Frescos,Verduras,Setas de Cultivo Bandeja 200 Gr,"7,15 € / 1 Kg","1,59 €
1,43 €",
Frescos,Verduras,Setas de Cultivo Bandeja 200 Gr,"7,15 € / 1 Kg","1,59 €
1,43 €",
Frescos,Verduras,Setas de Cultivo Bandeja 200 Gr,"7,15 € / 1 Kg","1,59 €
1,43 €",
Frescos,Verduras,Setas de Cultivo Bandeja 200 Gr,"7,15 € / 1 Kg","1,59 €
1,43 €",
Frescos,Verduras,Setas de Cultivo Bandeja 200 Gr,"7,15 € / 1 Kg","1,59 €
1,43 €",
Frescos,Verduras,Setas de Cultivo Bandeja 200 Gr,"7,15 € / 1 Kg","1,59 €
1,43 €",
Frescos,Verduras,Boniato Rojo,"2,10 € / 1 Kg","0,65 €",
Frescos,Verduras,Boniato Rojo,"2,10 € / 1 Kg","0,65 €",
Frescos,Verduras,Boniato Rojo,"2,10 € / 1 Kg","0,65 €",
Frescos,Verduras,Boniato Rojo,"2,10 € / 1 Kg","0,65 €",
Frescos,Verduras,Boniato Rojo,"2,10 € / 1 Kg","0,65 €",
Frescos,Verduras,Boniato Rojo,"2,10 € / 1 Kg","0,65 €",
Frescos,Verduras,Boniato Rojo,"2,10 € / 1 Kg","0,65 €",
Frescos,Verduras,Boniato Rojo,"2,10 € / 1 Kg","0,65 €",
Frescos,Verduras,Boniato Rojo,"2,10 € / 1 Kg","0,65 €",
Frescos,Verduras,Boniato Rojo,"2,10 € / 1 Kg","0,65 €",
Frescos,Verduras,Boniato Rojo,"2,10 € / 1 Kg","0,65 €",
Frescos,Verduras,Boniato Rojo,"2,10 € / 1 Kg","0,65 €",
Frescos,Verduras,Boniato Rojo,"2,10 € / 1 Kg","0,65 €",
Frescos,Verduras,Boniato Rojo,"2,10 € / 1 Kg","0,65 €",
Frescos,Verduras,Boniato Rojo,"2,10 € / 1 Kg","0,65 €",
Frescos,Verduras,Boniato Rojo,"2,10 € / 1 Kg","0,65 €",
Frescos,Verduras,Boniato Rojo,"2,10 € / 1 Kg","0,65 €",
Frescos,Verduras,Boniato Rojo,"2,10 € / 1 Kg","0,65 €",
Frescos,Verduras,Boniato Rojo,"2,10 € / 1 Kg","0,65 €",
Frescos,Verduras,Boniato Rojo,"2,10 € / 1 Kg","0,65 €",
Frescos,Verduras,Brocoli para Cocinar Microondas 225 Gr,"8,22 € / 1 Kg","1,85 €",FLORETTE
Frescos,Verduras,Brocoli para Cocinar Microondas 225 Gr,"8,22 € / 1 Kg","1,85 €",FLORETTE
Frescos,Verduras,Brocoli para Cocinar Microondas 225 Gr,"8,22 € / 1 Kg","1,85 €",FLORETTE
Frescos,Verduras,Brocoli para Cocinar Microondas 225 Gr,"8,22 € / 1 Kg","1,85 €",FLORETTE
Frescos,Verduras,Brocoli para Cocinar Microondas 225 Gr,"8,22 € / 1 Kg","1,85 €",FLORETTE
Frescos,Verduras,Brocoli para Cocinar Microondas 225 Gr,"8,22 € / 1 Kg","1,85 €",FLORETTE
Frescos,Verduras,Brocoli para Cocinar Microondas 225 Gr,"8,22 € / 1 Kg","1,85 €",FLORETTE
Frescos,Verduras,Brocoli para Cocinar Microondas 225 Gr,"8,22 € / 1 Kg","1,85 €",FLORETTE
Frescos,Verduras,Brocoli para Cocinar Microondas 225 Gr,"8,22 € / 1 Kg","1,85 €",FLORETTE
Frescos,Verduras,Brocoli para Cocinar Microondas 225 Gr,"8,22 € / 1 Kg","1,85 €",FLORETTE
Frescos,Verduras,Brocoli para Cocinar Microondas 225 Gr,"8,22 € / 1 Kg","1,85 €",FLORETTE
Frescos,Verduras,Brocoli para Cocinar Microondas 225 Gr,"8,22 € / 1 Kg","1,85 €",FLORETTE
Frescos,Verduras,Brocoli para Cocinar Microondas 225 Gr,"8,22 € / 1 Kg","1,85 €",FLORETTE
Frescos,Verduras,Brocoli para Cocinar Microondas 225 Gr,"8,22 € / 1 Kg","1,85 €",FLORETTE
Frescos,Verduras,Brocoli para Cocinar Microondas 225 Gr,"8,22 € / 1 Kg","1,85 €",FLORETTE
Frescos,Verduras,Brocoli para Cocinar Microondas 225 Gr,"8,22 € / 1 Kg","1,85 €",FLORETTE
Frescos,Verduras,Brocoli para Cocinar Microondas 225 Gr,"8,22 € / 1 Kg","1,85 €",FLORETTE
Frescos,Verduras,Brocoli para Cocinar Microondas 225 Gr,"8,22 € / 1 Kg","1,85 €",FLORETTE
Frescos,Verduras,Brocoli para Cocinar Microondas 225 Gr,"8,22 € / 1 Kg","1,85 €",FLORETTE
Frescos,Verduras,Brocoli para Cocinar Microondas 225 Gr,"8,22 € / 1 Kg","1,85 €",FLORETTE
Frescos,Verduras,Ensalada César Completa 205 Gr,"15,37 € / 1 Kg","3,15 €",FLORETTE
Frescos,Verduras,Ensalada César Completa 205 Gr,"15,37 € / 1 Kg","3,15 €",FLORETTE
Frescos,Verduras,Ensalada César Completa 205 Gr,"15,37 € / 1 Kg","3,15 €",FLORETTE
Frescos,Verduras,Ensalada César Completa 205 Gr,"15,37 € / 1 Kg","3,15 €",FLORETTE
Frescos,Verduras,Ensalada César Completa 205 Gr,"15,37 € / 1 Kg","3,15 €",FLORETTE
Frescos,Verduras,Ensalada César Completa 205 Gr,"15,37 € / 1 Kg","3,15 €",FLORETTE
Frescos,Verduras,Ensalada César Completa 205 Gr,"15,37 € / 1 Kg","3,15 €",FLORETTE
Frescos,Verduras,Ensalada César Completa 205 Gr,"15,37 € / 1 Kg","3,15 €",FLORETTE
Frescos,Verduras,Ensalada César Completa 205 Gr,"15,37 € / 1 Kg","3,15 €",FLORETTE
Frescos,Verduras,Ensalada César Completa 205 Gr,"15,37 € / 1 Kg","3,15 €",FLORETTE
Frescos,Verduras,Ensalada César Completa 205 Gr,"15,37 € / 1 Kg","3,15 €",FLORETTE
Frescos,Verduras,Ensalada César Completa 205 Gr,"15,37 € / 1 Kg","3,15 €",FLORETTE
Frescos,Verduras,Ensalada César Completa 205 Gr,"15,37 € / 1 Kg","3,15 €",FLORETTE
Frescos,Verduras,Ensalada César Completa 205 Gr,"15,37 € / 1 Kg","3,15 €",FLORETTE
Frescos,Verduras,Ensalada César Completa 205 Gr,"15,37 € / 1 Kg","3,15 €",FLORETTE
Frescos,Verduras,Ensalada César Completa 205 Gr,"15,37 € / 1 Kg","3,15 €",FLORETTE
Frescos,Verduras,Ensalada César Completa 205 Gr,"15,37 € / 1 Kg","3,15 €",FLORETTE
Frescos,Verduras,Ensalada César Completa 205 Gr,"15,37 € / 1 Kg","3,15 €",FLORETTE
Frescos,Verduras,Ensalada César Completa 205 Gr,"15,37 € / 1 Kg","3,15 €",FLORETTE
Frescos,Verduras,Ensalada César Completa 205 Gr,"15,37 € / 1 Kg","3,15 €",FLORETTE
Frescos,Verduras,Pimiento Tricolor 500 Gr,"3,58 € / 1 Kg","1,79 €",
Frescos,Verduras,Pimiento Tricolor 500 Gr,"3,58 € / 1 Kg","1,79 €",
Frescos,Verduras,Pimiento Tricolor 500 Gr,"3,58 € / 1 Kg","1,79 €",
Frescos,Verduras,Pimiento Tricolor 500 Gr,"3,58 € / 1 Kg","1,79 €",
Frescos,Verduras,Pimiento Tricolor 500 Gr,"3,58 € / 1 Kg","1,79 €",
Frescos,Verduras,Pimiento Tricolor 500 Gr,"3,58 € / 1 Kg","1,79 €",
Frescos,Verduras,Pimiento Tricolor 500 Gr,"3,58 € / 1 Kg","1,79 €",
Frescos,Verduras,Pimiento Tricolor 500 Gr,"3,58 € / 1 Kg","1,79 €",
Frescos,Verduras,Pimiento Tricolor 500 Gr,"3,58 € / 1 Kg","1,79 €",
Frescos,Verduras,Pimiento Tricolor 500 Gr,"3,58 € / 1 Kg","1,79 €",
Frescos,Verduras,Pimiento Tricolor 500 Gr,"3,58 € / 1 Kg","1,79 €",
Frescos,Verduras,Pimiento Tricolor 500 Gr,"3,58 € / 1 Kg","1,79 €",
Frescos,Verduras,Pimiento Tricolor 500 Gr,"3,58 € / 1 Kg","1,79 €",
Frescos,Verduras,Pimiento Tricolor 500 Gr,"3,58 € / 1 Kg","1,79 €",
Frescos,Verduras,Pimiento Tricolor 500 Gr,"3,58 € / 1 Kg","1,79 €",
Frescos,Verduras,Pimiento Tricolor 500 Gr,"3,58 € / 1 Kg","1,79 €",
Frescos,Verduras,Pimiento Tricolor 500 Gr,"3,58 € / 1 Kg","1,79 €",
Frescos,Verduras,Pimiento Tricolor 500 Gr,"3,58 € / 1 Kg","1,79 €",
Frescos,Verduras,Pimiento Tricolor 500 Gr,"3,58 € / 1 Kg","1,79 €",
Frescos,Verduras,Pimiento Tricolor 500 Gr,"3,58 € / 1 Kg","1,79 €",
Frescos,Verduras,Escarola Frisee Bandeja 300 Gr,"5,83 € / 1 Kg","1,75 €",
Frescos,Verduras,Escarola Frisee Bandeja 300 Gr,"5,83 € / 1 Kg","1,75 €",
Frescos,Verduras,Escarola Frisee Bandeja 300 Gr,"5,83 € / 1 Kg","1,75 €",
Frescos,Verduras,Escarola Frisee Bandeja 300 Gr,"5,83 € / 1 Kg","1,75 €",
Frescos,Verduras,Escarola Frisee Bandeja 300 Gr,"5,83 € / 1 Kg","1,75 €",
Frescos,Verduras,Escarola Frisee Bandeja 300 Gr,"5,83 € / 1 Kg","1,75 €",
Frescos,Verduras,Escarola Frisee Bandeja 300 Gr,"5,83 € / 1 Kg","1,75 €",
Frescos,Verduras,Escarola Frisee Bandeja 300 Gr,"5,83 € / 1 Kg","1,75 €",
Frescos,Verduras,Escarola Frisee Bandeja 300 Gr,"5,83 € / 1 Kg","1,75 €",
Frescos,Verduras,Escarola Frisee Bandeja 300 Gr,"5,83 € / 1 Kg","1,75 €",
Frescos,Verduras,Escarola Frisee Bandeja 300 Gr,"5,83 € / 1 Kg","1,75 €",
Frescos,Verduras,Escarola Frisee Bandeja 300 Gr,"5,83 € / 1 Kg","1,75 €",
Frescos,Verduras,Escarola Frisee Bandeja 300 Gr,"5,83 € / 1 Kg","1,75 €",
Frescos,Verduras,Escarola Frisee Bandeja 300 Gr,"5,83 € / 1 Kg","1,75 €",
Frescos,Verduras,Escarola Frisee Bandeja 300 Gr,"5,83 € / 1 Kg","1,75 €",
Frescos,Verduras,Escarola Frisee Bandeja 300 Gr,"5,83 € / 1 Kg","1,75 €",
Frescos,Verduras,Escarola Frisee Bandeja 300 Gr,"5,83 € / 1 Kg","1,75 €",
Frescos,Verduras,Escarola Frisee Bandeja 300 Gr,"5,83 € / 1 Kg","1,75 €",
Frescos,Verduras,Escarola Frisee Bandeja 300 Gr,"5,83 € / 1 Kg","1,75 €",
Frescos,Verduras,Escarola Frisee Bandeja 300 Gr,"5,83 € / 1 Kg","1,75 €",
Frescos,Verduras,Ajo Ecológico 200 Gr,"9,95 € / 1 Kg","1,99 €",CONSUM ECO
Frescos,Verduras,Ajo Ecológico 200 Gr,"9,95 € / 1 Kg","1,99 €",CONSUM ECO
Frescos,Verduras,Ajo Ecológico 200 Gr,"9,95 € / 1 Kg","1,99 €",CONSUM ECO
Frescos,Verduras,Ajo Ecológico 200 Gr,"9,95 € / 1 Kg","1,99 €",CONSUM ECO
Frescos,Verduras,Ajo Ecológico 200 Gr,"9,95 € / 1 Kg","1,99 €",CONSUM ECO
Frescos,Verduras,Ajo Ecológico 200 Gr,"9,95 € / 1 Kg","1,99 €",CONSUM ECO
Frescos,Verduras,Ajo Ecológico 200 Gr,"9,95 € / 1 Kg","1,99 €",CONSUM ECO
Frescos,Verduras,Ajo Ecológico 200 Gr,"9,95 € / 1 Kg","1,99 €",CONSUM ECO
Frescos,Verduras,Ajo Ecológico 200 Gr,"9,95 € / 1 Kg","1,99 €",CONSUM ECO
Frescos,Verduras,Ajo Ecológico 200 Gr,"9,95 € / 1 Kg","1,99 €",CONSUM ECO
Frescos,Verduras,Ajo Ecológico 200 Gr,"9,95 € / 1 Kg","1,99 €",CONSUM ECO
Frescos,Verduras,Ajo Ecológico 200 Gr,"9,95 € / 1 Kg","1,99 €",CONSUM ECO
Frescos,Verduras,Ajo Ecológico 200 Gr,"9,95 € / 1 Kg","1,99 €",CONSUM ECO
Frescos,Verduras,Ajo Ecológico 200 Gr,"9,95 € / 1 Kg","1,99 €",CONSUM ECO
Frescos,Verduras,Ajo Ecológico 200 Gr,"9,95 € / 1 Kg","1,99 €",CONSUM ECO
Frescos,Verduras,Ajo Ecológico 200 Gr,"9,95 € / 1 Kg","1,99 €",CONSUM ECO
Frescos,Verduras,Ajo Ecológico 200 Gr,"9,95 € / 1 Kg","1,99 €",CONSUM ECO
Frescos,Verduras,Ajo Ecológico 200 Gr,"9,95 € / 1 Kg","1,99 €",CONSUM ECO
Frescos,Verduras,Ajo Ecológico 200 Gr,"9,95 € / 1 Kg","1,99 €",CONSUM ECO
Frescos,Verduras,Ajo Ecológico 200 Gr,"9,95 € / 1 Kg","1,99 €",CONSUM ECO
Frescos,Verduras,Ensalada Lorena Completa 145 Gr,"22,76 € / 1 Kg","3,30 €",DIQUESÍ
Frescos,Verduras,Ensalada Lorena Completa 145 Gr,"22,76 € / 1 Kg","3,30 €",DIQUESÍ
Frescos,Verduras,Ensalada Lorena Completa 145 Gr,"22,76 € / 1 Kg","3,30 €",DIQUESÍ
Frescos,Verduras,Ensalada Lorena Completa 145 Gr,"22,76 € / 1 Kg","3,30 €",DIQUESÍ
Frescos,Verduras,Ensalada Lorena Completa 145 Gr,"22,76 € / 1 Kg","3,30 €",DIQUESÍ
Frescos,Verduras,Ensalada Lorena Completa 145 Gr,"22,76 € / 1 Kg","3,30 €",DIQUESÍ
Frescos,Verduras,Ensalada Lorena Completa 145 Gr,"22,76 € / 1 Kg","3,30 €",DIQUESÍ
Frescos,Verduras,Ensalada Lorena Completa 145 Gr,"22,76 € / 1 Kg","3,30 €",DIQUESÍ
Frescos,Verduras,Ensalada Lorena Completa 145 Gr,"22,76 € / 1 Kg","3,30 €",DIQUESÍ
Frescos,Verduras,Ensalada Lorena Completa 145 Gr,"22,76 € / 1 Kg","3,30 €",DIQUESÍ
Frescos,Verduras,Ensalada Lorena Completa 145 Gr,"22,76 € / 1 Kg","3,30 €",DIQUESÍ
Frescos,Verduras,Ensalada Lorena Completa 145 Gr,"22,76 € / 1 Kg","3,30 €",DIQUESÍ
Frescos,Verduras,Ensalada Lorena Completa 145 Gr,"22,76 € / 1 Kg","3,30 €",DIQUESÍ
Frescos,Verduras,Ensalada Lorena Completa 145 Gr,"22,76 € / 1 Kg","3,30 €",DIQUESÍ
Frescos,Verduras,Ensalada Lorena Completa 145 Gr,"22,76 € / 1 Kg","3,30 €",DIQUESÍ
Frescos,Verduras,Ensalada Lorena Completa 145 Gr,"22,76 € / 1 Kg","3,30 €",DIQUESÍ
Frescos,Verduras,Ensalada Lorena Completa 145 Gr,"22,76 € / 1 Kg","3,30 €",DIQUESÍ
Frescos,Verduras,Ensalada Lorena Completa 145 Gr,"22,76 € / 1 Kg","3,30 €",DIQUESÍ
Frescos,Verduras,Ensalada Lorena Completa 145 Gr,"22,76 € / 1 Kg","3,30 €",DIQUESÍ
Frescos,Verduras,Ensalada Lorena Completa 145 Gr,"22,76 € / 1 Kg","3,30 €",DIQUESÍ
Frescos,Verduras,"Calçots Manojo 25 U - Sólo disponible jueves, viernes y sábado","0,20 € / 1 U","4,99 €",
Frescos,Verduras,"Calçots Manojo 25 U - Sólo disponible jueves, viernes y sábado","0,20 € / 1 U","4,99 €",
Frescos,Verduras,"Calçots Manojo 25 U - Sólo disponible jueves, viernes y sábado","0,20 € / 1 U","4,99 €",
Frescos,Verduras,"Calçots Manojo 25 U - Sólo disponible jueves, viernes y sábado","0,20 € / 1 U","4,99 €",
Frescos,Verduras,"Calçots Manojo 25 U - Sólo disponible jueves, viernes y sábado","0,20 € / 1 U","4,99 €",
Frescos,Verduras,"Calçots Manojo 25 U - Sólo disponible jueves, viernes y sábado","0,20 € / 1 U","4,99 €",
Frescos,Verduras,"Calçots Manojo 25 U - Sólo disponible jueves, viernes y sábado","0,20 € / 1 U","4,99 €",
Frescos,Verduras,"Calçots Manojo 25 U - Sólo disponible jueves, viernes y sábado","0,20 € / 1 U","4,99 €",
Frescos,Verduras,"Calçots Manojo 25 U - Sólo disponible jueves, viernes y sábado","0,20 € / 1 U","4,99 €",
Frescos,Verduras,"Calçots Manojo 25 U - Sólo disponible jueves, viernes y sábado","0,20 € / 1 U","4,99 €",
Frescos,Verduras,"Calçots Manojo 25 U - Sólo disponible jueves, viernes y sábado","0,20 € / 1 U","4,99 €",
Frescos,Verduras,"Calçots Manojo 25 U - Sólo disponible jueves, viernes y sábado","0,20 € / 1 U","4,99 €",
Frescos,Verduras,"Calçots Manojo 25 U - Sólo disponible jueves, viernes y sábado","0,20 € / 1 U","4,99 €",
Frescos,Verduras,"Calçots Manojo 25 U - Sólo disponible jueves, viernes y sábado","0,20 € / 1 U","4,99 €",
Frescos,Verduras,"Calçots Manojo 25 U - Sólo disponible jueves, viernes y sábado","0,20 € / 1 U","4,99 €",
Frescos,Verduras,"Calçots Manojo 25 U - Sólo disponible jueves, viernes y sábado","0,20 € / 1 U","4,99 €",
Frescos,Verduras,"Calçots Manojo 25 U - Sólo disponible jueves, viernes y sábado","0,20 € / 1 U","4,99 €",
Frescos,Verduras,"Calçots Manojo 25 U - Sólo disponible jueves, viernes y sábado","0,20 € / 1 U","4,99 €",
Frescos,Frutas,Mandarina Granel,"1,98 € / 1 Kg","0,29 €
0,25 €",
Frescos,Frutas,Mandarina Granel,"1,98 € / 1 Kg","0,29 €
0,25 €",
Frescos,Frutas,Mandarina Granel,"1,98 € / 1 Kg","0,29 €
0,25 €",
Frescos,Frutas,Mandarina Granel,"1,98 € / 1 Kg","0,29 €
0,25 €",
Frescos,Frutas,Mandarina Granel,"1,98 € / 1 Kg","0,29 €
0,25 €",
Frescos,Frutas,Mandarina Granel,"1,98 € / 1 Kg","0,29 €
0,25 €",
Frescos,Frutas,Mandarina Granel,"1,98 € / 1 Kg","0,29 €
0,25 €",
Frescos,Frutas,Mandarina Granel,"1,98 € / 1 Kg","0,29 €
0,25 €",
Frescos,Frutas,Mandarina Granel,"1,98 € / 1 Kg","0,29 €
0,25 €",
Frescos,Frutas,Mandarina Granel,"1,98 € / 1 Kg","0,29 €
0,25 €",
Frescos,Frutas,Mandarina Granel,"1,98 € / 1 Kg","0,29 €
0,25 €",
Frescos,Frutas,Mandarina Granel,"1,98 € / 1 Kg","0,29 €
0,25 €",
Frescos,Frutas,Mandarina Granel,"1,98 € / 1 Kg","0,29 €
0,25 €",
Frescos,Frutas,Mandarina Granel,"1,98 € / 1 Kg","0,29 €
0,25 €",
Frescos,Frutas,Mandarina Granel,"1,98 € / 1 Kg","0,29 €
0,25 €",
Frescos,Frutas,Mandarina Granel,"1,98 € / 1 Kg","0,29 €
0,25 €",
Frescos,Frutas,Mandarina Granel,"1,98 € / 1 Kg","0,29 €
0,25 €",
Frescos,Frutas,Mandarina Granel,"1,98 € / 1 Kg","0,29 €
0,25 €",
Frescos,Frutas,Mandarina Granel,"1,98 € / 1 Kg","0,29 €
0,25 €",
Frescos,Frutas,Mandarina Granel,"1,98 € / 1 Kg","0,29 €
0,25 €",
Frescos,Frutas,Piña entera,"1,99 € / 1 Kg","4,23 €",
Frescos,Frutas,Piña entera,"1,99 € / 1 Kg","4,23 €",
Frescos,Frutas,Piña entera,"1,99 € / 1 Kg","4,23 €",
Frescos,Frutas,Piña entera,"1,99 € / 1 Kg","4,23 €",
Frescos,Frutas,Piña entera,"1,99 € / 1 Kg","4,23 €",
Frescos,Frutas,Piña entera,"1,99 € / 1 Kg","4,23 €",
Frescos,Frutas,Piña entera,"1,99 € / 1 Kg","4,23 €",
Frescos,Frutas,Piña entera,"1,99 € / 1 Kg","4,23 €",
Frescos,Frutas,Piña entera,"1,99 € / 1 Kg","4,23 €",
Frescos,Frutas,Piña entera,"1,99 € / 1 Kg","4,23 €",
Frescos,Frutas,Piña entera,"1,99 € / 1 Kg","4,23 €",
Frescos,Frutas,Piña entera,"1,99 € / 1 Kg","4,23 €",
Frescos,Frutas,Piña entera,"1,99 € / 1 Kg","4,23 €",
Frescos,Frutas,Piña entera,"1,99 € / 1 Kg","4,23 €",
Frescos,Frutas,Piña entera,"1,99 € / 1 Kg","4,23 €",
Frescos,Frutas,Piña entera,"1,99 € / 1 Kg","4,23 €",
Frescos,Frutas,Piña entera,"1,99 € / 1 Kg","4,23 €",
Frescos,Frutas,Piña entera,"1,99 € / 1 Kg","4,23 €",
Frescos,Frutas,Piña entera,"1,99 € / 1 Kg","4,23 €",
Frescos,Frutas,Piña entera,"1,99 € / 1 Kg","4,23 €",
Frescos,Frutas,Compota de Manzana 400 Gr,"7,98 € / 1 Kg","3,19 €",
Frescos,Frutas,Compota de Manzana 400 Gr,"7,98 € / 1 Kg","3,19 €",
Frescos,Frutas,Compota de Manzana 400 Gr,"7,98 € / 1 Kg","3,19 €",
Frescos,Frutas,Compota de Manzana 400 Gr,"7,98 € / 1 Kg","3,19 €",
Frescos,Frutas,Compota de Manzana 400 Gr,"7,98 € / 1 Kg","3,19 €",
Frescos,Frutas,Compota de Manzana 400 Gr,"7,98 € / 1 Kg","3,19 €",
Frescos,Frutas,Compota de Manzana 400 Gr,"7,98 € / 1 Kg","3,19 €",
Frescos,Frutas,Compota de Manzana 400 Gr,"7,98 € / 1 Kg","3,19 €",
Frescos,Frutas,Compota de Manzana 400 Gr,"7,98 € / 1 Kg","3,19 €",
Frescos,Frutas,Compota de Manzana 400 Gr,"7,98 € / 1 Kg","3,19 €",
Frescos,Frutas,Compota de Manzana 400 Gr,"7,98 € / 1 Kg","3,19 €",
Frescos,Frutas,Compota de Manzana 400 Gr,"7,98 € / 1 Kg","3,19 €",
Frescos,Frutas,Compota de Manzana 400 Gr,"7,98 € / 1 Kg","3,19 €",
Frescos,Frutas,Compota de Manzana 400 Gr,"7,98 € / 1 Kg","3,19 €",
Frescos,Frutas,Compota de Manzana 400 Gr,"7,98 € / 1 Kg","3,19 €",
Frescos,Frutas,Compota de Manzana 400 Gr,"7,98 € / 1 Kg","3,19 €",
Frescos,Frutas,Compota de Manzana 400 Gr,"7,98 € / 1 Kg","3,19 €",
Frescos,Frutas,Compota de Manzana 400 Gr,"7,98 € / 1 Kg","3,19 €",
Frescos,Frutas,Compota de Manzana 400 Gr,"7,98 € / 1 Kg","3,19 €",
Frescos,Frutas,Compota de Manzana 400 Gr,"7,98 € / 1 Kg","3,19 €",
Frescos,Frutas,Arándano Vaso 225 Gr,"13,29 € / 1 Kg","2,99 €",
Frescos,Frutas,Arándano Vaso 225 Gr,"13,29 € / 1 Kg","2,99 €",
Frescos,Frutas,Arándano Vaso 225 Gr,"13,29 € / 1 Kg","2,99 €",
Horno,Pan de horno,Pan de Cristal 240 Gr,"4,80 € / 1 Kg","1,35 €
1,15 €",
Horno,Pan de horno,Pan de Cristal 240 Gr,"4,80 € / 1 Kg","1,35 €
1,15 €",
Horno,Pan de horno,Pan de Cristal 240 Gr,"4,80 € / 1 Kg","1,35 €
1,15 €",
Horno,Pan de horno,Pan de Cristal 240 Gr,"4,80 € / 1 Kg","1,35 €
1,15 €",
Horno,Pan de horno,Pan de Cristal 240 Gr,"4,80 € / 1 Kg","1,35 €
1,15 €",
Horno,Pan de horno,Pan de Cristal 240 Gr,"4,80 € / 1 Kg","1,35 €
1,15 €",
Horno,Pan de horno,Pan de Cristal 240 Gr,"4,80 € / 1 Kg","1,35 €
1,15 €",
Horno,Pan de horno,Pan de Cristal 240 Gr,"4,80 € / 1 Kg","1,35 €
1,15 €",
Horno,Pan de horno,Pan de Cristal 240 Gr,"4,80 € / 1 Kg","1,35 €
1,15 €",
Horno,Pan de horno,Pan de Cristal 240 Gr,"4,80 € / 1 Kg","1,35 €
1,15 €",
Horno,Pan de horno,Pan de Cristal 240 Gr,"4,80 € / 1 Kg","1,35 €
1,15 €",
Horno,Pan de horno,Pan de Cristal 240 Gr,"4,80 € / 1 Kg","1,35 €
1,15 €",
Horno,Pan de horno,Pan de Cristal 240 Gr,"4,80 € / 1 Kg","1,35 €
1,15 €",
Horno,Pan de horno,Pan de Cristal 240 Gr,"4,80 € / 1 Kg","1,35 €
1,15 €",
Horno,Pan de horno,Pan de Cristal 240 Gr,"4,80 € / 1 Kg","1,35 €
1,15 €",
Horno,Pan de horno,Pan de Cristal 240 Gr,"4,80 € / 1 Kg","1,35 €
1,15 €",
Horno,Pan de horno,Pan de Cristal 240 Gr,"4,80 € / 1 Kg","1,35 €
1,15 €",
Horno,Pan de horno,Pan de Cristal 240 Gr,"4,80 € / 1 Kg","1,35 €
1,15 €",
Horno,Pan de horno,Pan de Cristal 240 Gr,"4,80 € / 1 Kg","1,35 €
1,15 €",
Horno,Pan de horno,Pan de Cristal 240 Gr,"4,80 € / 1 Kg","1,35 €
1,15 €",
Horno,Pan de horno,Rústico sin Sal Añadida 100% Integral de Trigo 130 Gr,"5,31 € / 1 Kg","0,69 €",
Horno,Pan de horno,Rústico sin Sal Añadida 100% Integral de Trigo 130 Gr,"5,31 € / 1 Kg","0,69 €",
Horno,Pan de horno,Rústico sin Sal Añadida 100% Integral de Trigo 130 Gr,"5,31 € / 1 Kg","0,69 €",
Horno,Pan de horno,Rústico sin Sal Añadida 100% Integral de Trigo 130 Gr,"5,31 € / 1 Kg","0,69 €",
Horno,Pan de horno,Rústico sin Sal Añadida 100% Integral de Trigo 130 Gr,"5,31 € / 1 Kg","0,69 €",
Horno,Pan de horno,Rústico sin Sal Añadida 100% Integral de Trigo 130 Gr,"5,31 € / 1 Kg","0,69 €",
Horno,Pan de horno,Rústico sin Sal Añadida 100% Integral de Trigo 130 Gr,"5,31 € / 1 Kg","0,69 €",
Horno,Pan de horno,Rústico sin Sal Añadida 100% Integral de Trigo 130 Gr,"5,31 € / 1 Kg","0,69 €",
Horno,Pan de horno,Rústico sin Sal Añadida 100% Integral de Trigo 130 Gr,"5,31 € / 1 Kg","0,69 €",
Horno,Pan de horno,Rústico sin Sal Añadida 100% Integral de Trigo 130 Gr,"5,31 € / 1 Kg","0,69 €",
Horno,Pan de horno,Rústico sin Sal Añadida 100% Integral de Trigo 130 Gr,"5,31 € / 1 Kg","0,69 €",
Horno,Pan de horno,Rústico sin Sal Añadida 100% Integral de Trigo 130 Gr,"5,31 € / 1 Kg","0,69 €",
Horno,Pan de horno,Rústico sin Sal Añadida 100% Integral de Trigo 130 Gr,"5,31 € / 1 Kg","0,69 €",
Horno,Pan de horno,Rústico sin Sal Añadida 100% Integral de Trigo 130 Gr,"5,31 € / 1 Kg","0,69 €",
Horno,Pan de horno,Rústico sin Sal Añadida 100% Integral de Trigo 130 Gr,"5,31 € / 1 Kg","0,69 €",
Horno,Pan de molde y rebanado,Pan de Molde Centeno y Semillas 400 Gr,"4,23 € / 1 Kg","1,99 €
1,69 €",
Horno,Pan de molde y rebanado,Pan de Molde Centeno y Semillas 400 Gr,"4,23 € / 1 Kg","1,99 €
1,69 €",
Horno,Pan de molde y rebanado,Pan de Molde Centeno y Semillas 400 Gr,"4,23 € / 1 Kg","1,99 €
1,69 €",
Horno,Pan de molde y rebanado,Pan de Molde Centeno y Semillas 400 Gr,"4,23 € / 1 Kg","1,99 €
1,69 €",
Horno,Pan de molde y rebanado,Pan de Molde Centeno y Semillas 400 Gr,"4,23 € / 1 Kg","1,99 €
1,69 €",
Horno,Pan de molde y rebanado,Pan de Molde Centeno y Semillas 400 Gr,"4,23 € / 1 Kg","1,99 €
1,69 €",
Horno,Pan de molde y rebanado,Pan de Molde Centeno y Semillas 400 Gr,"4,23 € / 1 Kg","1,99 €
1,69 €",
Horno,Pan de molde y rebanado,Pan de Molde Centeno y Semillas 400 Gr,"4,23 € / 1 Kg","1,99 €
1,69 €",
Horno,Pan de molde y rebanado,Pan de Molde Centeno y Semillas 400 Gr,"4,23 € / 1 Kg","1,99 €
1,69 €",
Horno,Pan de molde y rebanado,Pan de Molde Centeno y Semillas 400 Gr,"4,23 € / 1 Kg","1,99 €
1,69 €",
Horno,Pan de molde y rebanado,Pan de Molde Centeno y Semillas 400 Gr,"4,23 € / 1 Kg","1,99 €
1,69 €",
Horno,Pan de molde y rebanado,Pan de Molde Centeno y Semillas 400 Gr,"4,23 € / 1 Kg","1,99 €
1,69 €",
Horno,Pan hamburguesas y perritos,Pan Hamburguesa Rústico Natural 100% 4U 300 Gr,"5,50 € / 1 Kg","1,65 €",
Horno,Pan hamburguesas y perritos,Pan Hamburguesa Rústico Natural 100% 4U 300 Gr,"5,50 € / 1 Kg","1,65 €",
Horno,Pan hamburguesas y perritos,Pan Hamburguesa Rústico Natural 100% 4U 300 Gr,"5,50 € / 1 Kg","1,65 €",
Horno,Pan hamburguesas y perritos,Pan Hamburguesa Rústico Natural 100% 4U 300 Gr,"5,50 € / 1 Kg","1,65 €",
Horno,Pan hamburguesas y perritos,Pan Hamburguesa Rústico Natural 100% 4U 300 Gr,"5,50 € / 1 Kg","1,65 €",
Horno,Pan hamburguesas y perritos,Pan Hamburguesa Rústico Natural 100% 4U 300 Gr,"5,50 € / 1 Kg","1,65 €",
Horno,Pan hamburguesas y perritos,Pan Hamburguesa Rústico Natural 100% 4U 300 Gr,"5,50 € / 1 Kg","1,65 €",
Horno,Pan hamburguesas y perritos,Pan Hamburguesa Rústico Natural 100% 4U 300 Gr,"5,50 € / 1 Kg","1,65 €",
Horno,Pan rallado,Pan Rallado Natural Paquete 500 Gr,"1,40 € / 1 Kg","0,70 €",CONSUM
Horno,Pan rallado,Pan Rallado Natural Paquete 500 Gr,"1,40 € / 1 Kg","0,70 €",CONSUM
Horno,Pan rallado,Pan Rallado Natural Paquete 500 Gr,"1,40 € / 1 Kg","0,70 €",CONSUM
Horno,Pan rallado,Pan Rallado Natural Paquete 500 Gr,"1,40 € / 1 Kg","0,70 €",CONSUM
Horno,Pan rallado,Pan Rallado Natural Paquete 500 Gr,"1,40 € / 1 Kg","0,70 €",CONSUM
Horno,Pan rallado,Pan Rallado Natural Paquete 500 Gr,"1,40 € / 1 Kg","0,70 €",CONSUM
Horno,Pan rallado,Pan Rallado Natural Paquete 500 Gr,"1,40 € / 1 Kg","0,70 €",CONSUM
Horno,Pan rallado,Pan Rallado Natural Paquete 500 Gr,"1,40 € / 1 Kg","0,70 €",CONSUM
Horno,"Rosquilletas, picos y snacks",Coqueta Multicereales 200 Gr,"9,75 € / 1 Kg","2,29 €
1,95 €",
Horno,"Rosquilletas, picos y snacks",Coqueta Multicereales 200 Gr,"9,75 € / 1 Kg","2,29 €
1,95 €",
Horno,"Rosquilletas, picos y snacks",Coqueta Multicereales 200 Gr,"9,75 € / 1 Kg","2,29 €
1,95 €",
Horno,"Rosquilletas, picos y snacks",Coqueta Multicereales 200 Gr,"9,75 € / 1 Kg","2,29 €
1,95 €",
Horno,"Rosquilletas, picos y snacks",Coqueta Multicereales 200 Gr,"9,75 € / 1 Kg","2,29 €
1,95 €",
Horno,"Rosquilletas, picos y snacks",Coqueta Multicereales 200 Gr,"9,75 € / 1 Kg","2,29 €
1,95 €",
Horno,"Rosquilletas, picos y snacks",Coqueta Multicereales 200 Gr,"9,75 € / 1 Kg","2,29 €
1,95 €",
Horno,"Rosquilletas, picos y snacks",Coqueta Multicereales 200 Gr,"9,75 € / 1 Kg","2,29 €
1,95 €",
Horno,Bollería dulce,Tejas 160 Gr,"9,06 € / 1 Kg","1,65 €
1,45 €",
Horno,Bollería dulce,Tejas 160 Gr,"9,06 € / 1 Kg","1,65 €
1,45 €",
Horno,Bollería dulce,Tejas 160 Gr,"9,06 € / 1 Kg","1,65 €
1,45 €",
Horno,Bollería dulce,Tejas 160 Gr,"9,06 € / 1 Kg","1,65 €
1,45 €",
Horno,Bollería dulce,Tejas 160 Gr,"9,06 € / 1 Kg","1,65 €
1,45 €",
Horno,Bollería dulce,Tejas 160 Gr,"9,06 € / 1 Kg","1,65 €
1,45 €",
Horno,Bollería dulce,Tejas 160 Gr,"9,06 € / 1 Kg","1,65 €
1,45 €",
Horno,Bollería dulce,Tejas 160 Gr,"9,06 € / 1 Kg","1,65 €
1,45 €",
Horno,Bollería dulce,Tejas 160 Gr,"9,06 € / 1 Kg","1,65 €
1,45 €",
Horno,Bollería dulce,Tejas 160 Gr,"9,06 € / 1 Kg","1,65 €
1,45 €",
Horno,Bollería dulce,Tejas 160 Gr,"9,06 € / 1 Kg","1,65 €
1,45 €",
Horno,Bollería dulce,Tejas 160 Gr,"9,06 € / 1 Kg","1,65 €
1,45 €",
Horno,Bollería dulce,Tejas 160 Gr,"9,06 € / 1 Kg","1,65 €
1,45 €",
Horno,Bollería dulce,Tejas 160 Gr,"9,06 € / 1 Kg","1,65 €
1,45 €",
Horno,Bollería dulce,Tejas 160 Gr,"9,06 € / 1 Kg","1,65 €
1,45 €",
Horno,Bollería dulce,Tejas 160 Gr,"9,06 € / 1 Kg","1,65 €
1,45 €",
Horno,Bollería dulce,Tejas 160 Gr,"9,06 € / 1 Kg","1,65 €
1,45 €",
Horno,Bollería dulce,Tejas 160 Gr,"9,06 € / 1 Kg","1,65 €
1,45 €",
Horno,Bollería dulce,Tejas 160 Gr,"9,06 € / 1 Kg","1,65 €
1,45 €",
Horno,Bollería dulce,Tejas 160 Gr,"9,06 € / 1 Kg","1,65 €
1,45 €",
Horno,Bollería dulce,Hoops Bombón 2 Unidades 110 Gr,"7,18 € / 1 Kg","0,79 €",
Horno,Bollería dulce,Hoops Bombón 2 Unidades 110 Gr,"7,18 € / 1 Kg","0,79 €",
Horno,Bollería dulce,Hoops Bombón 2 Unidades 110 Gr,"7,18 € / 1 Kg","0,79 €",
Horno,Bollería dulce,Hoops Bombón 2 Unidades 110 Gr,"7,18 € / 1 Kg","0,79 €",
Horno,Bollería dulce,Hoops Bombón 2 Unidades 110 Gr,"7,18 € / 1 Kg","0,79 €",
Horno,Bollería dulce,Hoops Bombón 2 Unidades 110 Gr,"7,18 € / 1 Kg","0,79 €",
Horno,Bollería dulce,Hoops Bombón 2 Unidades 110 Gr,"7,18 € / 1 Kg","0,79 €",
Horno,Bollería dulce,Hoops Bombón 2 Unidades 110 Gr,"7,18 € / 1 Kg","0,79 €",
Horno,Bollería dulce,Hoops Bombón 2 Unidades 110 Gr,"7,18 € / 1 Kg","0,79 €",
Horno,Bollería dulce,Hoops Bombón 2 Unidades 110 Gr,"7,18 € / 1 Kg","0,79 €",
Horno,Bollería dulce,Hoops Bombón 2 Unidades 110 Gr,"7,18 € / 1 Kg","0,79 €",
Horno,Bollería dulce,Hoops Bombón 2 Unidades 110 Gr,"7,18 € / 1 Kg","0,79 €",
Horno,Bollería dulce,Hoops Bombón 2 Unidades 110 Gr,"7,18 € / 1 Kg","0,79 €",
Horno,Bollería dulce,Hoops Bombón 2 Unidades 110 Gr,"7,18 € / 1 Kg","0,79 €",
Horno,Bollería dulce,Hoops Bombón 2 Unidades 110 Gr,"7,18 € / 1 Kg","0,79 €",
Horno,Bollería dulce,Hoops Bombón 2 Unidades 110 Gr,"7,18 € / 1 Kg","0,79 €",
Horno,Bollería dulce,Hoops Bombón 2 Unidades 110 Gr,"7,18 € / 1 Kg","0,79 €",
Horno,Bollería dulce,Hoops Bombón 2 Unidades 110 Gr,"7,18 € / 1 Kg","0,79 €",
Horno,Bollería dulce,Hoops Bombón 2 Unidades 110 Gr,"7,18 € / 1 Kg","0,79 €",
Horno,Bollería dulce,Hoops Bombón 2 Unidades 110 Gr,"7,18 € / 1 Kg","0,79 €",
Horno,Bollería dulce,Pastel de Crema 3 Unidades 170 Gr,"7,59 € / 1 Kg","1,29 €",
Horno,Bollería dulce,Pastel de Crema 3 Unidades 170 Gr,"7,59 € / 1 Kg","1,29 €",
Horno,Bollería dulce,Pastel de Crema 3 Unidades 170 Gr,"7,59 € / 1 Kg","1,29 €",
Horno,Bollería dulce,Pastel de Crema 3 Unidades 170 Gr,"7,59 € / 1 Kg","1,29 €",
Horno,Bollería dulce,Pastel de Crema 3 Unidades 170 Gr,"7,59 € / 1 Kg","1,29 €",
Horno,Bollería dulce,Pastel de Crema 3 Unidades 170 Gr,"7,59 € / 1 Kg","1,29 €",
Horno,Bollería dulce,Pastel de Crema 3 Unidades 170 Gr,"7,59 € / 1 Kg","1,29 €",
Horno,Bollería dulce,Pastel de Crema 3 Unidades 170 Gr,"7,59 € / 1 Kg","1,29 €",
Horno,Bollería dulce,Pastel de Crema 3 Unidades 170 Gr,"7,59 € / 1 Kg","1,29 €",
Horno,Bollería dulce,Pastel de Crema 3 Unidades 170 Gr,"7,59 € / 1 Kg","1,29 €",
Horno,Bollería dulce,Pastel de Crema 3 Unidades 170 Gr,"7,59 € / 1 Kg","1,29 €",
Horno,Bollería dulce,Pastel de Crema 3 Unidades 170 Gr,"7,59 € / 1 Kg","1,29 €",
Horno,Bollería salada,Palito Sobrasada 4 Unidades 110 Gr,"10,82 € / 1 Kg","1,39 €
1,19 €",
Horno,Bollería salada,Palito Sobrasada 4 Unidades 110 Gr,"10,82 € / 1 Kg","1,39 €
1,19 €",
Horno,Bollería salada,Palito Sobrasada 4 Unidades 110 Gr,"10,82 € / 1 Kg","1,39 €
1,19 €",
Horno,Bollería salada,Palito Sobrasada 4 Unidades 110 Gr,"10,82 € / 1 Kg","1,39 €
1,19 €",
Horno,Bollería salada,Palito Sobrasada 4 Unidades 110 Gr,"10,82 € / 1 Kg","1,39 €
1,19 €",
Horno,Bollería salada,Palito Sobrasada 4 Unidades 110 Gr,"10,82 € / 1 Kg","1,39 €
1,19 €",
Horno,Bollería salada,Palito Sobrasada 4 Unidades 110 Gr,"10,82 € / 1 Kg","1,39 €
1,19 €",
Horno,Bollería salada,Palito Sobrasada 4 Unidades 110 Gr,"10,82 € / 1 Kg","1,39 €
1,19 €",
Horno,Bollería salada,Palito Sobrasada 4 Unidades 110 Gr,"10,82 € / 1 Kg","1,39 €
1,19 €",
Horno,Bollería salada,Palito Sobrasada 4 Unidades 110 Gr,"10,82 € / 1 Kg","1,39 €
1,19 €",
Horno,Bollería salada,Palito Sobrasada 4 Unidades 110 Gr,"10,82 € / 1 Kg","1,39 €
1,19 €",
Horno,Bollería salada,Palito Sobrasada 4 Unidades 110 Gr,"10,82 € / 1 Kg","1,39 €
1,19 €",
Horno,Bollería salada,Palito Sobrasada 4 Unidades 110 Gr,"10,82 € / 1 Kg","1,39 €
1,19 €",
Horno,Bollería salada,Palito Sobrasada 4 Unidades 110 Gr,"10,82 € / 1 Kg","1,39 €
1,19 €",
Horno,Bollería salada,Palito Sobrasada 4 Unidades 110 Gr,"10,82 € / 1 Kg","1,39 €
1,19 €",
Horno,Bollería salada,Palito Sobrasada 4 Unidades 110 Gr,"10,82 € / 1 Kg","1,39 €
1,19 €",
Horno,Bollería salada,Palito Sobrasada 4 Unidades 110 Gr,"10,82 € / 1 Kg","1,39 €
1,19 €",
Horno,Bollería salada,Palito Sobrasada 4 Unidades 110 Gr,"10,82 € / 1 Kg","1,39 €
1,19 €",
Horno,Tartas y repostería,Carrot Cake Tarta de Zanahoria 770 Gr,"12,86 € / 1 Kg","11,00 €
9,90 €",
Horno,Tartas y repostería,Carrot Cake Tarta de Zanahoria 770 Gr,"12,86 € / 1 Kg","11,00 €
9,90 €",
Horno,Tartas y repostería,Carrot Cake Tarta de Zanahoria 770 Gr,"12,86 € / 1 Kg","11,00 €
9,90 €",
Horno,Tartas y repostería,Carrot Cake Tarta de Zanahoria 770 Gr,"12,86 € / 1 Kg","11,00 €
9,90 €",
Horno,Tartas y repostería,Carrot Cake Tarta de Zanahoria 770 Gr,"12,86 € / 1 Kg","11,00 €
9,90 €",
Horno,Tartas y repostería,Carrot Cake Tarta de Zanahoria 770 Gr,"12,86 € / 1 Kg","11,00 €
9,90 €",
Horno,Tartas y repostería,Carrot Cake Tarta de Zanahoria 770 Gr,"12,86 € / 1 Kg","11,00 €
9,90 €",
Horno,Tartas y repostería,Carrot Cake Tarta de Zanahoria 770 Gr,"12,86 € / 1 Kg","11,00 €
9,90 €",
Horno,Tartas y repostería,Carrot Cake Tarta de Zanahoria 770 Gr,"12,86 € / 1 Kg","11,00 €
9,90 €",
Horno,Tartas y repostería,Carrot Cake Tarta de Zanahoria 770 Gr,"12,86 € / 1 Kg","11,00 €
9,90 €",
Horno,Tartas y repostería,Carrot Cake Tarta de Zanahoria 770 Gr,"12,86 € / 1 Kg","11,00 €
9,90 €",
Horno,Tartas y repostería,Carrot Cake Tarta de Zanahoria 770 Gr,"12,86 € / 1 Kg","11,00 €
9,90 €",
Horno,Tartas y repostería,Carrot Cake Tarta de Zanahoria 770 Gr,"12,86 € / 1 Kg","11,00 €
9,90 €",
Horno,Tartas y repostería,Carrot Cake Tarta de Zanahoria 770 Gr,"12,86 € / 1 Kg","11,00 €
9,90 €",
Horno,Tartas y repostería,Carrot Cake Tarta de Zanahoria 770 Gr,"12,86 € / 1 Kg","11,00 €
9,90 €",
Horno,Tartas y repostería,Carrot Cake Tarta de Zanahoria 770 Gr,"12,86 € / 1 Kg","11,00 €
9,90 €",
Horno,Tartas y repostería,Carrot Cake Tarta de Zanahoria 770 Gr,"12,86 € / 1 Kg","11,00 €
9,90 €",
Horno,Tartas y repostería,Carrot Cake Tarta de Zanahoria 770 Gr,"12,86 € / 1 Kg","11,00 €
9,90 €",
Horno,Tartas y repostería,Carrot Cake Tarta de Zanahoria 770 Gr,"12,86 € / 1 Kg","11,00 €
9,90 €",
Horno,Tartas y repostería,Carrot Cake Tarta de Zanahoria 770 Gr,"12,86 € / 1 Kg","11,00 €
9,90 €",
Horno,Tartas y repostería,Pastel Sara 125 Gr,"19,92 € / 1 Kg","2,49 €",
Horno,Tartas y repostería,Pastel Sara 125 Gr,"19,92 € / 1 Kg","2,49 €",
Horno,Tartas y repostería,Pastel Sara 125 Gr,"19,92 € / 1 Kg","2,49 €",
Horno,Tartas y repostería,Pastel Sara 125 Gr,"19,92 € / 1 Kg","2,49 €",
Horno,Tartas y repostería,Pastel Sara 125 Gr,"19,92 € / 1 Kg","2,49 €",
Horno,Tartas y repostería,Pastel Sara 125 Gr,"19,92 € / 1 Kg","2,49 €",
Horno,Tartas y repostería,Pastel Sara 125 Gr,"19,92 € / 1 Kg","2,49 €",
Horno,Tartas y repostería,Pastel Sara 125 Gr,"19,92 € / 1 Kg","2,49 €",
Horno,Tartas y repostería,Pastel Sara 125 Gr,"19,92 € / 1 Kg","2,49 €",
Horno,Tartas y repostería,Pastel Sara 125 Gr,"19,92 € / 1 Kg","2,49 €",
Horno,Tartas y repostería,Pastel Sara 125 Gr,"19,92 € / 1 Kg","2,49 €",
Horno,Tartas y repostería,Pastel Sara 125 Gr,"19,92 € / 1 Kg","2,49 €",
Horno,Tartas y repostería,Pastel Sara 125 Gr,"19,92 € / 1 Kg","2,49 €",
Horno,Tartas y repostería,Pastel Sara 125 Gr,"19,92 € / 1 Kg","2,49 €",
Horno,Tartas y repostería,Pastel Sara 125 Gr,"19,92 € / 1 Kg","2,49 €",
Horno,Tartas y repostería,Pastel Sara 125 Gr,"19,92 € / 1 Kg","2,49 €",
Horno,Tartas y repostería,Pastel Sara 125 Gr,"19,92 € / 1 Kg","2,49 €",
Horno,Tartas y repostería,Pastel Sara 125 Gr,"19,92 € / 1 Kg","2,49 €",
Horno,Tartas y repostería,Pastel Sara 125 Gr,"19,92 € / 1 Kg","2,49 €",
Horno,Tartas y repostería,Pastel Sara 125 Gr,"19,92 € / 1 Kg","2,49 €",
Horno,Tartas y repostería,Porción Carrot Cake con Queso 118 Gr,"27,88 € / 1 Kg","3,29 €",
Horno,Tartas y repostería,Porción Carrot Cake con Queso 118 Gr,"27,88 € / 1 Kg","3,29 €",
Horno,Tartas y repostería,Porción Carrot Cake con Queso 118 Gr,"27,88 € / 1 Kg","3,29 €",
Horno,Tartas y repostería,Porción Carrot Cake con Queso 118 Gr,"27,88 € / 1 Kg","3,29 €",
Horno,Tartas y repostería,Porción Carrot Cake con Queso 118 Gr,"27,88 € / 1 Kg","3,29 €",
Horno,Tartas y repostería,Porción Carrot Cake con Queso 118 Gr,"27,88 € / 1 Kg","3,29 €",
Horno,Tartas y repostería,Porción Carrot Cake con Queso 118 Gr,"27,88 € / 1 Kg","3,29 €",
Horno,Tartas y repostería,Porción Carrot Cake con Queso 118 Gr,"27,88 € / 1 Kg","3,29 €",
Horno,Tartas y repostería,Porción Carrot Cake con Queso 118 Gr,"27,88 € / 1 Kg","3,29 €",
Horno,Tartas y repostería,Porción Carrot Cake con Queso 118 Gr,"27,88 € / 1 Kg","3,29 €",
Horno,Tartas y repostería,Porción Carrot Cake con Queso 118 Gr,"27,88 € / 1 Kg","3,29 €",
Horno,Tartas y repostería,Porción Carrot Cake con Queso 118 Gr,"27,88 € / 1 Kg","3,29 €",
Horno,Tartas y repostería,Porción Carrot Cake con Queso 118 Gr,"27,88 € / 1 Kg","3,29 €",
Horno,Tartas y repostería,Porción Carrot Cake con Queso 118 Gr,"27,88 € / 1 Kg","3,29 €",
Horno,Tartas y repostería,Porción Carrot Cake con Queso 118 Gr,"27,88 € / 1 Kg","3,29 €",
Platos preparados,Preparados refrigerados,Pasta Fresca Rellena de Ternera con Verduras 250 Gr,"10,76 € / 1 Kg","3,29 €
2,69 €",RANA
Platos preparados,Preparados refrigerados,Pasta Fresca Rellena de Ternera con Verduras 250 Gr,"10,76 € / 1 Kg","3,29 €
2,69 €",RANA
Platos preparados,Preparados refrigerados,Pasta Fresca Rellena de Ternera con Verduras 250 Gr,"10,76 € / 1 Kg","3,29 €
2,69 €",RANA
Platos preparados,Preparados refrigerados,Pasta Fresca Rellena de Ternera con Verduras 250 Gr,"10,76 € / 1 Kg","3,29 €
2,69 €",RANA
Platos preparados,Preparados refrigerados,Pasta Fresca Rellena de Ternera con Verduras 250 Gr,"10,76 € / 1 Kg","3,29 €
2,69 €",RANA
Platos preparados,Preparados refrigerados,Pasta Fresca Rellena de Ternera con Verduras 250 Gr,"10,76 € / 1 Kg","3,29 €
2,69 €",RANA
Platos preparados,Preparados refrigerados,Pasta Fresca Rellena de Ternera con Verduras 250 Gr,"10,76 € / 1 Kg","3,29 €
2,69 €",RANA
Platos preparados,Preparados refrigerados,Pasta Fresca Rellena de Ternera con Verduras 250 Gr,"10,76 € / 1 Kg","3,29 €
2,69 €",RANA
Platos preparados,Preparados refrigerados,Pasta Fresca Rellena de Ternera con Verduras 250 Gr,"10,76 € / 1 Kg","3,29 €
2,69 €",RANA
Platos preparados,Preparados refrigerados,Pasta Fresca Rellena de Ternera con Verduras 250 Gr,"10,76 € / 1 Kg","3,29 €
2,69 €",RANA
Platos preparados,Preparados refrigerados,Pasta Fresca Rellena de Ternera con Verduras 250 Gr,"10,76 € / 1 Kg","3,29 €
2,69 €",RANA
Platos preparados,Preparados refrigerados,Pasta Fresca Rellena de Ternera con Verduras 250 Gr,"10,76 € / 1 Kg","3,29 €
2,69 €",RANA
Platos preparados,Preparados refrigerados,Pasta Fresca Rellena de Ternera con Verduras 250 Gr,"10,76 € / 1 Kg","3,29 €
2,69 €",RANA
Platos preparados,Preparados refrigerados,Pasta Fresca Rellena de Ternera con Verduras 250 Gr,"10,76 € / 1 Kg","3,29 €
2,69 €",RANA
Platos preparados,Preparados refrigerados,Pasta Fresca Rellena de Ternera con Verduras 250 Gr,"10,76 € / 1 Kg","3,29 €
2,69 €",RANA
Platos preparados,Preparados refrigerados,Pasta Fresca Rellena de Ternera con Verduras 250 Gr,"10,76 € / 1 Kg","3,29 €
2,69 €",RANA
Platos preparados,Preparados refrigerados,Pasta Fresca Rellena de Ternera con Verduras 250 Gr,"10,76 € / 1 Kg","3,29 €
2,69 €",RANA
Platos preparados,Preparados refrigerados,Pasta Fresca Rellena de Ternera con Verduras 250 Gr,"10,76 € / 1 Kg","3,29 €
2,69 €",RANA
Platos preparados,Preparados refrigerados,Pasta Fresca Rellena de Ternera con Verduras 250 Gr,"10,76 € / 1 Kg","3,29 €
2,69 €",RANA
Platos preparados,Preparados refrigerados,Pasta Fresca Rellena de Ternera con Verduras 250 Gr,"10,76 € / 1 Kg","3,29 €
2,69 €",RANA
Platos preparados,Preparados refrigerados,Cheese Burguer 210 Gr,"13,34 € / 1 Kg","3,29 €
2,80 €",BROOKLYN
Platos preparados,Preparados refrigerados,Cheese Burguer 210 Gr,"13,34 € / 1 Kg","3,29 €
2,80 €",BROOKLYN
Platos preparados,Preparados refrigerados,Cheese Burguer 210 Gr,"13,34 € / 1 Kg","3,29 €
2,80 €",BROOKLYN
Platos preparados,Preparados refrigerados,Cheese Burguer 210 Gr,"13,34 € / 1 Kg","3,29 €
2,80 €",BROOKLYN
Platos preparados,Preparados refrigerados,Cheese Burguer 210 Gr,"13,34 € / 1 Kg","3,29 €
2,80 €",BROOKLYN
Platos preparados,Preparados refrigerados,Cheese Burguer 210 Gr,"13,34 € / 1 Kg","3,29 €
2,80 €",BROOKLYN
Platos preparados,Preparados refrigerados,Cheese Burguer 210 Gr,"13,34 € / 1 Kg","3,29 €
2,80 €",BROOKLYN
Platos preparados,Preparados refrigerados,Cheese Burguer 210 Gr,"13,34 € / 1 Kg","3,29 €
2,80 €",BROOKLYN
Platos preparados,Preparados refrigerados,Cheese Burguer 210 Gr,"13,34 € / 1 Kg","3,29 €
2,80 €",BROOKLYN
Platos preparados,Preparados refrigerados,Cheese Burguer 210 Gr,"13,34 € / 1 Kg","3,29 €
2,80 €",BROOKLYN
Platos preparados,Preparados refrigerados,Cheese Burguer 210 Gr,"13,34 € / 1 Kg","3,29 €
2,80 €",BROOKLYN
Platos preparados,Preparados refrigerados,Cheese Burguer 210 Gr,"13,34 € / 1 Kg","3,29 €
2,80 €",BROOKLYN
Platos preparados,Preparados refrigerados,Cheese Burguer 210 Gr,"13,34 € / 1 Kg","3,29 €
2,80 €",BROOKLYN
Platos preparados,Preparados refrigerados,Cheese Burguer 210 Gr,"13,34 € / 1 Kg","3,29 €
2,80 €",BROOKLYN
Platos preparados,Preparados refrigerados,Cheese Burguer 210 Gr,"13,34 € / 1 Kg","3,29 €
2,80 €",BROOKLYN
Platos preparados,Preparados refrigerados,Cheese Burguer 210 Gr,"13,34 € / 1 Kg","3,29 €
2,80 €",BROOKLYN
Platos preparados,Preparados refrigerados,Cheese Burguer 210 Gr,"13,34 € / 1 Kg","3,29 €
2,80 €",BROOKLYN
Platos preparados,Preparados refrigerados,Cheese Burguer 210 Gr,"13,34 € / 1 Kg","3,29 €
2,80 €",BROOKLYN
Platos preparados,Preparados refrigerados,Cheese Burguer 210 Gr,"13,34 € / 1 Kg","3,29 €
2,80 €",BROOKLYN
Platos preparados,Preparados refrigerados,Cheese Burguer 210 Gr,"13,34 € / 1 Kg","3,29 €
2,80 €",BROOKLYN
Platos preparados,Preparados refrigerados,Tortellinis Rellenos de Quesos 250 Gr,"6,88 € / 1 Kg","1,72 €",CONSUM
Platos preparados,Preparados refrigerados,Tortellinis Rellenos de Quesos 250 Gr,"6,88 € / 1 Kg","1,72 €",CONSUM
Platos preparados,Preparados refrigerados,Tortellinis Rellenos de Quesos 250 Gr,"6,88 € / 1 Kg","1,72 €",CONSUM
Platos preparados,Preparados refrigerados,Tortellinis Rellenos de Quesos 250 Gr,"6,88 € / 1 Kg","1,72 €",CONSUM
Platos preparados,Preparados refrigerados,Tortellinis Rellenos de Quesos 250 Gr,"6,88 € / 1 Kg","1,72 €",CONSUM
Platos preparados,Preparados refrigerados,Tortellinis Rellenos de Quesos 250 Gr,"6,88 € / 1 Kg","1,72 €",CONSUM
Platos preparados,Preparados refrigerados,Tortellinis Rellenos de Quesos 250 Gr,"6,88 € / 1 Kg","1,72 €",CONSUM
Platos preparados,Preparados refrigerados,Tortellinis Rellenos de Quesos 250 Gr,"6,88 € / 1 Kg","1,72 €",CONSUM
Platos preparados,Preparados refrigerados,Tortellinis Rellenos de Quesos 250 Gr,"6,88 € / 1 Kg","1,72 €",CONSUM
Platos preparados,Preparados refrigerados,Tortellinis Rellenos de Quesos 250 Gr,"6,88 € / 1 Kg","1,72 €",CONSUM
Platos preparados,Preparados refrigerados,Tortellinis Rellenos de Quesos 250 Gr,"6,88 € / 1 Kg","1,72 €",CONSUM
Platos preparados,Preparados refrigerados,Tortellinis Rellenos de Quesos 250 Gr,"6,88 € / 1 Kg","1,72 €",CONSUM
Platos preparados,Preparados refrigerados,Tortellinis Rellenos de Quesos 250 Gr,"6,88 € / 1 Kg","1,72 €",CONSUM
Platos preparados,Preparados refrigerados,Tortellinis Rellenos de Quesos 250 Gr,"6,88 € / 1 Kg","1,72 €",CONSUM
Platos preparados,Preparados refrigerados,Tortellinis Rellenos de Quesos 250 Gr,"6,88 € / 1 Kg","1,72 €",CONSUM
Platos preparados,Preparados refrigerados,Tortellinis Rellenos de Quesos 250 Gr,"6,88 € / 1 Kg","1,72 €",CONSUM
Platos preparados,Preparados refrigerados,Tortellinis Rellenos de Quesos 250 Gr,"6,88 € / 1 Kg","1,72 €",CONSUM
Platos preparados,Preparados refrigerados,Tortellinis Rellenos de Quesos 250 Gr,"6,88 € / 1 Kg","1,72 €",CONSUM
Platos preparados,Preparados refrigerados,Tortellinis Rellenos de Quesos 250 Gr,"6,88 € / 1 Kg","1,72 €",CONSUM
Platos preparados,Preparados refrigerados,Tortellinis Rellenos de Quesos 250 Gr,"6,88 € / 1 Kg","1,72 €",CONSUM
Platos preparados,Preparados refrigerados,Tzaziki Crema Yogur con Pepino 150 Gr,"10,60 € / 1 Kg","1,59 €",DELITUSS
Platos preparados,Preparados refrigerados,Tzaziki Crema Yogur con Pepino 150 Gr,"10,60 € / 1 Kg","1,59 €",DELITUSS
Platos preparados,Preparados refrigerados,Tzaziki Crema Yogur con Pepino 150 Gr,"10,60 € / 1 Kg","1,59 €",DELITUSS
Platos preparados,Preparados refrigerados,Tzaziki Crema Yogur con Pepino 150 Gr,"10,60 € / 1 Kg","1,59 €",DELITUSS
Platos preparados,Preparados refrigerados,Tzaziki Crema Yogur con Pepino 150 Gr,"10,60 € / 1 Kg","1,59 €",DELITUSS
Platos preparados,Preparados refrigerados,Tzaziki Crema Yogur con Pepino 150 Gr,"10,60 € / 1 Kg","1,59 €",DELITUSS
Platos preparados,Preparados refrigerados,Tzaziki Crema Yogur con Pepino 150 Gr,"10,60 € / 1 Kg","1,59 €",DELITUSS
Platos preparados,Preparados refrigerados,Tzaziki Crema Yogur con Pepino 150 Gr,"10,60 € / 1 Kg","1,59 €",DELITUSS
Platos preparados,Preparados refrigerados,Tzaziki Crema Yogur con Pepino 150 Gr,"10,60 € / 1 Kg","1,59 €",DELITUSS
Platos preparados,Preparados refrigerados,Tzaziki Crema Yogur con Pepino 150 Gr,"10,60 € / 1 Kg","1,59 €",DELITUSS
Platos preparados,Preparados refrigerados,Tzaziki Crema Yogur con Pepino 150 Gr,"10,60 € / 1 Kg","1,59 €",DELITUSS
Platos preparados,Preparados refrigerados,Tzaziki Crema Yogur con Pepino 150 Gr,"10,60 € / 1 Kg","1,59 €",DELITUSS
Platos preparados,Preparados refrigerados,Tzaziki Crema Yogur con Pepino 150 Gr,"10,60 € / 1 Kg","1,59 €",DELITUSS
Platos preparados,Preparados refrigerados,Tzaziki Crema Yogur con Pepino 150 Gr,"10,60 € / 1 Kg","1,59 €",DELITUSS
Platos preparados,Preparados refrigerados,Tzaziki Crema Yogur con Pepino 150 Gr,"10,60 € / 1 Kg","1,59 €",DELITUSS
Platos preparados,Preparados refrigerados,Tzaziki Crema Yogur con Pepino 150 Gr,"10,60 € / 1 Kg","1,59 €",DELITUSS
Platos preparados,Preparados refrigerados,Tzaziki Crema Yogur con Pepino 150 Gr,"10,60 € / 1 Kg","1,59 €",DELITUSS
Platos preparados,Preparados refrigerados,Tzaziki Crema Yogur con Pepino 150 Gr,"10,60 € / 1 Kg","1,59 €",DELITUSS
Platos preparados,Preparados refrigerados,Tzaziki Crema Yogur con Pepino 150 Gr,"10,60 € / 1 Kg","1,59 €",DELITUSS
Platos preparados,Preparados refrigerados,Tzaziki Crema Yogur con Pepino 150 Gr,"10,60 € / 1 Kg","1,59 €",DELITUSS
Platos preparados,Preparados refrigerados,Hummus con Berenjena 150 Gr,"13,27 € / 1 Kg","1,99 €",DELITUSS
Platos preparados,Preparados refrigerados,Hummus con Berenjena 150 Gr,"13,27 € / 1 Kg","1,99 €",DELITUSS
Platos preparados,Preparados refrigerados,Hummus con Berenjena 150 Gr,"13,27 € / 1 Kg","1,99 €",DELITUSS
Platos preparados,Preparados refrigerados,Hummus con Berenjena 150 Gr,"13,27 € / 1 Kg","1,99 €",DELITUSS
Platos preparados,Preparados refrigerados,Hummus con Berenjena 150 Gr,"13,27 € / 1 Kg","1,99 €",DELITUSS
Platos preparados,Preparados refrigerados,Hummus con Berenjena 150 Gr,"13,27 € / 1 Kg","1,99 €",DELITUSS
Platos preparados,Preparados refrigerados,Hummus con Berenjena 150 Gr,"13,27 € / 1 Kg","1,99 €",DELITUSS
Platos preparados,Preparados refrigerados,Hummus con Berenjena 150 Gr,"13,27 € / 1 Kg","1,99 €",DELITUSS
Platos preparados,Preparados refrigerados,Hummus con Berenjena 150 Gr,"13,27 € / 1 Kg","1,99 €",DELITUSS
Platos preparados,Preparados refrigerados,Hummus con Berenjena 150 Gr,"13,27 € / 1 Kg","1,99 €",DELITUSS
Platos preparados,Preparados refrigerados,Hummus con Berenjena 150 Gr,"13,27 € / 1 Kg","1,99 €",DELITUSS
Platos preparados,Preparados refrigerados,Hummus con Berenjena 150 Gr,"13,27 € / 1 Kg","1,99 €",DELITUSS
Platos preparados,Preparados refrigerados,Hummus con Berenjena 150 Gr,"13,27 € / 1 Kg","1,99 €",DELITUSS
Platos preparados,Preparados refrigerados,Hummus con Berenjena 150 Gr,"13,27 € / 1 Kg","1,99 €",DELITUSS
Platos preparados,Preparados refrigerados,Hummus con Berenjena 150 Gr,"13,27 € / 1 Kg","1,99 €",DELITUSS
Platos preparados,Preparados refrigerados,Hummus con Berenjena 150 Gr,"13,27 € / 1 Kg","1,99 €",DELITUSS
Platos preparados,Preparados refrigerados,Hummus con Berenjena 150 Gr,"13,27 € / 1 Kg","1,99 €",DELITUSS
Platos preparados,Preparados refrigerados,Hummus con Berenjena 150 Gr,"13,27 € / 1 Kg","1,99 €",DELITUSS
Platos preparados,Preparados refrigerados,Hummus con Berenjena 150 Gr,"13,27 € / 1 Kg","1,99 €",DELITUSS
Platos preparados,Preparados refrigerados,Hummus con Berenjena 150 Gr,"13,27 € / 1 Kg","1,99 €",DELITUSS
Platos preparados,Preparados refrigerados,Pizza Queso de Cabra y Cebolla Asada 360 Gr,"9,03 € / 1 Kg","3,25 €",CAMPOFRÍO
Platos preparados,Preparados refrigerados,Pizza Queso de Cabra y Cebolla Asada 360 Gr,"9,03 € / 1 Kg","3,25 €",CAMPOFRÍO
Platos preparados,Preparados refrigerados,Pizza Queso de Cabra y Cebolla Asada 360 Gr,"9,03 € / 1 Kg","3,25 €",CAMPOFRÍO
Platos preparados,Preparados refrigerados,Pizza Queso de Cabra y Cebolla Asada 360 Gr,"9,03 € / 1 Kg","3,25 €",CAMPOFRÍO
Platos preparados,Preparados refrigerados,Pizza Queso de Cabra y Cebolla Asada 360 Gr,"9,03 € / 1 Kg","3,25 €",CAMPOFRÍO
Platos preparados,Preparados refrigerados,Pizza Queso de Cabra y Cebolla Asada 360 Gr,"9,03 € / 1 Kg","3,25 €",CAMPOFRÍO
Platos preparados,Preparados refrigerados,Pizza Queso de Cabra y Cebolla Asada 360 Gr,"9,03 € / 1 Kg","3,25 €",CAMPOFRÍO
Platos preparados,Preparados refrigerados,Pizza Queso de Cabra y Cebolla Asada 360 Gr,"9,03 € / 1 Kg","3,25 €",CAMPOFRÍO
Platos preparados,Preparados refrigerados,Pizza Queso de Cabra y Cebolla Asada 360 Gr,"9,03 € / 1 Kg","3,25 €",CAMPOFRÍO
Platos preparados,Preparados refrigerados,Pizza Queso de Cabra y Cebolla Asada 360 Gr,"9,03 € / 1 Kg","3,25 €",CAMPOFRÍO
Platos preparados,Preparados refrigerados,Pizza Queso de Cabra y Cebolla Asada 360 Gr,"9,03 € / 1 Kg","3,25 €",CAMPOFRÍO
Platos preparados,Preparados refrigerados,Pizza Queso de Cabra y Cebolla Asada 360 Gr,"9,03 € / 1 Kg","3,25 €",CAMPOFRÍO
Platos preparados,Preparados refrigerados,Pizza Queso de Cabra y Cebolla Asada 360 Gr,"9,03 € / 1 Kg","3,25 €",CAMPOFRÍO
Platos preparados,Preparados refrigerados,Pizza Queso de Cabra y Cebolla Asada 360 Gr,"9,03 € / 1 Kg","3,25 €",CAMPOFRÍO
Platos preparados,Preparados refrigerados,Pizza Queso de Cabra y Cebolla Asada 360 Gr,"9,03 € / 1 Kg","3,25 €",CAMPOFRÍO
Platos preparados,Preparados refrigerados,Pizza Queso de Cabra y Cebolla Asada 360 Gr,"9,03 € / 1 Kg","3,25 €",CAMPOFRÍO
Platos preparados,Preparados refrigerados,Pizza Queso de Cabra y Cebolla Asada 360 Gr,"9,03 € / 1 Kg","3,25 €",CAMPOFRÍO
Platos preparados,Preparados refrigerados,Pizza Queso de Cabra y Cebolla Asada 360 Gr,"9,03 € / 1 Kg","3,25 €",CAMPOFRÍO
Platos preparados,Preparados refrigerados,Pizza Queso de Cabra y Cebolla Asada 360 Gr,"9,03 € / 1 Kg","3,25 €",CAMPOFRÍO
Platos preparados,Preparados refrigerados,Pizza Queso de Cabra y Cebolla Asada 360 Gr,"9,03 € / 1 Kg","3,25 €",CAMPOFRÍO
Platos preparados,Preparados refrigerados,Rabo Estofado con Setas y Zanahoria 350 Gr,"18,83 € / 1 Kg","6,59 €",SELECT CHEF
Platos preparados,Preparados refrigerados,Rabo Estofado con Setas y Zanahoria 350 Gr,"18,83 € / 1 Kg","6,59 €",SELECT CHEF
Platos preparados,Preparados refrigerados,Rabo Estofado con Setas y Zanahoria 350 Gr,"18,83 € / 1 Kg","6,59 €",SELECT CHEF
Platos preparados,Preparados refrigerados,Rabo Estofado con Setas y Zanahoria 350 Gr,"18,83 € / 1 Kg","6,59 €",SELECT CHEF
Platos preparados,Preparados refrigerados,Rabo Estofado con Setas y Zanahoria 350 Gr,"18,83 € / 1 Kg","6,59 €",SELECT CHEF
Platos preparados,Preparados refrigerados,Rabo Estofado con Setas y Zanahoria 350 Gr,"18,83 € / 1 Kg","6,59 €",SELECT CHEF
Platos preparados,Preparados refrigerados,Rabo Estofado con Setas y Zanahoria 350 Gr,"18,83 € / 1 Kg","6,59 €",SELECT CHEF
Platos preparados,Preparados refrigerados,Rabo Estofado con Setas y Zanahoria 350 Gr,"18,83 € / 1 Kg","6,59 €",SELECT CHEF
Platos preparados,Preparados refrigerados,Rabo Estofado con Setas y Zanahoria 350 Gr,"18,83 € / 1 Kg","6,59 €",SELECT CHEF
Platos preparados,Preparados refrigerados,Rabo Estofado con Setas y Zanahoria 350 Gr,"18,83 € / 1 Kg","6,59 €",SELECT CHEF
Platos preparados,Preparados refrigerados,Rabo Estofado con Setas y Zanahoria 350 Gr,"18,83 € / 1 Kg","6,59 €",SELECT CHEF
Platos preparados,Preparados refrigerados,Rabo Estofado con Setas y Zanahoria 350 Gr,"18,83 € / 1 Kg","6,59 €",SELECT CHEF
Platos preparados,Preparados refrigerados,Rabo Estofado con Setas y Zanahoria 350 Gr,"18,83 € / 1 Kg","6,59 €",SELECT CHEF
Platos preparados,Preparados refrigerados,Rabo Estofado con Setas y Zanahoria 350 Gr,"18,83 € / 1 Kg","6,59 €",SELECT CHEF
Platos preparados,Preparados refrigerados,Rabo Estofado con Setas y Zanahoria 350 Gr,"18,83 € / 1 Kg","6,59 €",SELECT CHEF
Platos preparados,Preparados refrigerados,Rabo Estofado con Setas y Zanahoria 350 Gr,"18,83 € / 1 Kg","6,59 €",SELECT CHEF
Platos preparados,Preparados refrigerados,Rabo Estofado con Setas y Zanahoria 350 Gr,"18,83 € / 1 Kg","6,59 €",SELECT CHEF
Platos preparados,Preparados refrigerados,Rabo Estofado con Setas y Zanahoria 350 Gr,"18,83 € / 1 Kg","6,59 €",SELECT CHEF
Platos preparados,Preparados refrigerados,Rabo Estofado con Setas y Zanahoria 350 Gr,"18,83 € / 1 Kg","6,59 €",SELECT CHEF
Platos preparados,Preparados refrigerados,Rabo Estofado con Setas y Zanahoria 350 Gr,"18,83 € / 1 Kg","6,59 €",SELECT CHEF
Platos preparados,Preparados refrigerados,Hummus Mexican 200 Gr,"7,45 € / 1 Kg","1,49 €",CONSUM
Platos preparados,Preparados refrigerados,Hummus Mexican 200 Gr,"7,45 € / 1 Kg","1,49 €",CONSUM
Platos preparados,Preparados refrigerados,Hummus Mexican 200 Gr,"7,45 € / 1 Kg","1,49 €",CONSUM
Platos preparados,Preparados refrigerados,Hummus Mexican 200 Gr,"7,45 € / 1 Kg","1,49 €",CONSUM
Platos preparados,Preparados refrigerados,Hummus Mexican 200 Gr,"7,45 € / 1 Kg","1,49 €",CONSUM
Platos preparados,Preparados refrigerados,Hummus Mexican 200 Gr,"7,45 € / 1 Kg","1,49 €",CONSUM
Platos preparados,Preparados refrigerados,Hummus Mexican 200 Gr,"7,45 € / 1 Kg","1,49 €",CONSUM
Platos preparados,Preparados refrigerados,Hummus Mexican 200 Gr,"7,45 € / 1 Kg","1,49 €",CONSUM
Platos preparados,Preparados refrigerados,Hummus Mexican 200 Gr,"7,45 € / 1 Kg","1,49 €",CONSUM
Platos preparados,Preparados refrigerados,Hummus Mexican 200 Gr,"7,45 € / 1 Kg","1,49 €",CONSUM
Platos preparados,Preparados refrigerados,Hummus Mexican 200 Gr,"7,45 € / 1 Kg","1,49 €",CONSUM
Platos preparados,Preparados refrigerados,Hummus Mexican 200 Gr,"7,45 € / 1 Kg","1,49 €",CONSUM
Platos preparados,Preparados refrigerados,Hummus Mexican 200 Gr,"7,45 € / 1 Kg","1,49 €",CONSUM
Platos preparados,Preparados refrigerados,Hummus Mexican 200 Gr,"7,45 € / 1 Kg","1,49 €",CONSUM
Platos preparados,Preparados refrigerados,Hummus Mexican 200 Gr,"7,45 € / 1 Kg","1,49 €",CONSUM
Platos preparados,Preparados refrigerados,Hummus Mexican 200 Gr,"7,45 € / 1 Kg","1,49 €",CONSUM
Platos preparados,Preparados refrigerados,Hummus Mexican 200 Gr,"7,45 € / 1 Kg","1,49 €",CONSUM
Platos preparados,Preparados refrigerados,Hummus Mexican 200 Gr,"7,45 € / 1 Kg","1,49 €",CONSUM
Platos preparados,Preparados refrigerados,Hummus Mexican 200 Gr,"7,45 € / 1 Kg","1,49 €",CONSUM
Platos preparados,Preparados refrigerados,Hummus Mexican 200 Gr,"7,45 € / 1 Kg","1,49 €",CONSUM
Platos preparados,Preparados en conserva,Cocido Madrileño Bote 440 Gr,"5,53 € / 1 Kg","2,75 €
2,35 €",LITORAL
Platos preparados,Preparados en conserva,Cocido Madrileño Bote 440 Gr,"5,53 € / 1 Kg","2,75 €
2,35 €",LITORAL
Platos preparados,Preparados en conserva,Cocido Madrileño Bote 440 Gr,"5,53 € / 1 Kg","2,75 €
2,35 €",LITORAL
Platos preparados,Preparados en conserva,Cocido Madrileño Bote 440 Gr,"5,53 € / 1 Kg","2,75 €
2,35 €",LITORAL
Platos preparados,Preparados en conserva,Cocido Madrileño Bote 440 Gr,"5,53 € / 1 Kg","2,75 €
2,35 €",LITORAL
Platos preparados,Preparados en conserva,Cocido Madrileño Bote 440 Gr,"5,53 € / 1 Kg","2,75 €
2,35 €",LITORAL
Platos preparados,Preparados en conserva,Cocido Madrileño Bote 440 Gr,"5,53 € / 1 Kg","2,75 €
2,35 €",LITORAL
Platos preparados,Preparados en conserva,Cocido Madrileño Bote 440 Gr,"5,53 € / 1 Kg","2,75 €
2,35 €",LITORAL
Platos preparados,Preparados en conserva,Cocido Madrileño Bote 440 Gr,"5,53 € / 1 Kg","2,75 €
2,35 €",LITORAL
Platos preparados,Preparados en conserva,Cocido Madrileño Bote 440 Gr,"5,53 € / 1 Kg","2,75 €
2,35 €",LITORAL
Platos preparados,Preparados en conserva,Cocido Madrileño Bote 440 Gr,"5,53 € / 1 Kg","2,75 €
2,35 €",LITORAL
Platos preparados,Preparados en conserva,Cocido Madrileño Bote 440 Gr,"5,53 € / 1 Kg","2,75 €
2,35 €",LITORAL
Platos preparados,Preparados en conserva,Cocido Madrileño Bote 440 Gr,"5,53 € / 1 Kg","2,75 €
2,35 €",LITORAL
Platos preparados,Preparados en conserva,Cocido Madrileño Bote 440 Gr,"5,53 € / 1 Kg","2,75 €
2,35 €",LITORAL
Platos preparados,Preparados en conserva,Cocido Madrileño Bote 440 Gr,"5,53 € / 1 Kg","2,75 €
2,35 €",LITORAL
Platos preparados,Preparados en conserva,Cocido Madrileño Bote 440 Gr,"5,53 € / 1 Kg","2,75 €
2,35 €",LITORAL
Platos preparados,Preparados en conserva,Cocido Madrileño Bote 440 Gr,"5,53 € / 1 Kg","2,75 €
2,35 €",LITORAL
Platos preparados,Preparados en conserva,Cocido Madrileño Bote 440 Gr,"5,53 € / 1 Kg","2,75 €
2,35 €",LITORAL
Platos preparados,Preparados en conserva,Cocido Madrileño Bote 440 Gr,"5,53 € / 1 Kg","2,75 €
2,35 €",LITORAL
Platos preparados,Preparados en conserva,Cocido Madrileño Bote 440 Gr,"5,53 € / 1 Kg","2,75 €
2,35 €",LITORAL
Platos preparados,Preparados en conserva,Sopinstant Espárragos Caja 54 Gr,"25,44 € / 1 Kg","1,45 €",G.BLANCA
Platos preparados,Preparados en conserva,Sopinstant Espárragos Caja 54 Gr,"25,44 € / 1 Kg","1,45 €",G.BLANCA
Platos preparados,Preparados en conserva,Sopinstant Espárragos Caja 54 Gr,"25,44 € / 1 Kg","1,45 €",G.BLANCA
Platos preparados,Preparados en conserva,Sopinstant Espárragos Caja 54 Gr,"25,44 € / 1 Kg","1,45 €",G.BLANCA
Platos preparados,Preparados en conserva,Sopinstant Espárragos Caja 54 Gr,"25,44 € / 1 Kg","1,45 €",G.BLANCA
Platos preparados,Preparados en conserva,Sopinstant Espárragos Caja 54 Gr,"25,44 € / 1 Kg","1,45 €",G.BLANCA
Platos preparados,Preparados en conserva,Sopinstant Espárragos Caja 54 Gr,"25,44 € / 1 Kg","1,45 €",G.BLANCA
Platos preparados,Preparados en conserva,Sopinstant Espárragos Caja 54 Gr,"25,44 € / 1 Kg","1,45 €",G.BLANCA
Platos preparados,Preparados en conserva,Sopinstant Espárragos Caja 54 Gr,"25,44 € / 1 Kg","1,45 €",G.BLANCA
Platos preparados,Preparados en conserva,Sopinstant Espárragos Caja 54 Gr,"25,44 € / 1 Kg","1,45 €",G.BLANCA
Platos preparados,Preparados en conserva,Sopinstant Espárragos Caja 54 Gr,"25,44 € / 1 Kg","1,45 €",G.BLANCA
Platos preparados,Preparados en conserva,Sopinstant Espárragos Caja 54 Gr,"25,44 € / 1 Kg","1,45 €",G.BLANCA
Platos preparados,Preparados en conserva,Sopinstant Espárragos Caja 54 Gr,"25,44 € / 1 Kg","1,45 €",G.BLANCA
Platos preparados,Preparados en conserva,Sopinstant Espárragos Caja 54 Gr,"25,44 € / 1 Kg","1,45 €",G.BLANCA
Platos preparados,Preparados en conserva,Sopinstant Espárragos Caja 54 Gr,"25,44 € / 1 Kg","1,45 €",G.BLANCA
Platos preparados,Preparados en conserva,Sopinstant Espárragos Caja 54 Gr,"25,44 € / 1 Kg","1,45 €",G.BLANCA
Platos preparados,Preparados en conserva,Sopinstant Espárragos Caja 54 Gr,"25,44 € / 1 Kg","1,45 €",G.BLANCA
Platos preparados,Preparados en conserva,Sopinstant Espárragos Caja 54 Gr,"25,44 € / 1 Kg","1,45 €",G.BLANCA
Platos preparados,Preparados en conserva,Sopinstant Espárragos Caja 54 Gr,"25,44 € / 1 Kg","1,45 €",G.BLANCA
Platos preparados,Preparados en conserva,Sopinstant Espárragos Caja 54 Gr,"25,44 € / 1 Kg","1,45 €",G.BLANCA
Platos preparados,Preparados en conserva,Albóndigas con Guisantes Bote 425 Gr,"5,15 € / 1 Kg","2,19 €",COREN
Platos preparados,Preparados en conserva,Albóndigas con Guisantes Bote 425 Gr,"5,15 € / 1 Kg","2,19 €",COREN
Platos preparados,Preparados en conserva,Albóndigas con Guisantes Bote 425 Gr,"5,15 € / 1 Kg","2,19 €",COREN
Platos preparados,Preparados en conserva,Albóndigas con Guisantes Bote 425 Gr,"5,15 € / 1 Kg","2,19 €",COREN
Platos preparados,Preparados en conserva,Albóndigas con Guisantes Bote 425 Gr,"5,15 € / 1 Kg","2,19 €",COREN
Platos preparados,Preparados en conserva,Albóndigas con Guisantes Bote 425 Gr,"5,15 € / 1 Kg","2,19 €",COREN
Platos preparados,Preparados en conserva,Albóndigas con Guisantes Bote 425 Gr,"5,15 € / 1 Kg","2,19 €",COREN
Platos preparados,Preparados en conserva,Albóndigas con Guisantes Bote 425 Gr,"5,15 € / 1 Kg","2,19 €",COREN
Platos preparados,Preparados en conserva,Albóndigas con Guisantes Bote 425 Gr,"5,15 € / 1 Kg","2,19 €",COREN
Platos preparados,Preparados en conserva,Albóndigas con Guisantes Bote 425 Gr,"5,15 € / 1 Kg","2,19 €",COREN
Platos preparados,Preparados en conserva,Albóndigas con Guisantes Bote 425 Gr,"5,15 € / 1 Kg","2,19 €",COREN
Platos preparados,Preparados en conserva,Albóndigas con Guisantes Bote 425 Gr,"5,15 € / 1 Kg","2,19 €",COREN
Platos preparados,Preparados en conserva,Albóndigas con Guisantes Bote 425 Gr,"5,15 € / 1 Kg","2,19 €",COREN
Platos preparados,Preparados en conserva,Albóndigas con Guisantes Bote 425 Gr,"5,15 € / 1 Kg","2,19 €",COREN
Platos preparados,Preparados en conserva,Albóndigas con Guisantes Bote 425 Gr,"5,15 € / 1 Kg","2,19 €",COREN
Platos preparados,Preparados en conserva,Albóndigas con Guisantes Bote 425 Gr,"5,15 € / 1 Kg","2,19 €",COREN
Platos preparados,Preparados en conserva,Albóndigas con Guisantes Bote 425 Gr,"5,15 € / 1 Kg","2,19 €",COREN
Platos preparados,Preparados en conserva,Albóndigas con Guisantes Bote 425 Gr,"5,15 € / 1 Kg","2,19 €",COREN
Platos preparados,Preparados en conserva,Albóndigas con Guisantes Bote 425 Gr,"5,15 € / 1 Kg","2,19 €",COREN
Platos preparados,Preparados en conserva,Albóndigas con Guisantes Bote 425 Gr,"5,15 € / 1 Kg","2,19 €",COREN
Platos preparados,Preparados en conserva,Yakisoba Bag Classic Yatekomo 93 Gr,"16,02 € / 1 Kg","1,49 €",G.BLANCA
Platos preparados,Preparados en conserva,Yakisoba Bag Classic Yatekomo 93 Gr,"16,02 € / 1 Kg","1,49 €",G.BLANCA
Platos preparados,Preparados en conserva,Yakisoba Bag Classic Yatekomo 93 Gr,"16,02 € / 1 Kg","1,49 €",G.BLANCA
Platos preparados,Preparados en conserva,Yakisoba Bag Classic Yatekomo 93 Gr,"16,02 € / 1 Kg","1,49 €",G.BLANCA
Platos preparados,Preparados en conserva,Yakisoba Bag Classic Yatekomo 93 Gr,"16,02 € / 1 Kg","1,49 €",G.BLANCA
Platos preparados,Preparados en conserva,Yakisoba Bag Classic Yatekomo 93 Gr,"16,02 € / 1 Kg","1,49 €",G.BLANCA
Platos preparados,Preparados en conserva,Yakisoba Bag Classic Yatekomo 93 Gr,"16,02 € / 1 Kg","1,49 €",G.BLANCA
Platos preparados,Preparados en conserva,Yakisoba Bag Classic Yatekomo 93 Gr,"16,02 € / 1 Kg","1,49 €",G.BLANCA
Platos preparados,Preparados en conserva,Yakisoba Bag Classic Yatekomo 93 Gr,"16,02 € / 1 Kg","1,49 €",G.BLANCA
Platos preparados,Preparados en conserva,Yakisoba Bag Classic Yatekomo 93 Gr,"16,02 € / 1 Kg","1,49 €",G.BLANCA
Platos preparados,Preparados en conserva,Yakisoba Bag Classic Yatekomo 93 Gr,"16,02 € / 1 Kg","1,49 €",G.BLANCA
Platos preparados,Preparados en conserva,Yakisoba Bag Classic Yatekomo 93 Gr,"16,02 € / 1 Kg","1,49 €",G.BLANCA
Platos preparados,Preparados en conserva,Yakisoba Bag Classic Yatekomo 93 Gr,"16,02 € / 1 Kg","1,49 €",G.BLANCA
Platos preparados,Preparados en conserva,Yakisoba Bag Classic Yatekomo 93 Gr,"16,02 € / 1 Kg","1,49 €",G.BLANCA
Platos preparados,Preparados en conserva,Yakisoba Bag Classic Yatekomo 93 Gr,"16,02 € / 1 Kg","1,49 €",G.BLANCA
Platos preparados,Preparados en conserva,Yakisoba Bag Classic Yatekomo 93 Gr,"16,02 € / 1 Kg","1,49 €",G.BLANCA
Platos preparados,Preparados en conserva,Yakisoba Bag Classic Yatekomo 93 Gr,"16,02 € / 1 Kg","1,49 €",G.BLANCA
Platos preparados,Preparados en conserva,Yakisoba Bag Classic Yatekomo 93 Gr,"16,02 € / 1 Kg","1,49 €",G.BLANCA
Platos preparados,Preparados en conserva,Yakisoba Bag Classic Yatekomo 93 Gr,"16,02 € / 1 Kg","1,49 €",G.BLANCA
Platos preparados,Preparados en conserva,Yakisoba Bag Classic Yatekomo 93 Gr,"16,02 € / 1 Kg","1,49 €",G.BLANCA
Platos preparados,Preparados en conserva,Manitas de Cerdo en Salsa 390 Gr,"10,90 € / 1 Kg","4,25 €",POLGRI
Platos preparados,Preparados en conserva,Manitas de Cerdo en Salsa 390 Gr,"10,90 € / 1 Kg","4,25 €",POLGRI
Platos preparados,Preparados en conserva,Manitas de Cerdo en Salsa 390 Gr,"10,90 € / 1 Kg","4,25 €",POLGRI
Platos preparados,Preparados en conserva,Manitas de Cerdo en Salsa 390 Gr,"10,90 € / 1 Kg","4,25 €",POLGRI
Platos preparados,Preparados en conserva,Manitas de Cerdo en Salsa 390 Gr,"10,90 € / 1 Kg","4,25 €",POLGRI
Platos preparados,Preparados en conserva,Manitas de Cerdo en Salsa 390 Gr,"10,90 € / 1 Kg","4,25 €",POLGRI
Platos preparados,Preparados en conserva,Manitas de Cerdo en Salsa 390 Gr,"10,90 € / 1 Kg","4,25 €",POLGRI
Platos preparados,Preparados en conserva,Manitas de Cerdo en Salsa 390 Gr,"10,90 € / 1 Kg","4,25 €",POLGRI
Platos preparados,Preparados en conserva,Manitas de Cerdo en Salsa 390 Gr,"10,90 € / 1 Kg","4,25 €",POLGRI
Platos preparados,Preparados en conserva,Manitas de Cerdo en Salsa 390 Gr,"10,90 € / 1 Kg","4,25 €",POLGRI
Platos preparados,Preparados en conserva,Manitas de Cerdo en Salsa 390 Gr,"10,90 € / 1 Kg","4,25 €",POLGRI
Platos preparados,Preparados en conserva,Manitas de Cerdo en Salsa 390 Gr,"10,90 € / 1 Kg","4,25 €",POLGRI
Platos preparados,Preparados en conserva,Manitas de Cerdo en Salsa 390 Gr,"10,90 € / 1 Kg","4,25 €",POLGRI
Congelados y helados,Carnes,Yemas de Gallina 250 Gr - Pamies / Nutrave congeladas,"8,68 € / 1 Kg","2,17 €",
Congelados y helados,Carnes,Yemas de Gallina 250 Gr - Pamies / Nutrave congeladas,"8,68 € / 1 Kg","2,17 €",
Congelados y helados,Carnes,Yemas de Gallina 250 Gr - Pamies / Nutrave congeladas,"8,68 € / 1 Kg","2,17 €",
Congelados y helados,Carnes,Yemas de Gallina 250 Gr - Pamies / Nutrave congeladas,"8,68 € / 1 Kg","2,17 €",
Congelados y helados,Pescados y mariscos,Corazones de Merluza sin Piel congelados 500 Gr,"12,50 € / 1 Kg","6,95 €
6,25 €",PESCANOVA
Congelados y helados,Pescados y mariscos,Corazones de Merluza sin Piel congelados 500 Gr,"12,50 € / 1 Kg","6,95 €
6,25 €",PESCANOVA
Congelados y helados,Pescados y mariscos,Corazones de Merluza sin Piel congelados 500 Gr,"12,50 € / 1 Kg","6,95 €
6,25 €",PESCANOVA
Congelados y helados,Pescados y mariscos,Corazones de Merluza sin Piel congelados 500 Gr,"12,50 € / 1 Kg","6,95 €
6,25 €",PESCANOVA
Congelados y helados,Pescados y mariscos,Corazones de Merluza sin Piel congelados 500 Gr,"12,50 € / 1 Kg","6,95 €
6,25 €",PESCANOVA
Congelados y helados,Pescados y mariscos,Corazones de Merluza sin Piel congelados 500 Gr,"12,50 € / 1 Kg","6,95 €
6,25 €",PESCANOVA
Congelados y helados,Pescados y mariscos,Corazones de Merluza sin Piel congelados 500 Gr,"12,50 € / 1 Kg","6,95 €
6,25 €",PESCANOVA
Congelados y helados,Pescados y mariscos,Corazones de Merluza sin Piel congelados 500 Gr,"12,50 € / 1 Kg","6,95 €
6,25 €",PESCANOVA
Congelados y helados,Pescados y mariscos,Corazones de Merluza sin Piel congelados 500 Gr,"12,50 € / 1 Kg","6,95 €
6,25 €",PESCANOVA
Congelados y helados,Pescados y mariscos,Corazones de Merluza sin Piel congelados 500 Gr,"12,50 € / 1 Kg","6,95 €
6,25 €",PESCANOVA
Congelados y helados,Pescados y mariscos,Corazones de Merluza sin Piel congelados 500 Gr,"12,50 € / 1 Kg","6,95 €
6,25 €",PESCANOVA
Congelados y helados,Pescados y mariscos,Corazones de Merluza sin Piel congelados 500 Gr,"12,50 € / 1 Kg","6,95 €
6,25 €",PESCANOVA
Congelados y helados,Pescados y mariscos,Corazones de Merluza sin Piel congelados 500 Gr,"12,50 € / 1 Kg","6,95 €
6,25 €",PESCANOVA
Congelados y helados,Pescados y mariscos,Corazones de Merluza sin Piel congelados 500 Gr,"12,50 € / 1 Kg","6,95 €
6,25 €",PESCANOVA
Congelados y helados,Pescados y mariscos,Corazones de Merluza sin Piel congelados 500 Gr,"12,50 € / 1 Kg","6,95 €
6,25 €",PESCANOVA
Congelados y helados,Pescados y mariscos,Corazones de Merluza sin Piel congelados 500 Gr,"12,50 € / 1 Kg","6,95 €
6,25 €",PESCANOVA
Congelados y helados,Pescados y mariscos,Corazones de Merluza sin Piel congelados 500 Gr,"12,50 € / 1 Kg","6,95 €
6,25 €",PESCANOVA
Congelados y helados,Pescados y mariscos,Corazones de Merluza sin Piel congelados 500 Gr,"12,50 € / 1 Kg","6,95 €
6,25 €",PESCANOVA
Congelados y helados,Pescados y mariscos,Corazones de Merluza sin Piel congelados 500 Gr,"12,50 € / 1 Kg","6,95 €
6,25 €",PESCANOVA
Congelados y helados,Pescados y mariscos,Corazones de Merluza sin Piel congelados 500 Gr,"12,50 € / 1 Kg","6,95 €
6,25 €",PESCANOVA
Congelados y helados,Pescados y mariscos,Gamba Arrocera - Congelado,"14,95 € / 1 Kg","14,95 €",
Congelados y helados,Pescados y mariscos,Gamba Arrocera - Congelado,"14,95 € / 1 Kg","14,95 €",
Congelados y helados,Pescados y mariscos,Gamba Arrocera - Congelado,"14,95 € / 1 Kg","14,95 €",
Congelados y helados,Pescados y mariscos,Gamba Arrocera - Congelado,"14,95 € / 1 Kg","14,95 €",
Congelados y helados,Pescados y mariscos,Gamba Arrocera - Congelado,"14,95 € / 1 Kg","14,95 €",
Congelados y helados,Pescados y mariscos,Gamba Arrocera - Congelado,"14,95 € / 1 Kg","14,95 €",
Congelados y helados,Pescados y mariscos,Gamba Arrocera - Congelado,"14,95 € / 1 Kg","14,95 €",
Congelados y helados,Pescados y mariscos,Gamba Arrocera - Congelado,"14,95 € / 1 Kg","14,95 €",
Congelados y helados,Pescados y mariscos,Gamba Arrocera - Congelado,"14,95 € / 1 Kg","14,95 €",
Congelados y helados,Pescados y mariscos,Gamba Arrocera - Congelado,"14,95 € / 1 Kg","14,95 €",
Congelados y helados,Pescados y mariscos,Gamba Arrocera - Congelado,"14,95 € / 1 Kg","14,95 €",
Congelados y helados,Pescados y mariscos,Gamba Arrocera - Congelado,"14,95 € / 1 Kg","14,95 €",
Congelados y helados,Pescados y mariscos,Gamba Arrocera - Congelado,"14,95 € / 1 Kg","14,95 €",
Congelados y helados,Pescados y mariscos,Gamba Arrocera - Congelado,"14,95 € / 1 Kg","14,95 €",
Congelados y helados,Pescados y mariscos,Gamba Arrocera - Congelado,"14,95 € / 1 Kg","14,95 €",
Congelados y helados,Pescados y mariscos,Gamba Arrocera - Congelado,"14,95 € / 1 Kg","14,95 €",
Congelados y helados,Pescados y mariscos,Gamba Arrocera - Congelado,"14,95 € / 1 Kg","14,95 €",
Congelados y helados,Pescados y mariscos,Gamba Arrocera - Congelado,"14,95 € / 1 Kg","14,95 €",
Congelados y helados,Pescados y mariscos,Gamba Arrocera - Congelado,"14,95 € / 1 Kg","14,95 €",
Congelados y helados,Pescados y mariscos,Gamba Arrocera - Congelado,"14,95 € / 1 Kg","14,95 €",
Congelados y helados,Pescados y mariscos,Rodaja Rejo Potón Cocid 475 Gr,"12,74 € / 1 Kg","6,05 €",
Congelados y helados,Pescados y mariscos,Rodaja Rejo Potón Cocid 475 Gr,"12,74 € / 1 Kg","6,05 €",
Congelados y helados,Pescados y mariscos,Rodaja Rejo Potón Cocid 475 Gr,"12,74 € / 1 Kg","6,05 €",
Congelados y helados,Pescados y mariscos,Rodaja Rejo Potón Cocid 475 Gr,"12,74 € / 1 Kg","6,05 €",
Congelados y helados,Pescados y mariscos,Rodaja Rejo Potón Cocid 475 Gr,"12,74 € / 1 Kg","6,05 €",
Congelados y helados,Pescados y mariscos,Rodaja Rejo Potón Cocid 475 Gr,"12,74 € / 1 Kg","6,05 €",
Congelados y helados,Pescados y mariscos,Rodaja Rejo Potón Cocid 475 Gr,"12,74 € / 1 Kg","6,05 €",
Congelados y helados,Pescados y mariscos,Rodaja Rejo Potón Cocid 475 Gr,"12,74 € / 1 Kg","6,05 €",
Congelados y helados,Pescados y mariscos,Rodaja Rejo Potón Cocid 475 Gr,"12,74 € / 1 Kg","6,05 €",
Congelados y helados,Pescados y mariscos,Rodaja Rejo Potón Cocid 475 Gr,"12,74 € / 1 Kg","6,05 €",
Congelados y helados,Pescados y mariscos,Rodaja Rejo Potón Cocid 475 Gr,"12,74 € / 1 Kg","6,05 €",
Congelados y helados,Pescados y mariscos,Rodaja Rejo Potón Cocid 475 Gr,"12,74 € / 1 Kg","6,05 €",
Congelados y helados,Pescados y mariscos,Rodaja Rejo Potón Cocid 475 Gr,"12,74 € / 1 Kg","6,05 €",
Congelados y helados,Pescados y mariscos,Rodaja Rejo Potón Cocid 475 Gr,"12,74 € / 1 Kg","6,05 €",
Congelados y helados,Pescados y mariscos,Rodaja Rejo Potón Cocid 475 Gr,"12,74 € / 1 Kg","6,05 €",
Congelados y helados,Pescados y mariscos,Rodaja Rejo Potón Cocid 475 Gr,"12,74 € / 1 Kg","6,05 €",
Congelados y helados,Pescados y mariscos,Rodaja Rejo Potón Cocid 475 Gr,"12,74 € / 1 Kg","6,05 €",
Congelados y helados,Pescados y mariscos,Rodaja Rejo Potón Cocid 475 Gr,"12,74 € / 1 Kg","6,05 €",
Congelados y helados,Pescados y mariscos,Rodaja Rejo Potón Cocid 475 Gr,"12,74 € / 1 Kg","6,05 €",
Congelados y helados,Pescados y mariscos,Rodaja Rejo Potón Cocid 475 Gr,"12,74 € / 1 Kg","6,05 €",
Congelados y helados,Pescados y mariscos,Langostino Crudo Congelado 500 Gr,"15,98 € / 1 Kg","7,99 €",PESCANOVA
Congelados y helados,Pescados y mariscos,Langostino Crudo Congelado 500 Gr,"15,98 € / 1 Kg","7,99 €",PESCANOVA
Congelados y helados,Pescados y mariscos,Langostino Crudo Congelado 500 Gr,"15,98 € / 1 Kg","7,99 €",PESCANOVA
Congelados y helados,Pescados y mariscos,Langostino Crudo Congelado 500 Gr,"15,98 € / 1 Kg","7,99 €",PESCANOVA
Congelados y helados,Pescados y mariscos,Langostino Crudo Congelado 500 Gr,"15,98 € / 1 Kg","7,99 €",PESCANOVA
Congelados y helados,Pescados y mariscos,Langostino Crudo Congelado 500 Gr,"15,98 € / 1 Kg","7,99 €",PESCANOVA
Congelados y helados,Pescados y mariscos,Langostino Crudo Congelado 500 Gr,"15,98 € / 1 Kg","7,99 €",PESCANOVA
Congelados y helados,Pescados y mariscos,Langostino Crudo Congelado 500 Gr,"15,98 € / 1 Kg","7,99 €",PESCANOVA
Congelados y helados,Platos preparados,Cocido Madrileño Bote 440 Gr,"5,53 € / 1 Kg","2,75 €
2,35 €",LITORAL
Congelados y helados,Platos preparados,Cocido Madrileño Bote 440 Gr,"5,53 € / 1 Kg","2,75 €
2,35 €",LITORAL
Congelados y helados,Platos preparados,Cocido Madrileño Bote 440 Gr,"5,53 € / 1 Kg","2,75 €
2,35 €",LITORAL
Congelados y helados,Platos preparados,Cocido Madrileño Bote 440 Gr,"5,53 € / 1 Kg","2,75 €
2,35 €",LITORAL
Congelados y helados,Platos preparados,Cocido Madrileño Bote 440 Gr,"5,53 € / 1 Kg","2,75 €
2,35 €",LITORAL
Congelados y helados,Platos preparados,Cocido Madrileño Bote 440 Gr,"5,53 € / 1 Kg","2,75 €
2,35 €",LITORAL
Congelados y helados,Platos preparados,Cocido Madrileño Bote 440 Gr,"5,53 € / 1 Kg","2,75 €
2,35 €",LITORAL
Congelados y helados,Platos preparados,Cocido Madrileño Bote 440 Gr,"5,53 € / 1 Kg","2,75 €
2,35 €",LITORAL
Congelados y helados,Platos preparados,Cocido Madrileño Bote 440 Gr,"5,53 € / 1 Kg","2,75 €
2,35 €",LITORAL
Congelados y helados,Platos preparados,Cocido Madrileño Bote 440 Gr,"5,53 € / 1 Kg","2,75 €
2,35 €",LITORAL
Congelados y helados,Platos preparados,Cocido Madrileño Bote 440 Gr,"5,53 € / 1 Kg","2,75 €
2,35 €",LITORAL
Congelados y helados,Platos preparados,Cocido Madrileño Bote 440 Gr,"5,53 € / 1 Kg","2,75 €
2,35 €",LITORAL
Congelados y helados,Platos preparados,Cocido Madrileño Bote 440 Gr,"5,53 € / 1 Kg","2,75 €
2,35 €",LITORAL
Congelados y helados,Platos preparados,Cocido Madrileño Bote 440 Gr,"5,53 € / 1 Kg","2,75 €
2,35 €",LITORAL
Congelados y helados,Platos preparados,Cocido Madrileño Bote 440 Gr,"5,53 € / 1 Kg","2,75 €
2,35 €",LITORAL
Congelados y helados,Platos preparados,Cocido Madrileño Bote 440 Gr,"5,53 € / 1 Kg","2,75 €
2,35 €",LITORAL
Congelados y helados,Platos preparados,Cocido Madrileño Bote 440 Gr,"5,53 € / 1 Kg","2,75 €
2,35 €",LITORAL
Congelados y helados,Platos preparados,Cocido Madrileño Bote 440 Gr,"5,53 € / 1 Kg","2,75 €
2,35 €",LITORAL
Congelados y helados,Platos preparados,Cocido Madrileño Bote 440 Gr,"5,53 € / 1 Kg","2,75 €
2,35 €",LITORAL
Congelados y helados,Platos preparados,Cocido Madrileño Bote 440 Gr,"5,53 € / 1 Kg","2,75 €
2,35 €",LITORAL
Congelados y helados,Platos preparados,Kit Tagliatelle Carbonara 408 Gr,"12,23 € / 1 Kg","4,99 €",RANA
Congelados y helados,Platos preparados,Kit Tagliatelle Carbonara 408 Gr,"12,23 € / 1 Kg","4,99 €",RANA
Congelados y helados,Platos preparados,Kit Tagliatelle Carbonara 408 Gr,"12,23 € / 1 Kg","4,99 €",RANA
Congelados y helados,Platos preparados,Kit Tagliatelle Carbonara 408 Gr,"12,23 € / 1 Kg","4,99 €",RANA
Congelados y helados,Platos preparados,Kit Tagliatelle Carbonara 408 Gr,"12,23 € / 1 Kg","4,99 €",RANA
Congelados y helados,Platos preparados,Kit Tagliatelle Carbonara 408 Gr,"12,23 € / 1 Kg","4,99 €",RANA
Congelados y helados,Platos preparados,Kit Tagliatelle Carbonara 408 Gr,"12,23 € / 1 Kg","4,99 €",RANA
Congelados y helados,Platos preparados,Kit Tagliatelle Carbonara 408 Gr,"12,23 € / 1 Kg","4,99 €",RANA
Congelados y helados,Platos preparados,Kit Tagliatelle Carbonara 408 Gr,"12,23 € / 1 Kg","4,99 €",RANA
Congelados y helados,Platos preparados,Kit Tagliatelle Carbonara 408 Gr,"12,23 € / 1 Kg","4,99 €",RANA
Congelados y helados,Platos preparados,Kit Tagliatelle Carbonara 408 Gr,"12,23 € / 1 Kg","4,99 €",RANA
Congelados y helados,Platos preparados,Kit Tagliatelle Carbonara 408 Gr,"12,23 € / 1 Kg","4,99 €",RANA
Congelados y helados,Platos preparados,Kit Tagliatelle Carbonara 408 Gr,"12,23 € / 1 Kg","4,99 €",RANA
Congelados y helados,Platos preparados,Kit Tagliatelle Carbonara 408 Gr,"12,23 € / 1 Kg","4,99 €",RANA
Congelados y helados,Platos preparados,Kit Tagliatelle Carbonara 408 Gr,"12,23 € / 1 Kg","4,99 €",RANA
Congelados y helados,Platos preparados,Kit Tagliatelle Carbonara 408 Gr,"12,23 € / 1 Kg","4,99 €",RANA
Congelados y helados,Platos preparados,Kit Tagliatelle Carbonara 408 Gr,"12,23 € / 1 Kg","4,99 €",RANA
Congelados y helados,Platos preparados,Kit Tagliatelle Carbonara 408 Gr,"12,23 € / 1 Kg","4,99 €",RANA
Congelados y helados,Platos preparados,Kit Tagliatelle Carbonara 408 Gr,"12,23 € / 1 Kg","4,99 €",RANA
Congelados y helados,Platos preparados,Kit Tagliatelle Carbonara 408 Gr,"12,23 € / 1 Kg","4,99 €",RANA
Congelados y helados,Platos preparados,Veggie Balls 200 Gr,"14,75 € / 1 Kg","3,29 €
2,95 €",GARDEN GOURM
Congelados y helados,Platos preparados,Veggie Balls 200 Gr,"14,75 € / 1 Kg","3,29 €
2,95 €",GARDEN GOURM
Congelados y helados,Platos preparados,Veggie Balls 200 Gr,"14,75 € / 1 Kg","3,29 €
2,95 €",GARDEN GOURM
Congelados y helados,Platos preparados,Veggie Balls 200 Gr,"14,75 € / 1 Kg","3,29 €
2,95 €",GARDEN GOURM
Congelados y helados,Platos preparados,Veggie Balls 200 Gr,"14,75 € / 1 Kg","3,29 €
2,95 €",GARDEN GOURM
Congelados y helados,Platos preparados,Veggie Balls 200 Gr,"14,75 € / 1 Kg","3,29 €
2,95 €",GARDEN GOURM
Congelados y helados,Platos preparados,Veggie Balls 200 Gr,"14,75 € / 1 Kg","3,29 €
2,95 €",GARDEN GOURM
Congelados y helados,Platos preparados,Veggie Balls 200 Gr,"14,75 € / 1 Kg","3,29 €
2,95 €",GARDEN GOURM
Congelados y helados,Platos preparados,Veggie Balls 200 Gr,"14,75 € / 1 Kg","3,29 €
2,95 €",GARDEN GOURM
Congelados y helados,Platos preparados,Veggie Balls 200 Gr,"14,75 € / 1 Kg","3,29 €
2,95 €",GARDEN GOURM
Congelados y helados,Platos preparados,Veggie Balls 200 Gr,"14,75 € / 1 Kg","3,29 €
2,95 €",GARDEN GOURM
Congelados y helados,Platos preparados,Veggie Balls 200 Gr,"14,75 € / 1 Kg","3,29 €
2,95 €",GARDEN GOURM
Congelados y helados,Platos preparados,Veggie Balls 200 Gr,"14,75 € / 1 Kg","3,29 €
2,95 €",GARDEN GOURM
Congelados y helados,Platos preparados,Veggie Balls 200 Gr,"14,75 € / 1 Kg","3,29 €
2,95 €",GARDEN GOURM
Congelados y helados,Platos preparados,Veggie Balls 200 Gr,"14,75 € / 1 Kg","3,29 €
2,95 €",GARDEN GOURM
Congelados y helados,Platos preparados,Veggie Balls 200 Gr,"14,75 € / 1 Kg","3,29 €
2,95 €",GARDEN GOURM
Congelados y helados,Platos preparados,Veggie Balls 200 Gr,"14,75 € / 1 Kg","3,29 €
2,95 €",GARDEN GOURM
Congelados y helados,Platos preparados,Veggie Balls 200 Gr,"14,75 € / 1 Kg","3,29 €
2,95 €",GARDEN GOURM
Congelados y helados,Platos preparados,Veggie Balls 200 Gr,"14,75 € / 1 Kg","3,29 €
2,95 €",GARDEN GOURM
Congelados y helados,Platos preparados,Veggie Balls 200 Gr,"14,75 € / 1 Kg","3,29 €
2,95 €",GARDEN GOURM
Congelados y helados,Platos preparados,Gourmet Queso Cabra y Cebolla 250 Gr,"16,24 € / 1 Kg","4,06 €",RANA
Congelados y helados,Platos preparados,Gourmet Queso Cabra y Cebolla 250 Gr,"16,24 € / 1 Kg","4,06 €",RANA
Congelados y helados,Platos preparados,Gourmet Queso Cabra y Cebolla 250 Gr,"16,24 € / 1 Kg","4,06 €",RANA
Congelados y helados,Platos preparados,Gourmet Queso Cabra y Cebolla 250 Gr,"16,24 € / 1 Kg","4,06 €",RANA
Congelados y helados,Platos preparados,Gourmet Queso Cabra y Cebolla 250 Gr,"16,24 € / 1 Kg","4,06 €",RANA
Congelados y helados,Platos preparados,Gourmet Queso Cabra y Cebolla 250 Gr,"16,24 € / 1 Kg","4,06 €",RANA
Congelados y helados,Platos preparados,Gourmet Queso Cabra y Cebolla 250 Gr,"16,24 € / 1 Kg","4,06 €",RANA
Congelados y helados,Platos preparados,Gourmet Queso Cabra y Cebolla 250 Gr,"16,24 € / 1 Kg","4,06 €",RANA
Congelados y helados,Platos preparados,Gourmet Queso Cabra y Cebolla 250 Gr,"16,24 € / 1 Kg","4,06 €",RANA
Congelados y helados,Platos preparados,Gourmet Queso Cabra y Cebolla 250 Gr,"16,24 € / 1 Kg","4,06 €",RANA
Congelados y helados,Platos preparados,Gourmet Queso Cabra y Cebolla 250 Gr,"16,24 € / 1 Kg","4,06 €",RANA
Congelados y helados,Platos preparados,Gourmet Queso Cabra y Cebolla 250 Gr,"16,24 € / 1 Kg","4,06 €",RANA
Congelados y helados,Platos preparados,Gourmet Queso Cabra y Cebolla 250 Gr,"16,24 € / 1 Kg","4,06 €",RANA
Congelados y helados,Platos preparados,Gourmet Queso Cabra y Cebolla 250 Gr,"16,24 € / 1 Kg","4,06 €",RANA
Congelados y helados,Platos preparados,Gourmet Queso Cabra y Cebolla 250 Gr,"16,24 € / 1 Kg","4,06 €",RANA
Congelados y helados,Platos preparados,Gourmet Queso Cabra y Cebolla 250 Gr,"16,24 € / 1 Kg","4,06 €",RANA
Congelados y helados,Platos preparados,Gourmet Queso Cabra y Cebolla 250 Gr,"16,24 € / 1 Kg","4,06 €",RANA
Congelados y helados,Platos preparados,Gourmet Queso Cabra y Cebolla 250 Gr,"16,24 € / 1 Kg","4,06 €",RANA
Congelados y helados,Platos preparados,Gourmet Queso Cabra y Cebolla 250 Gr,"16,24 € / 1 Kg","4,06 €",RANA
Congelados y helados,Platos preparados,Gourmet Queso Cabra y Cebolla 250 Gr,"16,24 € / 1 Kg","4,06 €",RANA
Congelados y helados,Platos preparados,La Rosquita Serrana Rústica 205 Gr,"9,71 € / 1 Kg","1,99 €",DE ORO
Congelados y helados,Platos preparados,La Rosquita Serrana Rústica 205 Gr,"9,71 € / 1 Kg","1,99 €",DE ORO
Congelados y helados,Platos preparados,La Rosquita Serrana Rústica 205 Gr,"9,71 € / 1 Kg","1,99 €",DE ORO
Congelados y helados,Platos preparados,La Rosquita Serrana Rústica 205 Gr,"9,71 € / 1 Kg","1,99 €",DE ORO
Congelados y helados,Platos preparados,La Rosquita Serrana Rústica 205 Gr,"9,71 € / 1 Kg","1,99 €",DE ORO
Congelados y helados,Platos preparados,La Rosquita Serrana Rústica 205 Gr,"9,71 € / 1 Kg","1,99 €",DE ORO
Congelados y helados,Platos preparados,La Rosquita Serrana Rústica 205 Gr,"9,71 € / 1 Kg","1,99 €",DE ORO
Congelados y helados,Platos preparados,La Rosquita Serrana Rústica 205 Gr,"9,71 € / 1 Kg","1,99 €",DE ORO
Congelados y helados,Platos preparados,La Rosquita Serrana Rústica 205 Gr,"9,71 € / 1 Kg","1,99 €",DE ORO
Congelados y helados,Platos preparados,La Rosquita Serrana Rústica 205 Gr,"9,71 € / 1 Kg","1,99 €",DE ORO
Congelados y helados,Platos preparados,La Rosquita Serrana Rústica 205 Gr,"9,71 € / 1 Kg","1,99 €",DE ORO
Congelados y helados,Platos preparados,La Rosquita Serrana Rústica 205 Gr,"9,71 € / 1 Kg","1,99 €",DE ORO
Congelados y helados,Platos preparados,La Rosquita Serrana Rústica 205 Gr,"9,71 € / 1 Kg","1,99 €",DE ORO
Congelados y helados,Platos preparados,La Rosquita Serrana Rústica 205 Gr,"9,71 € / 1 Kg","1,99 €",DE ORO
Congelados y helados,Platos preparados,La Rosquita Serrana Rústica 205 Gr,"9,71 € / 1 Kg","1,99 €",DE ORO
Congelados y helados,Platos preparados,La Rosquita Serrana Rústica 205 Gr,"9,71 € / 1 Kg","1,99 €",DE ORO
Congelados y helados,Platos preparados,La Rosquita Serrana Rústica 205 Gr,"9,71 € / 1 Kg","1,99 €",DE ORO
Congelados y helados,Platos preparados,La Rosquita Serrana Rústica 205 Gr,"9,71 € / 1 Kg","1,99 €",DE ORO
Congelados y helados,Platos preparados,La Rosquita Serrana Rústica 205 Gr,"9,71 € / 1 Kg","1,99 €",DE ORO
Congelados y helados,Platos preparados,La Rosquita Serrana Rústica 205 Gr,"9,71 € / 1 Kg","1,99 €",DE ORO
Congelados y helados,Platos preparados,Gazpacho Original 500 ml,"4,98 € / 1 L","2,49 €",ALVALLE
Congelados y helados,Platos preparados,Gazpacho Original 500 ml,"4,98 € / 1 L","2,49 €",ALVALLE
Congelados y helados,Platos preparados,Gazpacho Original 500 ml,"4,98 € / 1 L","2,49 €",ALVALLE
Congelados y helados,Platos preparados,Gazpacho Original 500 ml,"4,98 € / 1 L","2,49 €",ALVALLE
Congelados y helados,Platos preparados,Gazpacho Original 500 ml,"4,98 € / 1 L","2,49 €",ALVALLE
Congelados y helados,Platos preparados,Gazpacho Original 500 ml,"4,98 € / 1 L","2,49 €",ALVALLE
Congelados y helados,Platos preparados,Gazpacho Original 500 ml,"4,98 € / 1 L","2,49 €",ALVALLE
Congelados y helados,Platos preparados,Gazpacho Original 500 ml,"4,98 € / 1 L","2,49 €",ALVALLE
Congelados y helados,Platos preparados,Gazpacho Original 500 ml,"4,98 € / 1 L","2,49 €",ALVALLE
Congelados y helados,Platos preparados,Gazpacho Original 500 ml,"4,98 € / 1 L","2,49 €",ALVALLE
Congelados y helados,Platos preparados,Gazpacho Original 500 ml,"4,98 € / 1 L","2,49 €",ALVALLE
Congelados y helados,Platos preparados,Gazpacho Original 500 ml,"4,98 € / 1 L","2,49 €",ALVALLE
Congelados y helados,Platos preparados,Gazpacho Original 500 ml,"4,98 € / 1 L","2,49 €",ALVALLE
Congelados y helados,Platos preparados,Gazpacho Original 500 ml,"4,98 € / 1 L","2,49 €",ALVALLE
Congelados y helados,Platos preparados,Gazpacho Original 500 ml,"4,98 € / 1 L","2,49 €",ALVALLE
Congelados y helados,Platos preparados,Gazpacho Original 500 ml,"4,98 € / 1 L","2,49 €",ALVALLE
Congelados y helados,Platos preparados,Gazpacho Original 500 ml,"4,98 € / 1 L","2,49 €",ALVALLE
Congelados y helados,Platos preparados,Gazpacho Original 500 ml,"4,98 € / 1 L","2,49 €",ALVALLE
Congelados y helados,Platos preparados,Gazpacho Original 500 ml,"4,98 € / 1 L","2,49 €",ALVALLE
Congelados y helados,Platos preparados,Gazpacho Original 500 ml,"4,98 € / 1 L","2,49 €",ALVALLE
Congelados y helados,Platos preparados,Potaje de Lentejas Bote 400 Gr,"4,63 € / 1 Kg","1,85 €",MAMIA
Congelados y helados,Platos preparados,Potaje de Lentejas Bote 400 Gr,"4,63 € / 1 Kg","1,85 €",MAMIA
Congelados y helados,Platos preparados,Potaje de Lentejas Bote 400 Gr,"4,63 € / 1 Kg","1,85 €",MAMIA
Congelados y helados,Platos preparados,Potaje de Lentejas Bote 400 Gr,"4,63 € / 1 Kg","1,85 €",MAMIA
Congelados y helados,Platos preparados,Potaje de Lentejas Bote 400 Gr,"4,63 € / 1 Kg","1,85 €",MAMIA
Congelados y helados,Platos preparados,Potaje de Lentejas Bote 400 Gr,"4,63 € / 1 Kg","1,85 €",MAMIA
Congelados y helados,Platos preparados,Potaje de Lentejas Bote 400 Gr,"4,63 € / 1 Kg","1,85 €",MAMIA
Congelados y helados,Platos preparados,Potaje de Lentejas Bote 400 Gr,"4,63 € / 1 Kg","1,85 €",MAMIA
Congelados y helados,Platos preparados,Potaje de Lentejas Bote 400 Gr,"4,63 € / 1 Kg","1,85 €",MAMIA
Congelados y helados,Platos preparados,Potaje de Lentejas Bote 400 Gr,"4,63 € / 1 Kg","1,85 €",MAMIA
Congelados y helados,Platos preparados,Potaje de Lentejas Bote 400 Gr,"4,63 € / 1 Kg","1,85 €",MAMIA
Congelados y helados,Platos preparados,Potaje de Lentejas Bote 400 Gr,"4,63 € / 1 Kg","1,85 €",MAMIA
Congelados y helados,Platos preparados,Potaje de Lentejas Bote 400 Gr,"4,63 € / 1 Kg","1,85 €",MAMIA
Congelados y helados,Platos preparados,Potaje de Lentejas Bote 400 Gr,"4,63 € / 1 Kg","1,85 €",MAMIA
Congelados y helados,Platos preparados,Potaje de Lentejas Bote 400 Gr,"4,63 € / 1 Kg","1,85 €",MAMIA
Congelados y helados,Platos preparados,Potaje de Lentejas Bote 400 Gr,"4,63 € / 1 Kg","1,85 €",MAMIA
Congelados y helados,Platos preparados,Potaje de Lentejas Bote 400 Gr,"4,63 € / 1 Kg","1,85 €",MAMIA
Congelados y helados,Platos preparados,Potaje de Lentejas Bote 400 Gr,"4,63 € / 1 Kg","1,85 €",MAMIA
Congelados y helados,Platos preparados,Potaje de Lentejas Bote 400 Gr,"4,63 € / 1 Kg","1,85 €",MAMIA
Congelados y helados,Platos preparados,Potaje de Lentejas Bote 400 Gr,"4,63 € / 1 Kg","1,85 €",MAMIA
Congelados y helados,Platos preparados,Callos a la Madrileña Lata 380 Gr,"12,41 € / 1 Kg","4,59 €",LITORAL
Congelados y helados,Platos preparados,Callos a la Madrileña Lata 380 Gr,"12,41 € / 1 Kg","4,59 €",LITORAL
Congelados y helados,Platos preparados,Callos a la Madrileña Lata 380 Gr,"12,41 € / 1 Kg","4,59 €",LITORAL
Congelados y helados,Platos preparados,Callos a la Madrileña Lata 380 Gr,"12,41 € / 1 Kg","4,59 €",LITORAL
Congelados y helados,Platos preparados,Callos a la Madrileña Lata 380 Gr,"12,41 € / 1 Kg","4,59 €",LITORAL
Congelados y helados,Platos preparados,Callos a la Madrileña Lata 380 Gr,"12,41 € / 1 Kg","4,59 €",LITORAL
Congelados y helados,Platos preparados,Callos a la Madrileña Lata 380 Gr,"12,41 € / 1 Kg","4,59 €",LITORAL
Congelados y helados,Platos preparados,Callos a la Madrileña Lata 380 Gr,"12,41 € / 1 Kg","4,59 €",LITORAL
Congelados y helados,Platos preparados,Callos a la Madrileña Lata 380 Gr,"12,41 € / 1 Kg","4,59 €",LITORAL
Congelados y helados,Platos preparados,Callos a la Madrileña Lata 380 Gr,"12,41 € / 1 Kg","4,59 €",LITORAL
Congelados y helados,Platos preparados,Callos a la Madrileña Lata 380 Gr,"12,41 € / 1 Kg","4,59 €",LITORAL
Congelados y helados,Platos preparados,Callos a la Madrileña Lata 380 Gr,"12,41 € / 1 Kg","4,59 €",LITORAL
Congelados y helados,Platos preparados,Callos a la Madrileña Lata 380 Gr,"12,41 € / 1 Kg","4,59 €",LITORAL
Congelados y helados,Platos preparados,Callos a la Madrileña Lata 380 Gr,"12,41 € / 1 Kg","4,59 €",LITORAL
Congelados y helados,Platos preparados,Callos a la Madrileña Lata 380 Gr,"12,41 € / 1 Kg","4,59 €",LITORAL
Congelados y helados,Platos preparados,Callos a la Madrileña Lata 380 Gr,"12,41 € / 1 Kg","4,59 €",LITORAL
Congelados y helados,Platos preparados,Callos a la Madrileña Lata 380 Gr,"12,41 € / 1 Kg","4,59 €",LITORAL
Congelados y helados,Platos preparados,Callos a la Madrileña Lata 380 Gr,"12,41 € / 1 Kg","4,59 €",LITORAL
Congelados y helados,Platos preparados,Callos a la Madrileña Lata 380 Gr,"12,41 € / 1 Kg","4,59 €",LITORAL
Congelados y helados,Platos preparados,Callos a la Madrileña Lata 380 Gr,"12,41 € / 1 Kg","4,59 €",LITORAL
Congelados y helados,Platos preparados,Cordón Bleu de Pechuga Pavo y Pollo 400 Gr,"12,98 € / 1 Kg","5,19 €",SABOREA
Congelados y helados,Platos preparados,Cordón Bleu de Pechuga Pavo y Pollo 400 Gr,"12,98 € / 1 Kg","5,19 €",SABOREA
Congelados y helados,Platos preparados,Cordón Bleu de Pechuga Pavo y Pollo 400 Gr,"12,98 € / 1 Kg","5,19 €",SABOREA
Congelados y helados,Platos preparados,Cordón Bleu de Pechuga Pavo y Pollo 400 Gr,"12,98 € / 1 Kg","5,19 €",SABOREA
Congelados y helados,Platos preparados,Cordón Bleu de Pechuga Pavo y Pollo 400 Gr,"12,98 € / 1 Kg","5,19 €",SABOREA
Congelados y helados,Platos preparados,Cordón Bleu de Pechuga Pavo y Pollo 400 Gr,"12,98 € / 1 Kg","5,19 €",SABOREA
Congelados y helados,Platos preparados,Cordón Bleu de Pechuga Pavo y Pollo 400 Gr,"12,98 € / 1 Kg","5,19 €",SABOREA
Congelados y helados,Platos preparados,Cordón Bleu de Pechuga Pavo y Pollo 400 Gr,"12,98 € / 1 Kg","5,19 €",SABOREA
Congelados y helados,Platos preparados,Cordón Bleu de Pechuga Pavo y Pollo 400 Gr,"12,98 € / 1 Kg","5,19 €",SABOREA
Congelados y helados,Platos preparados,Cordón Bleu de Pechuga Pavo y Pollo 400 Gr,"12,98 € / 1 Kg","5,19 €",SABOREA
Congelados y helados,Platos preparados,Cordón Bleu de Pechuga Pavo y Pollo 400 Gr,"12,98 € / 1 Kg","5,19 €",SABOREA
Congelados y helados,Platos preparados,Cordón Bleu de Pechuga Pavo y Pollo 400 Gr,"12,98 € / 1 Kg","5,19 €",SABOREA
Congelados y helados,Platos preparados,Cordón Bleu de Pechuga Pavo y Pollo 400 Gr,"12,98 € / 1 Kg","5,19 €",SABOREA
Congelados y helados,Platos preparados,Cordón Bleu de Pechuga Pavo y Pollo 400 Gr,"12,98 € / 1 Kg","5,19 €",SABOREA
Congelados y helados,Platos preparados,Cordón Bleu de Pechuga Pavo y Pollo 400 Gr,"12,98 € / 1 Kg","5,19 €",SABOREA
Congelados y helados,Platos preparados,Cordón Bleu de Pechuga Pavo y Pollo 400 Gr,"12,98 € / 1 Kg","5,19 €",SABOREA
Congelados y helados,Platos preparados,Cordón Bleu de Pechuga Pavo y Pollo 400 Gr,"12,98 € / 1 Kg","5,19 €",SABOREA
Congelados y helados,Platos preparados,Cordón Bleu de Pechuga Pavo y Pollo 400 Gr,"12,98 € / 1 Kg","5,19 €",SABOREA
Congelados y helados,Platos preparados,Cordón Bleu de Pechuga Pavo y Pollo 400 Gr,"12,98 € / 1 Kg","5,19 €",SABOREA
Congelados y helados,Platos preparados,Cordón Bleu de Pechuga Pavo y Pollo 400 Gr,"12,98 € / 1 Kg","5,19 €",SABOREA
Congelados y helados,Platos preparados,Lasaña 5 Quesos 350 Gr,"9,11 € / 1 Kg","3,19 €",DUNANY
Congelados y helados,Platos preparados,Lasaña 5 Quesos 350 Gr,"9,11 € / 1 Kg","3,19 €",DUNANY
Congelados y helados,Platos preparados,Lasaña 5 Quesos 350 Gr,"9,11 € / 1 Kg","3,19 €",DUNANY
Congelados y helados,Platos preparados,Lasaña 5 Quesos 350 Gr,"9,11 € / 1 Kg","3,19 €",DUNANY
Congelados y helados,Platos preparados,Lasaña 5 Quesos 350 Gr,"9,11 € / 1 Kg","3,19 €",DUNANY
Congelados y helados,Platos preparados,Lasaña 5 Quesos 350 Gr,"9,11 € / 1 Kg","3,19 €",DUNANY
Congelados y helados,Platos preparados,Lasaña 5 Quesos 350 Gr,"9,11 € / 1 Kg","3,19 €",DUNANY
Congelados y helados,Platos preparados,Lasaña 5 Quesos 350 Gr,"9,11 € / 1 Kg","3,19 €",DUNANY
Congelados y helados,Platos preparados,Lasaña 5 Quesos 350 Gr,"9,11 € / 1 Kg","3,19 €",DUNANY
Congelados y helados,Platos preparados,Lasaña 5 Quesos 350 Gr,"9,11 € / 1 Kg","3,19 €",DUNANY
Congelados y helados,Platos preparados,Lasaña 5 Quesos 350 Gr,"9,11 € / 1 Kg","3,19 €",DUNANY
Congelados y helados,Platos preparados,Lasaña 5 Quesos 350 Gr,"9,11 € / 1 Kg","3,19 €",DUNANY
Congelados y helados,Platos preparados,Lasaña 5 Quesos 350 Gr,"9,11 € / 1 Kg","3,19 €",DUNANY
Congelados y helados,Platos preparados,Lasaña 5 Quesos 350 Gr,"9,11 € / 1 Kg","3,19 €",DUNANY
Congelados y helados,Platos preparados,Lasaña 5 Quesos 350 Gr,"9,11 € / 1 Kg","3,19 €",DUNANY
Congelados y helados,Platos preparados,Lasaña 5 Quesos 350 Gr,"9,11 € / 1 Kg","3,19 €",DUNANY
Congelados y helados,Platos preparados,Lasaña 5 Quesos 350 Gr,"9,11 € / 1 Kg","3,19 €",DUNANY
Congelados y helados,Platos preparados,Lasaña 5 Quesos 350 Gr,"9,11 € / 1 Kg","3,19 €",DUNANY
Congelados y helados,Platos preparados,Lasaña 5 Quesos 350 Gr,"9,11 € / 1 Kg","3,19 €",DUNANY
Congelados y helados,Platos preparados,Lasaña 5 Quesos 350 Gr,"9,11 € / 1 Kg","3,19 €",DUNANY
Congelados y helados,Platos preparados,Garbanzos con Espinacas 425 Gr,"4,92 € / 1 Kg","2,09 €",LITORAL
Congelados y helados,Platos preparados,Garbanzos con Espinacas 425 Gr,"4,92 € / 1 Kg","2,09 €",LITORAL
Congelados y helados,Platos preparados,Garbanzos con Espinacas 425 Gr,"4,92 € / 1 Kg","2,09 €",LITORAL
Congelados y helados,Platos preparados,Garbanzos con Espinacas 425 Gr,"4,92 € / 1 Kg","2,09 €",LITORAL
Congelados y helados,Platos preparados,Garbanzos con Espinacas 425 Gr,"4,92 € / 1 Kg","2,09 €",LITORAL
Congelados y helados,Platos preparados,Garbanzos con Espinacas 425 Gr,"4,92 € / 1 Kg","2,09 €",LITORAL
Congelados y helados,Platos preparados,Garbanzos con Espinacas 425 Gr,"4,92 € / 1 Kg","2,09 €",LITORAL
Congelados y helados,Platos preparados,Garbanzos con Espinacas 425 Gr,"4,92 € / 1 Kg","2,09 €",LITORAL
Congelados y helados,Platos preparados,Garbanzos con Espinacas 425 Gr,"4,92 € / 1 Kg","2,09 €",LITORAL
Congelados y helados,Platos preparados,Garbanzos con Espinacas 425 Gr,"4,92 € / 1 Kg","2,09 €",LITORAL
Congelados y helados,Platos preparados,Garbanzos con Espinacas 425 Gr,"4,92 € / 1 Kg","2,09 €",LITORAL
Congelados y helados,Platos preparados,Garbanzos con Espinacas 425 Gr,"4,92 € / 1 Kg","2,09 €",LITORAL
Congelados y helados,Platos preparados,Garbanzos con Espinacas 425 Gr,"4,92 € / 1 Kg","2,09 €",LITORAL
Congelados y helados,Platos preparados,Garbanzos con Espinacas 425 Gr,"4,92 € / 1 Kg","2,09 €",LITORAL
Congelados y helados,Platos preparados,Garbanzos con Espinacas 425 Gr,"4,92 € / 1 Kg","2,09 €",LITORAL
Congelados y helados,Platos preparados,Garbanzos con Espinacas 425 Gr,"4,92 € / 1 Kg","2,09 €",LITORAL
Congelados y helados,Platos preparados,Garbanzos con Espinacas 425 Gr,"4,92 € / 1 Kg","2,09 €",LITORAL
Congelados y helados,Platos preparados,Garbanzos con Espinacas 425 Gr,"4,92 € / 1 Kg","2,09 €",LITORAL
Congelados y helados,Platos preparados,Garbanzos con Espinacas 425 Gr,"4,92 € / 1 Kg","2,09 €",LITORAL
Congelados y helados,Platos preparados,Garbanzos con Espinacas 425 Gr,"4,92 € / 1 Kg","2,09 €",LITORAL
Congelados y helados,Platos preparados,Pizza Familiar Barbacoa 580 Gr,"6,88 € / 1 Kg","3,99 €",PALACIOS
Congelados y helados,Platos preparados,Pizza Familiar Barbacoa 580 Gr,"6,88 € / 1 Kg","3,99 €",PALACIOS
Congelados y helados,Platos preparados,Pizza Familiar Barbacoa 580 Gr,"6,88 € / 1 Kg","3,99 €",PALACIOS
Congelados y helados,Platos preparados,Pizza Familiar Barbacoa 580 Gr,"6,88 € / 1 Kg","3,99 €",PALACIOS
Congelados y helados,Platos preparados,Pizza Familiar Barbacoa 580 Gr,"6,88 € / 1 Kg","3,99 €",PALACIOS
Congelados y helados,Platos preparados,Pizza Familiar Barbacoa 580 Gr,"6,88 € / 1 Kg","3,99 €",PALACIOS
Congelados y helados,Platos preparados,Pizza Familiar Barbacoa 580 Gr,"6,88 € / 1 Kg","3,99 €",PALACIOS
Congelados y helados,Platos preparados,Pizza Familiar Barbacoa 580 Gr,"6,88 € / 1 Kg","3,99 €",PALACIOS
Congelados y helados,Platos preparados,Pizza Familiar Barbacoa 580 Gr,"6,88 € / 1 Kg","3,99 €",PALACIOS
Congelados y helados,Platos preparados,Pizza Familiar Barbacoa 580 Gr,"6,88 € / 1 Kg","3,99 €",PALACIOS
Congelados y helados,Platos preparados,Pizza Familiar Barbacoa 580 Gr,"6,88 € / 1 Kg","3,99 €",PALACIOS
Congelados y helados,Platos preparados,Pizza Familiar Barbacoa 580 Gr,"6,88 € / 1 Kg","3,99 €",PALACIOS
Congelados y helados,Platos preparados,Pizza Familiar Barbacoa 580 Gr,"6,88 € / 1 Kg","3,99 €",PALACIOS
Congelados y helados,Platos preparados,Pizza Familiar Barbacoa 580 Gr,"6,88 € / 1 Kg","3,99 €",PALACIOS
Congelados y helados,Platos preparados,Pizza Familiar Barbacoa 580 Gr,"6,88 € / 1 Kg","3,99 €",PALACIOS
Congelados y helados,Platos preparados,Pizza Familiar Barbacoa 580 Gr,"6,88 € / 1 Kg","3,99 €",PALACIOS
Congelados y helados,Platos preparados,Pizza Familiar Barbacoa 580 Gr,"6,88 € / 1 Kg","3,99 €",PALACIOS
Congelados y helados,Platos preparados,Pizza Familiar Barbacoa 580 Gr,"6,88 € / 1 Kg","3,99 €",PALACIOS
Congelados y helados,Platos preparados,Pizza Familiar Barbacoa 580 Gr,"6,88 € / 1 Kg","3,99 €",PALACIOS
Congelados y helados,Platos preparados,Pizza Familiar Barbacoa 580 Gr,"6,88 € / 1 Kg","3,99 €",PALACIOS
Congelados y helados,Platos preparados,Pizza Pollo 410 Gr,"7,78 € / 1 Kg","3,19 €",TARRADELLAS
Congelados y helados,Platos preparados,Pizza Pollo 410 Gr,"7,78 € / 1 Kg","3,19 €",TARRADELLAS
Congelados y helados,Platos preparados,Pizza Pollo 410 Gr,"7,78 € / 1 Kg","3,19 €",TARRADELLAS
Congelados y helados,Platos preparados,Pizza Pollo 410 Gr,"7,78 € / 1 Kg","3,19 €",TARRADELLAS
Congelados y helados,Platos preparados,Pizza Pollo 410 Gr,"7,78 € / 1 Kg","3,19 €",TARRADELLAS
Congelados y helados,Platos preparados,Pizza Pollo 410 Gr,"7,78 € / 1 Kg","3,19 €",TARRADELLAS
Congelados y helados,Platos preparados,Pizza Pollo 410 Gr,"7,78 € / 1 Kg","3,19 €",TARRADELLAS
Congelados y helados,Platos preparados,Pizza Pollo 410 Gr,"7,78 € / 1 Kg","3,19 €",TARRADELLAS
Congelados y helados,Platos preparados,Pizza Pollo 410 Gr,"7,78 € / 1 Kg","3,19 €",TARRADELLAS
Congelados y helados,Platos preparados,Pizza Pollo 410 Gr,"7,78 € / 1 Kg","3,19 €",TARRADELLAS
Congelados y helados,Platos preparados,Pizza Pollo 410 Gr,"7,78 € / 1 Kg","3,19 €",TARRADELLAS
Congelados y helados,Platos preparados,Pizza Pollo 410 Gr,"7,78 € / 1 Kg","3,19 €",TARRADELLAS
Congelados y helados,Platos preparados,Pizza Pollo 410 Gr,"7,78 € / 1 Kg","3,19 €",TARRADELLAS
Congelados y helados,Precocinados,Anillos a la Romana sin Gluten congelados 400 Gr,"7,38 € / 1 Kg","3,49 €
2,95 €",PESCANOVA
Congelados y helados,Precocinados,Anillos a la Romana sin Gluten congelados 400 Gr,"7,38 € / 1 Kg","3,49 €
2,95 €",PESCANOVA
Congelados y helados,Precocinados,Anillos a la Romana sin Gluten congelados 400 Gr,"7,38 € / 1 Kg","3,49 €
2,95 €",PESCANOVA
Congelados y helados,Precocinados,Anillos a la Romana sin Gluten congelados 400 Gr,"7,38 € / 1 Kg","3,49 €
2,95 €",PESCANOVA
Congelados y helados,Precocinados,Anillos a la Romana sin Gluten congelados 400 Gr,"7,38 € / 1 Kg","3,49 €
2,95 €",PESCANOVA
Congelados y helados,Precocinados,Anillos a la Romana sin Gluten congelados 400 Gr,"7,38 € / 1 Kg","3,49 €
2,95 €",PESCANOVA
Congelados y helados,Precocinados,Anillos a la Romana sin Gluten congelados 400 Gr,"7,38 € / 1 Kg","3,49 €
2,95 €",PESCANOVA
Congelados y helados,Precocinados,Anillos a la Romana sin Gluten congelados 400 Gr,"7,38 € / 1 Kg","3,49 €
2,95 €",PESCANOVA
Congelados y helados,Precocinados,Anillos a la Romana sin Gluten congelados 400 Gr,"7,38 € / 1 Kg","3,49 €
2,95 €",PESCANOVA
Congelados y helados,Precocinados,Anillos a la Romana sin Gluten congelados 400 Gr,"7,38 € / 1 Kg","3,49 €
2,95 €",PESCANOVA
Congelados y helados,Precocinados,Anillos a la Romana sin Gluten congelados 400 Gr,"7,38 € / 1 Kg","3,49 €
2,95 €",PESCANOVA
Congelados y helados,Precocinados,Anillos a la Romana sin Gluten congelados 400 Gr,"7,38 € / 1 Kg","3,49 €
2,95 €",PESCANOVA
Congelados y helados,Precocinados,Anillos a la Romana sin Gluten congelados 400 Gr,"7,38 € / 1 Kg","3,49 €
2,95 €",PESCANOVA
Congelados y helados,Precocinados,Anillos a la Romana sin Gluten congelados 400 Gr,"7,38 € / 1 Kg","3,49 €
2,95 €",PESCANOVA
Congelados y helados,Precocinados,Anillos a la Romana sin Gluten congelados 400 Gr,"7,38 € / 1 Kg","3,49 €
2,95 €",PESCANOVA
Congelados y helados,Precocinados,Anillos a la Romana sin Gluten congelados 400 Gr,"7,38 € / 1 Kg","3,49 €
2,95 €",PESCANOVA
Congelados y helados,Precocinados,Anillos a la Romana sin Gluten congelados 400 Gr,"7,38 € / 1 Kg","3,49 €
2,95 €",PESCANOVA
Congelados y helados,Precocinados,Anillos a la Romana sin Gluten congelados 400 Gr,"7,38 € / 1 Kg","3,49 €
2,95 €",PESCANOVA
Congelados y helados,Precocinados,Anillos a la Romana sin Gluten congelados 400 Gr,"7,38 € / 1 Kg","3,49 €
2,95 €",PESCANOVA
Congelados y helados,Precocinados,Anillos a la Romana sin Gluten congelados 400 Gr,"7,38 € / 1 Kg","3,49 €
2,95 €",PESCANOVA
Congelados y helados,Precocinados,Pescadito Enharinado congelado 500 Gr,"7,70 € / 1 Kg","3,85 €",EXKIMO
Congelados y helados,Precocinados,Pescadito Enharinado congelado 500 Gr,"7,70 € / 1 Kg","3,85 €",EXKIMO
Congelados y helados,Precocinados,Pescadito Enharinado congelado 500 Gr,"7,70 € / 1 Kg","3,85 €",EXKIMO
Congelados y helados,Precocinados,Pescadito Enharinado congelado 500 Gr,"7,70 € / 1 Kg","3,85 €",EXKIMO
Congelados y helados,Precocinados,Pescadito Enharinado congelado 500 Gr,"7,70 € / 1 Kg","3,85 €",EXKIMO
Congelados y helados,Precocinados,Pescadito Enharinado congelado 500 Gr,"7,70 € / 1 Kg","3,85 €",EXKIMO
Congelados y helados,Precocinados,Pescadito Enharinado congelado 500 Gr,"7,70 € / 1 Kg","3,85 €",EXKIMO
Congelados y helados,Precocinados,Pescadito Enharinado congelado 500 Gr,"7,70 € / 1 Kg","3,85 €",EXKIMO
Congelados y helados,Precocinados,Pescadito Enharinado congelado 500 Gr,"7,70 € / 1 Kg","3,85 €",EXKIMO
Congelados y helados,Precocinados,Pescadito Enharinado congelado 500 Gr,"7,70 € / 1 Kg","3,85 €",EXKIMO
Congelados y helados,Precocinados,Pescadito Enharinado congelado 500 Gr,"7,70 € / 1 Kg","3,85 €",EXKIMO
Congelados y helados,Precocinados,Pescadito Enharinado congelado 500 Gr,"7,70 € / 1 Kg","3,85 €",EXKIMO
Congelados y helados,Precocinados,Pescadito Enharinado congelado 500 Gr,"7,70 € / 1 Kg","3,85 €",EXKIMO
Congelados y helados,Precocinados,Pescadito Enharinado congelado 500 Gr,"7,70 € / 1 Kg","3,85 €",EXKIMO
Congelados y helados,Precocinados,Pescadito Enharinado congelado 500 Gr,"7,70 € / 1 Kg","3,85 €",EXKIMO
Congelados y helados,Precocinados,Pescadito Enharinado congelado 500 Gr,"7,70 € / 1 Kg","3,85 €",EXKIMO
Congelados y helados,Precocinados,Pescadito Enharinado congelado 500 Gr,"7,70 € / 1 Kg","3,85 €",EXKIMO
Congelados y helados,Precocinados,Pescadito Enharinado congelado 500 Gr,"7,70 € / 1 Kg","3,85 €",EXKIMO
Congelados y helados,Precocinados,Pescadito Enharinado congelado 500 Gr,"7,70 € / 1 Kg","3,85 €",EXKIMO
Congelados y helados,Precocinados,Pescadito Enharinado congelado 500 Gr,"7,70 € / 1 Kg","3,85 €",EXKIMO
Congelados y helados,Precocinados,Filete Pescado al Limon 225 Gr,"16,84 € / 1 Kg","3,79 €",FINDUS
Congelados y helados,Precocinados,Filete Pescado al Limon 225 Gr,"16,84 € / 1 Kg","3,79 €",FINDUS
Congelados y helados,Precocinados,Filete Pescado al Limon 225 Gr,"16,84 € / 1 Kg","3,79 €",FINDUS
Congelados y helados,Precocinados,Filete Pescado al Limon 225 Gr,"16,84 € / 1 Kg","3,79 €",FINDUS
Congelados y helados,Precocinados,Filete Pescado al Limon 225 Gr,"16,84 € / 1 Kg","3,79 €",FINDUS
Congelados y helados,Precocinados,Filete Pescado al Limon 225 Gr,"16,84 € / 1 Kg","3,79 €",FINDUS
Congelados y helados,Precocinados,Filete Pescado al Limon 225 Gr,"16,84 € / 1 Kg","3,79 €",FINDUS
Congelados y helados,Precocinados,Filete Pescado al Limon 225 Gr,"16,84 € / 1 Kg","3,79 €",FINDUS
Congelados y helados,Precocinados,Filete Pescado al Limon 225 Gr,"16,84 € / 1 Kg","3,79 €",FINDUS
Congelados y helados,Precocinados,Filete Pescado al Limon 225 Gr,"16,84 € / 1 Kg","3,79 €",FINDUS
Congelados y helados,Frutas y Verduras,Corazones Alcachofa Troceados congelados 300 Gr,"13,96 € / 1 Kg","4,75 €
4,19 €",FINDUS
Congelados y helados,Frutas y Verduras,Corazones Alcachofa Troceados congelados 300 Gr,"13,96 € / 1 Kg","4,75 €
4,19 €",FINDUS
Congelados y helados,Frutas y Verduras,Corazones Alcachofa Troceados congelados 300 Gr,"13,96 € / 1 Kg","4,75 €
4,19 €",FINDUS
Congelados y helados,Frutas y Verduras,Corazones Alcachofa Troceados congelados 300 Gr,"13,96 € / 1 Kg","4,75 €
4,19 €",FINDUS
Congelados y helados,Frutas y Verduras,Corazones Alcachofa Troceados congelados 300 Gr,"13,96 € / 1 Kg","4,75 €
4,19 €",FINDUS
Congelados y helados,Frutas y Verduras,Corazones Alcachofa Troceados congelados 300 Gr,"13,96 € / 1 Kg","4,75 €
4,19 €",FINDUS
Congelados y helados,Frutas y Verduras,Corazones Alcachofa Troceados congelados 300 Gr,"13,96 € / 1 Kg","4,75 €
4,19 €",FINDUS
Congelados y helados,Frutas y Verduras,Corazones Alcachofa Troceados congelados 300 Gr,"13,96 € / 1 Kg","4,75 €
4,19 €",FINDUS
Congelados y helados,Frutas y Verduras,Corazones Alcachofa Troceados congelados 300 Gr,"13,96 € / 1 Kg","4,75 €
4,19 €",FINDUS
Congelados y helados,Frutas y Verduras,Corazones Alcachofa Troceados congelados 300 Gr,"13,96 € / 1 Kg","4,75 €
4,19 €",FINDUS
Congelados y helados,Frutas y Verduras,Corazones Alcachofa Troceados congelados 300 Gr,"13,96 € / 1 Kg","4,75 €
4,19 €",FINDUS
Congelados y helados,Frutas y Verduras,Corazones Alcachofa Troceados congelados 300 Gr,"13,96 € / 1 Kg","4,75 €
4,19 €",FINDUS
Congelados y helados,Frutas y Verduras,Corazones Alcachofa Troceados congelados 300 Gr,"13,96 € / 1 Kg","4,75 €
4,19 €",FINDUS
Congelados y helados,Frutas y Verduras,Corazones Alcachofa Troceados congelados 300 Gr,"13,96 € / 1 Kg","4,75 €
4,19 €",FINDUS
Congelados y helados,Frutas y Verduras,Corazones Alcachofa Troceados congelados 300 Gr,"13,96 € / 1 Kg","4,75 €
4,19 €",FINDUS
Congelados y helados,Frutas y Verduras,Corazones Alcachofa Troceados congelados 300 Gr,"13,96 € / 1 Kg","4,75 €
4,19 €",FINDUS
Congelados y helados,Frutas y Verduras,Corazones Alcachofa Troceados congelados 300 Gr,"13,96 € / 1 Kg","4,75 €
4,19 €",FINDUS
Congelados y helados,Frutas y Verduras,Corazones Alcachofa Troceados congelados 300 Gr,"13,96 € / 1 Kg","4,75 €
4,19 €",FINDUS
Congelados y helados,Frutas y Verduras,Corazones Alcachofa Troceados congelados 300 Gr,"13,96 € / 1 Kg","4,75 €
4,19 €",FINDUS
Congelados y helados,Frutas y Verduras,Corazones Alcachofa Troceados congelados 300 Gr,"13,96 € / 1 Kg","4,75 €
4,19 €",FINDUS
Congelados y helados,Frutas y Verduras,Menestra con Espárrago congelada 600 Gr,"2,32 € / 1 Kg","1,39 €",CONSUM
Congelados y helados,Frutas y Verduras,Menestra con Espárrago congelada 600 Gr,"2,32 € / 1 Kg","1,39 €",CONSUM
Congelados y helados,Frutas y Verduras,Menestra con Espárrago congelada 600 Gr,"2,32 € / 1 Kg","1,39 €",CONSUM
Congelados y helados,Frutas y Verduras,Menestra con Espárrago congelada 600 Gr,"2,32 € / 1 Kg","1,39 €",CONSUM
Congelados y helados,Frutas y Verduras,Menestra con Espárrago congelada 600 Gr,"2,32 € / 1 Kg","1,39 €",CONSUM
Congelados y helados,Frutas y Verduras,Menestra con Espárrago congelada 600 Gr,"2,32 € / 1 Kg","1,39 €",CONSUM
Congelados y helados,Frutas y Verduras,Menestra con Espárrago congelada 600 Gr,"2,32 € / 1 Kg","1,39 €",CONSUM
Congelados y helados,Frutas y Verduras,Menestra con Espárrago congelada 600 Gr,"2,32 € / 1 Kg","1,39 €",CONSUM
Congelados y helados,Frutas y Verduras,Menestra con Espárrago congelada 600 Gr,"2,32 € / 1 Kg","1,39 €",CONSUM
Congelados y helados,Frutas y Verduras,Menestra con Espárrago congelada 600 Gr,"2,32 € / 1 Kg","1,39 €",CONSUM
Congelados y helados,Frutas y Verduras,Menestra con Espárrago congelada 600 Gr,"2,32 € / 1 Kg","1,39 €",CONSUM
Congelados y helados,Frutas y Verduras,Menestra con Espárrago congelada 600 Gr,"2,32 € / 1 Kg","1,39 €",CONSUM
Congelados y helados,Frutas y Verduras,Menestra con Espárrago congelada 600 Gr,"2,32 € / 1 Kg","1,39 €",CONSUM
Congelados y helados,Frutas y Verduras,Menestra con Espárrago congelada 600 Gr,"2,32 € / 1 Kg","1,39 €",CONSUM
Congelados y helados,Frutas y Verduras,Menestra con Espárrago congelada 600 Gr,"2,32 € / 1 Kg","1,39 €",CONSUM
Congelados y helados,Frutas y Verduras,Menestra con Espárrago congelada 600 Gr,"2,32 € / 1 Kg","1,39 €",CONSUM
Congelados y helados,Frutas y Verduras,Menestra con Espárrago congelada 600 Gr,"2,32 € / 1 Kg","1,39 €",CONSUM
Congelados y helados,Frutas y Verduras,Menestra con Espárrago congelada 600 Gr,"2,32 € / 1 Kg","1,39 €",CONSUM
Congelados y helados,Frutas y Verduras,Menestra con Espárrago congelada 600 Gr,"2,32 € / 1 Kg","1,39 €",CONSUM
Congelados y helados,Frutas y Verduras,Menestra con Espárrago congelada 600 Gr,"2,32 € / 1 Kg","1,39 €",CONSUM
Congelados y helados,Frutas y Verduras,Espárrago Verde congelado 300 Gr,"14,97 € / 1 Kg","4,49 €",VERLEAL
Congelados y helados,Frutas y Verduras,Espárrago Verde congelado 300 Gr,"14,97 € / 1 Kg","4,49 €",VERLEAL
Congelados y helados,Frutas y Verduras,Espárrago Verde congelado 300 Gr,"14,97 € / 1 Kg","4,49 €",VERLEAL
Congelados y helados,Frutas y Verduras,Espárrago Verde congelado 300 Gr,"14,97 € / 1 Kg","4,49 €",VERLEAL
Congelados y helados,Frutas y Verduras,Espárrago Verde congelado 300 Gr,"14,97 € / 1 Kg","4,49 €",VERLEAL
Congelados y helados,Frutas y Verduras,Espárrago Verde congelado 300 Gr,"14,97 € / 1 Kg","4,49 €",VERLEAL
Congelados y helados,Frutas y Verduras,Espárrago Verde congelado 300 Gr,"14,97 € / 1 Kg","4,49 €",VERLEAL
Congelados y helados,Frutas y Verduras,Espárrago Verde congelado 300 Gr,"14,97 € / 1 Kg","4,49 €",VERLEAL
Congelados y helados,Pizza y bases congeladas,Piccolinis de Jamón y Queso congelados 270 Gr,"13,30 € / 1 Kg","4,25 €
3,59 €",BUITONI
Congelados y helados,Pizza y bases congeladas,Piccolinis de Jamón y Queso congelados 270 Gr,"13,30 € / 1 Kg","4,25 €
3,59 €",BUITONI
Congelados y helados,Pizza y bases congeladas,Piccolinis de Jamón y Queso congelados 270 Gr,"13,30 € / 1 Kg","4,25 €
3,59 €",BUITONI
Congelados y helados,Pizza y bases congeladas,Piccolinis de Jamón y Queso congelados 270 Gr,"13,30 € / 1 Kg","4,25 €
3,59 €",BUITONI
Congelados y helados,Pizza y bases congeladas,Piccolinis de Jamón y Queso congelados 270 Gr,"13,30 € / 1 Kg","4,25 €
3,59 €",BUITONI
Congelados y helados,Pizza y bases congeladas,Piccolinis de Jamón y Queso congelados 270 Gr,"13,30 € / 1 Kg","4,25 €
3,59 €",BUITONI
Congelados y helados,Pizza y bases congeladas,Piccolinis de Jamón y Queso congelados 270 Gr,"13,30 € / 1 Kg","4,25 €
3,59 €",BUITONI
Congelados y helados,Pizza y bases congeladas,Piccolinis de Jamón y Queso congelados 270 Gr,"13,30 € / 1 Kg","4,25 €
3,59 €",BUITONI
Congelados y helados,Pizza y bases congeladas,Piccolinis de Jamón y Queso congelados 270 Gr,"13,30 € / 1 Kg","4,25 €
3,59 €",BUITONI
Congelados y helados,Pizza y bases congeladas,Piccolinis de Jamón y Queso congelados 270 Gr,"13,30 € / 1 Kg","4,25 €
3,59 €",BUITONI
Congelados y helados,Pizza y bases congeladas,Piccolinis de Jamón y Queso congelados 270 Gr,"13,30 € / 1 Kg","4,25 €
3,59 €",BUITONI
Congelados y helados,Pizza y bases congeladas,Piccolinis de Jamón y Queso congelados 270 Gr,"13,30 € / 1 Kg","4,25 €
3,59 €",BUITONI
Congelados y helados,Pizza y bases congeladas,Piccolinis de Jamón y Queso congelados 270 Gr,"13,30 € / 1 Kg","4,25 €
3,59 €",BUITONI
Congelados y helados,Pizza y bases congeladas,Piccolinis de Jamón y Queso congelados 270 Gr,"13,30 € / 1 Kg","4,25 €
3,59 €",BUITONI
Congelados y helados,Pizza y bases congeladas,Piccolinis de Jamón y Queso congelados 270 Gr,"13,30 € / 1 Kg","4,25 €
3,59 €",BUITONI
Congelados y helados,Pizza y bases congeladas,Piccolinis de Jamón y Queso congelados 270 Gr,"13,30 € / 1 Kg","4,25 €
3,59 €",BUITONI
Congelados y helados,Pizza y bases congeladas,Piccolinis de Jamón y Queso congelados 270 Gr,"13,30 € / 1 Kg","4,25 €
3,59 €",BUITONI
Congelados y helados,Pizza y bases congeladas,Piccolinis de Jamón y Queso congelados 270 Gr,"13,30 € / 1 Kg","4,25 €
3,59 €",BUITONI
Congelados y helados,Pizza y bases congeladas,Piccolinis de Jamón y Queso congelados 270 Gr,"13,30 € / 1 Kg","4,25 €
3,59 €",BUITONI
Congelados y helados,Pizza y bases congeladas,Piccolinis de Jamón y Queso congelados 270 Gr,"13,30 € / 1 Kg","4,25 €
3,59 €",BUITONI
Congelados y helados,Pizza y bases congeladas,Pizza congelada 5 Quesos 345 Gr,"7,25 € / 1 Kg","2,50 €",CONSUM
Congelados y helados,Pizza y bases congeladas,Pizza congelada 5 Quesos 345 Gr,"7,25 € / 1 Kg","2,50 €",CONSUM
Congelados y helados,Pizza y bases congeladas,Pizza congelada 5 Quesos 345 Gr,"7,25 € / 1 Kg","2,50 €",CONSUM
Congelados y helados,Pizza y bases congeladas,Pizza congelada 5 Quesos 345 Gr,"7,25 € / 1 Kg","2,50 €",CONSUM
Congelados y helados,Pizza y bases congeladas,Pizza congelada 5 Quesos 345 Gr,"7,25 € / 1 Kg","2,50 €",CONSUM
Congelados y helados,Pizza y bases congeladas,Pizza congelada 5 Quesos 345 Gr,"7,25 € / 1 Kg","2,50 €",CONSUM
Congelados y helados,Pizza y bases congeladas,Pizza congelada 5 Quesos 345 Gr,"7,25 € / 1 Kg","2,50 €",CONSUM
Congelados y helados,Pizza y bases congeladas,Pizza congelada 5 Quesos 345 Gr,"7,25 € / 1 Kg","2,50 €",CONSUM
Congelados y helados,Pizza y bases congeladas,Pizza congelada 5 Quesos 345 Gr,"7,25 € / 1 Kg","2,50 €",CONSUM
Congelados y helados,Pizza y bases congeladas,Pizza congelada 5 Quesos 345 Gr,"7,25 € / 1 Kg","2,50 €",CONSUM
Congelados y helados,Pizza y bases congeladas,Pizza congelada 5 Quesos 345 Gr,"7,25 € / 1 Kg","2,50 €",CONSUM
Congelados y helados,Pizza y bases congeladas,Pizza congelada 5 Quesos 345 Gr,"7,25 € / 1 Kg","2,50 €",CONSUM
Congelados y helados,Pizza y bases congeladas,Pizza congelada 5 Quesos 345 Gr,"7,25 € / 1 Kg","2,50 €",CONSUM
Congelados y helados,Pizza y bases congeladas,Pizza congelada 5 Quesos 345 Gr,"7,25 € / 1 Kg","2,50 €",CONSUM
Congelados y helados,Pizza y bases congeladas,Pizza congelada 5 Quesos 345 Gr,"7,25 € / 1 Kg","2,50 €",CONSUM
Congelados y helados,Pizza y bases congeladas,Pizza congelada 5 Quesos 345 Gr,"7,25 € / 1 Kg","2,50 €",CONSUM
Congelados y helados,Pizza y bases congeladas,Pizza congelada 5 Quesos 345 Gr,"7,25 € / 1 Kg","2,50 €",CONSUM
Congelados y helados,Pizza y bases congeladas,Pizza congelada 5 Quesos 345 Gr,"7,25 € / 1 Kg","2,50 €",CONSUM
Congelados y helados,Pizza y bases congeladas,Pizza congelada 5 Quesos 345 Gr,"7,25 € / 1 Kg","2,50 €",CONSUM
Congelados y helados,Pizza y bases congeladas,Pizza congelada 5 Quesos 345 Gr,"7,25 € / 1 Kg","2,50 €",CONSUM
Congelados y helados,Pizza y bases congeladas,Pizza Baguette Jamón y Queso 250 Gr,"9,96 € / 1 Kg","2,49 €",CONSUM
Congelados y helados,Pizza y bases congeladas,Pizza Baguette Jamón y Queso 250 Gr,"9,96 € / 1 Kg","2,49 €",CONSUM
Congelados y helados,Pizza y bases congeladas,Pizza Baguette Jamón y Queso 250 Gr,"9,96 € / 1 Kg","2,49 €",CONSUM
Congelados y helados,Hielo,Cubitos de Hielo Bolsa 2 Kg,"0,48 € / 1 Kg","0,95 €",HIELOSUR
Congelados y helados,Hielo,Cubitos de Hielo Bolsa 2 Kg,"0,48 € / 1 Kg","0,95 €",HIELOSUR
Congelados y helados,Hielo,Cubitos de Hielo Bolsa 2 Kg,"0,48 € / 1 Kg","0,95 €",HIELOSUR
Congelados y helados,Helados,Sándwich de Nata Pack de 6 Unidades 330 Gr,"9,97 € / 1 Kg","3,89 €
3,29 €",NESTLE
Congelados y helados,Helados,Sándwich de Nata Pack de 6 Unidades 330 Gr,"9,97 € / 1 Kg","3,89 €
3,29 €",NESTLE
Congelados y helados,Helados,Sándwich de Nata Pack de 6 Unidades 330 Gr,"9,97 € / 1 Kg","3,89 €
3,29 €",NESTLE
Congelados y helados,Helados,Sándwich de Nata Pack de 6 Unidades 330 Gr,"9,97 € / 1 Kg","3,89 €
3,29 €",NESTLE
Congelados y helados,Helados,Sándwich de Nata Pack de 6 Unidades 330 Gr,"9,97 € / 1 Kg","3,89 €
3,29 €",NESTLE
Congelados y helados,Helados,Sándwich de Nata Pack de 6 Unidades 330 Gr,"9,97 € / 1 Kg","3,89 €
3,29 €",NESTLE
Congelados y helados,Helados,Sándwich de Nata Pack de 6 Unidades 330 Gr,"9,97 € / 1 Kg","3,89 €
3,29 €",NESTLE
Congelados y helados,Helados,Sándwich de Nata Pack de 6 Unidades 330 Gr,"9,97 € / 1 Kg","3,89 €
3,29 €",NESTLE
Congelados y helados,Helados,Sándwich de Nata Pack de 6 Unidades 330 Gr,"9,97 € / 1 Kg","3,89 €
3,29 €",NESTLE
Congelados y helados,Helados,Sándwich de Nata Pack de 6 Unidades 330 Gr,"9,97 € / 1 Kg","3,89 €
3,29 €",NESTLE
Congelados y helados,Helados,Sándwich de Nata Pack de 6 Unidades 330 Gr,"9,97 € / 1 Kg","3,89 €
3,29 €",NESTLE
Congelados y helados,Helados,Sándwich de Nata Pack de 6 Unidades 330 Gr,"9,97 € / 1 Kg","3,89 €
3,29 €",NESTLE
Congelados y helados,Helados,Sándwich de Nata Pack de 6 Unidades 330 Gr,"9,97 € / 1 Kg","3,89 €
3,29 €",NESTLE
Congelados y helados,Helados,Sándwich de Nata Pack de 6 Unidades 330 Gr,"9,97 € / 1 Kg","3,89 €
3,29 €",NESTLE
Congelados y helados,Helados,Sándwich de Nata Pack de 6 Unidades 330 Gr,"9,97 € / 1 Kg","3,89 €
3,29 €",NESTLE
Congelados y helados,Helados,Sándwich de Nata Pack de 6 Unidades 330 Gr,"9,97 € / 1 Kg","3,89 €
3,29 €",NESTLE
Congelados y helados,Helados,Sándwich de Nata Pack de 6 Unidades 330 Gr,"9,97 € / 1 Kg","3,89 €
3,29 €",NESTLE
Congelados y helados,Helados,Sándwich de Nata Pack de 6 Unidades 330 Gr,"9,97 € / 1 Kg","3,89 €
3,29 €",NESTLE
Congelados y helados,Helados,Sándwich de Nata Pack de 6 Unidades 330 Gr,"9,97 € / 1 Kg","3,89 €
3,29 €",NESTLE
Congelados y helados,Helados,Sándwich de Nata Pack de 6 Unidades 330 Gr,"9,97 € / 1 Kg","3,89 €
3,29 €",NESTLE
Congelados y helados,Helados,Bloque de Turrón 1 Litro 535 Gr,"5,14 € / 1 Kg","2,75 €",CONSUM
Congelados y helados,Helados,Bloque de Turrón 1 Litro 535 Gr,"5,14 € / 1 Kg","2,75 €",CONSUM
Congelados y helados,Helados,Bloque de Turrón 1 Litro 535 Gr,"5,14 € / 1 Kg","2,75 €",CONSUM
Congelados y helados,Helados,Bloque de Turrón 1 Litro 535 Gr,"5,14 € / 1 Kg","2,75 €",CONSUM
Congelados y helados,Helados,Bloque de Turrón 1 Litro 535 Gr,"5,14 € / 1 Kg","2,75 €",CONSUM
Congelados y helados,Helados,Bloque de Turrón 1 Litro 535 Gr,"5,14 € / 1 Kg","2,75 €",CONSUM
Congelados y helados,Helados,Bloque de Turrón 1 Litro 535 Gr,"5,14 € / 1 Kg","2,75 €",CONSUM
Congelados y helados,Helados,Bloque de Turrón 1 Litro 535 Gr,"5,14 € / 1 Kg","2,75 €",CONSUM
Congelados y helados,Helados,Bloque de Turrón 1 Litro 535 Gr,"5,14 € / 1 Kg","2,75 €",CONSUM
Congelados y helados,Helados,Bloque de Turrón 1 Litro 535 Gr,"5,14 € / 1 Kg","2,75 €",CONSUM
Congelados y helados,Helados,Bloque de Turrón 1 Litro 535 Gr,"5,14 € / 1 Kg","2,75 €",CONSUM
Congelados y helados,Helados,Bloque de Turrón 1 Litro 535 Gr,"5,14 € / 1 Kg","2,75 €",CONSUM
Congelados y helados,Helados,Bloque de Turrón 1 Litro 535 Gr,"5,14 € / 1 Kg","2,75 €",CONSUM
Congelados y helados,Helados,Bloque de Turrón 1 Litro 535 Gr,"5,14 € / 1 Kg","2,75 €",CONSUM
Congelados y helados,Helados,Bloque de Turrón 1 Litro 535 Gr,"5,14 € / 1 Kg","2,75 €",CONSUM
Congelados y helados,Helados,Bloque de Turrón 1 Litro 535 Gr,"5,14 € / 1 Kg","2,75 €",CONSUM
Congelados y helados,Helados,Bloque de Turrón 1 Litro 535 Gr,"5,14 € / 1 Kg","2,75 €",CONSUM
Congelados y helados,Helados,Bloque de Turrón 1 Litro 535 Gr,"5,14 € / 1 Kg","2,75 €",CONSUM
Congelados y helados,Helados,Bloque de Turrón 1 Litro 535 Gr,"5,14 € / 1 Kg","2,75 €",CONSUM
Congelados y helados,Helados,Bloque de Turrón 1 Litro 535 Gr,"5,14 € / 1 Kg","2,75 €",CONSUM
Congelados y helados,Helados,Pirulo Fantasmikos Pack de 15 Unidades 240 Gr,"21,63 € / 1 Kg","5,19 €",NESTLE
Congelados y helados,Helados,Pirulo Fantasmikos Pack de 15 Unidades 240 Gr,"21,63 € / 1 Kg","5,19 €",NESTLE
Congelados y helados,Helados,Pirulo Fantasmikos Pack de 15 Unidades 240 Gr,"21,63 € / 1 Kg","5,19 €",NESTLE
Congelados y helados,Helados,Pirulo Fantasmikos Pack de 15 Unidades 240 Gr,"21,63 € / 1 Kg","5,19 €",NESTLE
Congelados y helados,Helados,Pirulo Fantasmikos Pack de 15 Unidades 240 Gr,"21,63 € / 1 Kg","5,19 €",NESTLE
Congelados y helados,Helados,Pirulo Fantasmikos Pack de 15 Unidades 240 Gr,"21,63 € / 1 Kg","5,19 €",NESTLE
Congelados y helados,Helados,Pirulo Fantasmikos Pack de 15 Unidades 240 Gr,"21,63 € / 1 Kg","5,19 €",NESTLE
Congelados y helados,Helados,Pirulo Fantasmikos Pack de 15 Unidades 240 Gr,"21,63 € / 1 Kg","5,19 €",NESTLE
Congelados y helados,Helados,Pirulo Fantasmikos Pack de 15 Unidades 240 Gr,"21,63 € / 1 Kg","5,19 €",NESTLE
Congelados y helados,Helados,Pirulo Fantasmikos Pack de 15 Unidades 240 Gr,"21,63 € / 1 Kg","5,19 €",NESTLE
Congelados y helados,Helados,Pirulo Fantasmikos Pack de 15 Unidades 240 Gr,"21,63 € / 1 Kg","5,19 €",NESTLE
Congelados y helados,Helados,Pirulo Fantasmikos Pack de 15 Unidades 240 Gr,"21,63 € / 1 Kg","5,19 €",NESTLE
Congelados y helados,Helados,Pirulo Fantasmikos Pack de 15 Unidades 240 Gr,"21,63 € / 1 Kg","5,19 €",NESTLE
Congelados y helados,Helados,Pirulo Fantasmikos Pack de 15 Unidades 240 Gr,"21,63 € / 1 Kg","5,19 €",NESTLE
Congelados y helados,Helados,Pirulo Fantasmikos Pack de 15 Unidades 240 Gr,"21,63 € / 1 Kg","5,19 €",NESTLE
Congelados y helados,Helados,Pirulo Fantasmikos Pack de 15 Unidades 240 Gr,"21,63 € / 1 Kg","5,19 €",NESTLE
Congelados y helados,Helados,Pirulo Fantasmikos Pack de 15 Unidades 240 Gr,"21,63 € / 1 Kg","5,19 €",NESTLE
Congelados y helados,Helados,Pirulo Fantasmikos Pack de 15 Unidades 240 Gr,"21,63 € / 1 Kg","5,19 €",NESTLE
Congelados y helados,Helados,Pirulo Fantasmikos Pack de 15 Unidades 240 Gr,"21,63 € / 1 Kg","5,19 €",NESTLE
Congelados y helados,Helados,Pirulo Fantasmikos Pack de 15 Unidades 240 Gr,"21,63 € / 1 Kg","5,19 €",NESTLE
Congelados y helados,Helados,Cono Nata-Chocolate X4 sin Gluten/Lactosa 320 Gr,"12,97 € / 1 Kg","4,15 €",ROYNE
Congelados y helados,Helados,Cono Nata-Chocolate X4 sin Gluten/Lactosa 320 Gr,"12,97 € / 1 Kg","4,15 €",ROYNE
Congelados y helados,Helados,Cono Nata-Chocolate X4 sin Gluten/Lactosa 320 Gr,"12,97 € / 1 Kg","4,15 €",ROYNE
Congelados y helados,Helados,Cono Nata-Chocolate X4 sin Gluten/Lactosa 320 Gr,"12,97 € / 1 Kg","4,15 €",ROYNE
Congelados y helados,Helados,Cono Nata-Chocolate X4 sin Gluten/Lactosa 320 Gr,"12,97 € / 1 Kg","4,15 €",ROYNE
Congelados y helados,Helados,Cono Nata-Chocolate X4 sin Gluten/Lactosa 320 Gr,"12,97 € / 1 Kg","4,15 €",ROYNE
Congelados y helados,Helados,Cono Nata-Chocolate X4 sin Gluten/Lactosa 320 Gr,"12,97 € / 1 Kg","4,15 €",ROYNE
Congelados y helados,Helados,Cono Nata-Chocolate X4 sin Gluten/Lactosa 320 Gr,"12,97 € / 1 Kg","4,15 €",ROYNE
Congelados y helados,Helados,Cono Nata-Chocolate X4 sin Gluten/Lactosa 320 Gr,"12,97 € / 1 Kg","4,15 €",ROYNE
Congelados y helados,Helados,Cono Nata-Chocolate X4 sin Gluten/Lactosa 320 Gr,"12,97 € / 1 Kg","4,15 €",ROYNE
Congelados y helados,Helados,Cono Nata-Chocolate X4 sin Gluten/Lactosa 320 Gr,"12,97 € / 1 Kg","4,15 €",ROYNE
Congelados y helados,Helados,Cono Nata-Chocolate X4 sin Gluten/Lactosa 320 Gr,"12,97 € / 1 Kg","4,15 €",ROYNE
Congelados y helados,Helados,Cono Nata-Chocolate X4 sin Gluten/Lactosa 320 Gr,"12,97 € / 1 Kg","4,15 €",ROYNE
Congelados y helados,Helados,Cono Nata-Chocolate X4 sin Gluten/Lactosa 320 Gr,"12,97 € / 1 Kg","4,15 €",ROYNE
Congelados y helados,Helados,Cono Nata-Chocolate X4 sin Gluten/Lactosa 320 Gr,"12,97 € / 1 Kg","4,15 €",ROYNE
Congelados y helados,Helados,Cono Nata-Chocolate X4 sin Gluten/Lactosa 320 Gr,"12,97 € / 1 Kg","4,15 €",ROYNE
Congelados y helados,Helados,Cono Nata-Chocolate X4 sin Gluten/Lactosa 320 Gr,"12,97 € / 1 Kg","4,15 €",ROYNE
Congelados y helados,Helados,Cono Nata-Chocolate X4 sin Gluten/Lactosa 320 Gr,"12,97 € / 1 Kg","4,15 €",ROYNE
Congelados y helados,Helados,Cono Nata-Chocolate X4 sin Gluten/Lactosa 320 Gr,"12,97 € / 1 Kg","4,15 €",ROYNE
Congelados y helados,Helados,Cono Nata-Chocolate X4 sin Gluten/Lactosa 320 Gr,"12,97 € / 1 Kg","4,15 €",ROYNE
Congelados y helados,Helados,Bombón Rocher Classic 4 Unidades 200 Gr,"19,08 € / 1 Kg","4,79 €",FERRERO
Congelados y helados,Helados,Bombón Rocher Classic 4 Unidades 200 Gr,"19,08 € / 1 Kg","4,79 €",FERRERO
Congelados y helados,Helados,Bombón Rocher Classic 4 Unidades 200 Gr,"19,08 € / 1 Kg","4,79 €",FERRERO
Congelados y helados,Helados,Bombón Rocher Classic 4 Unidades 200 Gr,"19,08 € / 1 Kg","4,79 €",FERRERO
Congelados y helados,Helados,Bombón Rocher Classic 4 Unidades 200 Gr,"19,08 € / 1 Kg","4,79 €",FERRERO
Congelados y helados,Helados,Bombón Rocher Classic 4 Unidades 200 Gr,"19,08 € / 1 Kg","4,79 €",FERRERO
Congelados y helados,Helados,Bombón Rocher Classic 4 Unidades 200 Gr,"19,08 € / 1 Kg","4,79 €",FERRERO
Congelados y helados,Helados,Bombón Rocher Classic 4 Unidades 200 Gr,"19,08 € / 1 Kg","4,79 €",FERRERO
Congelados y helados,Helados,Bombón Rocher Classic 4 Unidades 200 Gr,"19,08 € / 1 Kg","4,79 €",FERRERO
Congelados y helados,Helados,Bombón Rocher Classic 4 Unidades 200 Gr,"19,08 € / 1 Kg","4,79 €",FERRERO
Congelados y helados,Helados,Bombón Rocher Classic 4 Unidades 200 Gr,"19,08 € / 1 Kg","4,79 €",FERRERO
Congelados y helados,Helados,Bombón Rocher Classic 4 Unidades 200 Gr,"19,08 € / 1 Kg","4,79 €",FERRERO
Congelados y helados,Helados,Bombón Rocher Classic 4 Unidades 200 Gr,"19,08 € / 1 Kg","4,79 €",FERRERO
Congelados y helados,Helados,Bombón Rocher Classic 4 Unidades 200 Gr,"19,08 € / 1 Kg","4,79 €",FERRERO
Congelados y helados,Helados,Bombón Rocher Classic 4 Unidades 200 Gr,"19,08 € / 1 Kg","4,79 €",FERRERO
Congelados y helados,Helados,Bombón Rocher Classic 4 Unidades 200 Gr,"19,08 € / 1 Kg","4,79 €",FERRERO
Congelados y helados,Helados,Bombón Rocher Classic 4 Unidades 200 Gr,"19,08 € / 1 Kg","4,79 €",FERRERO
Congelados y helados,Helados,Bombón Rocher Classic 4 Unidades 200 Gr,"19,08 € / 1 Kg","4,79 €",FERRERO
Congelados y helados,Helados,Bombón Rocher Classic 4 Unidades 200 Gr,"19,08 € / 1 Kg","4,79 €",FERRERO
Congelados y helados,Helados,Bombón Rocher Classic 4 Unidades 200 Gr,"19,08 € / 1 Kg","4,79 €",FERRERO
Congelados y helados,Helados,Bombon Avellana yCacao pack de 4 204 Gr,"13,48 € / 1 Kg","2,75 €",CONSUM
Congelados y helados,Helados,Bombon Avellana yCacao pack de 4 204 Gr,"13,48 € / 1 Kg","2,75 €",CONSUM
Congelados y helados,Helados,Bombon Avellana yCacao pack de 4 204 Gr,"13,48 € / 1 Kg","2,75 €",CONSUM
Congelados y helados,Helados,Bombon Avellana yCacao pack de 4 204 Gr,"13,48 € / 1 Kg","2,75 €",CONSUM
Congelados y helados,Helados,Bombon Avellana yCacao pack de 4 204 Gr,"13,48 € / 1 Kg","2,75 €",CONSUM
Congelados y helados,Helados,Bombon Avellana yCacao pack de 4 204 Gr,"13,48 € / 1 Kg","2,75 €",CONSUM
Congelados y helados,Helados,Bombon Avellana yCacao pack de 4 204 Gr,"13,48 € / 1 Kg","2,75 €",CONSUM
Congelados y helados,Helados,Bombon Avellana yCacao pack de 4 204 Gr,"13,48 € / 1 Kg","2,75 €",CONSUM
Congelados y helados,Helados,Bombon Avellana yCacao pack de 4 204 Gr,"13,48 € / 1 Kg","2,75 €",CONSUM
Congelados y helados,Helados,Bombon Avellana yCacao pack de 4 204 Gr,"13,48 € / 1 Kg","2,75 €",CONSUM
Congelados y helados,Helados,Bombon Avellana yCacao pack de 4 204 Gr,"13,48 € / 1 Kg","2,75 €",CONSUM
Congelados y helados,Helados,Bombon Avellana yCacao pack de 4 204 Gr,"13,48 € / 1 Kg","2,75 €",CONSUM
Congelados y helados,Helados,Bombon Avellana yCacao pack de 4 204 Gr,"13,48 € / 1 Kg","2,75 €",CONSUM
Congelados y helados,Helados,Bombon Avellana yCacao pack de 4 204 Gr,"13,48 € / 1 Kg","2,75 €",CONSUM
Congelados y helados,Helados,Bombon Avellana yCacao pack de 4 204 Gr,"13,48 € / 1 Kg","2,75 €",CONSUM
Congelados y helados,Helados,Bombon Avellana yCacao pack de 4 204 Gr,"13,48 € / 1 Kg","2,75 €",CONSUM
Congelados y helados,Horchatas y granizados,Horchata Granizada Pack de 4 Unidades 4 x 200 ml,"2,62 € / 1 L","2,49 €
2,10 €",MONZO
Congelados y helados,Horchatas y granizados,Horchata Granizada Pack de 4 Unidades 4 x 200 ml,"2,62 € / 1 L","2,49 €
2,10 €",MONZO
Congelados y helados,Horchatas y granizados,Horchata Granizada Pack de 4 Unidades 4 x 200 ml,"2,62 € / 1 L","2,49 €
2,10 €",MONZO
Congelados y helados,Horchatas y granizados,Horchata Granizada Pack de 4 Unidades 4 x 200 ml,"2,62 € / 1 L","2,49 €
2,10 €",MONZO
Congelados y helados,Horchatas y granizados,Horchata Granizada Pack de 4 Unidades 4 x 200 ml,"2,62 € / 1 L","2,49 €
2,10 €",MONZO
Congelados y helados,Horchatas y granizados,Horchata Granizada Pack de 4 Unidades 4 x 200 ml,"2,62 € / 1 L","2,49 €
2,10 €",MONZO
Congelados y helados,"Pan, churros y porras",Porras Prefritas congeladas 320 Gr,"8,75 € / 1 Kg","3,29 €
2,80 €",MAHESO
Congelados y helados,"Pan, churros y porras",Porras Prefritas congeladas 320 Gr,"8,75 € / 1 Kg","3,29 €
2,80 €",MAHESO
Congelados y helados,"Pan, churros y porras",Porras Prefritas congeladas 320 Gr,"8,75 € / 1 Kg","3,29 €
2,80 €",MAHESO
Infantil,Alimentación infantil,Yogolino de Fresa Pack de 4 4 x 100 Gr,"7,38 € / 1 Kg","2,95 €",NESTLE
Infantil,Alimentación infantil,Yogolino de Fresa Pack de 4 4 x 100 Gr,"7,38 € / 1 Kg","2,95 €",NESTLE
Infantil,Alimentación infantil,Yogolino de Fresa Pack de 4 4 x 100 Gr,"7,38 € / 1 Kg","2,95 €",NESTLE
Infantil,Alimentación infantil,Yogolino de Fresa Pack de 4 4 x 100 Gr,"7,38 € / 1 Kg","2,95 €",NESTLE
Infantil,Alimentación infantil,Yogolino de Fresa Pack de 4 4 x 100 Gr,"7,38 € / 1 Kg","2,95 €",NESTLE
Infantil,Alimentación infantil,Yogolino de Fresa Pack de 4 4 x 100 Gr,"7,38 € / 1 Kg","2,95 €",NESTLE
Infantil,Alimentación infantil,Yogolino de Fresa Pack de 4 4 x 100 Gr,"7,38 € / 1 Kg","2,95 €",NESTLE
Infantil,Alimentación infantil,Yogolino de Fresa Pack de 4 4 x 100 Gr,"7,38 € / 1 Kg","2,95 €",NESTLE
Infantil,Alimentación infantil,Yogolino de Fresa Pack de 4 4 x 100 Gr,"7,38 € / 1 Kg","2,95 €",NESTLE
Infantil,Alimentación infantil,Yogolino de Fresa Pack de 4 4 x 100 Gr,"7,38 € / 1 Kg","2,95 €",NESTLE
Infantil,Alimentación infantil,Yogolino de Fresa Pack de 4 4 x 100 Gr,"7,38 € / 1 Kg","2,95 €",NESTLE
Infantil,Alimentación infantil,Yogolino de Fresa Pack de 4 4 x 100 Gr,"7,38 € / 1 Kg","2,95 €",NESTLE
Infantil,Alimentación infantil,Yogolino de Fresa Pack de 4 4 x 100 Gr,"7,38 € / 1 Kg","2,95 €",NESTLE
Infantil,Alimentación infantil,Yogolino de Fresa Pack de 4 4 x 100 Gr,"7,38 € / 1 Kg","2,95 €",NESTLE
Infantil,Alimentación infantil,Yogolino de Fresa Pack de 4 4 x 100 Gr,"7,38 € / 1 Kg","2,95 €",NESTLE
Infantil,Alimentación infantil,Yogolino de Fresa Pack de 4 4 x 100 Gr,"7,38 € / 1 Kg","2,95 €",NESTLE
Infantil,Alimentación infantil,Yogolino de Fresa Pack de 4 4 x 100 Gr,"7,38 € / 1 Kg","2,95 €",NESTLE
Infantil,Alimentación infantil,Yogolino de Fresa Pack de 4 4 x 100 Gr,"7,38 € / 1 Kg","2,95 €",NESTLE
Infantil,Alimentación infantil,Yogolino de Fresa Pack de 4 4 x 100 Gr,"7,38 € / 1 Kg","2,95 €",NESTLE
Infantil,Alimentación infantil,Yogolino de Fresa Pack de 4 4 x 100 Gr,"7,38 € / 1 Kg","2,95 €",NESTLE
Infantil,Alimentación infantil,Tarrito Buenas Noches Pescadilla Pack 2 2 x 190 Gr,"7,87 € / 1 Kg","2,99 €",HERO
Infantil,Alimentación infantil,Tarrito Buenas Noches Pescadilla Pack 2 2 x 190 Gr,"7,87 € / 1 Kg","2,99 €",HERO
Infantil,Alimentación infantil,Tarrito Buenas Noches Pescadilla Pack 2 2 x 190 Gr,"7,87 € / 1 Kg","2,99 €",HERO
Infantil,Alimentación infantil,Tarrito Buenas Noches Pescadilla Pack 2 2 x 190 Gr,"7,87 € / 1 Kg","2,99 €",HERO
Infantil,Alimentación infantil,Tarrito Buenas Noches Pescadilla Pack 2 2 x 190 Gr,"7,87 € / 1 Kg","2,99 €",HERO
Infantil,Alimentación infantil,Tarrito Buenas Noches Pescadilla Pack 2 2 x 190 Gr,"7,87 € / 1 Kg","2,99 €",HERO
Infantil,Alimentación infantil,Tarrito Buenas Noches Pescadilla Pack 2 2 x 190 Gr,"7,87 € / 1 Kg","2,99 €",HERO
Infantil,Alimentación infantil,Tarrito Buenas Noches Pescadilla Pack 2 2 x 190 Gr,"7,87 € / 1 Kg","2,99 €",HERO
Infantil,Alimentación infantil,Tarrito Buenas Noches Pescadilla Pack 2 2 x 190 Gr,"7,87 € / 1 Kg","2,99 €",HERO
Infantil,Alimentación infantil,Tarrito Buenas Noches Pescadilla Pack 2 2 x 190 Gr,"7,87 € / 1 Kg","2,99 €",HERO
Infantil,Alimentación infantil,Tarrito Buenas Noches Pescadilla Pack 2 2 x 190 Gr,"7,87 € / 1 Kg","2,99 €",HERO
Infantil,Alimentación infantil,Tarrito Buenas Noches Pescadilla Pack 2 2 x 190 Gr,"7,87 € / 1 Kg","2,99 €",HERO
Infantil,Alimentación infantil,Tarrito Buenas Noches Pescadilla Pack 2 2 x 190 Gr,"7,87 € / 1 Kg","2,99 €",HERO
Infantil,Alimentación infantil,Tarrito Buenas Noches Pescadilla Pack 2 2 x 190 Gr,"7,87 € / 1 Kg","2,99 €",HERO
Infantil,Alimentación infantil,Tarrito Buenas Noches Pescadilla Pack 2 2 x 190 Gr,"7,87 € / 1 Kg","2,99 €",HERO
Infantil,Alimentación infantil,Tarrito Buenas Noches Pescadilla Pack 2 2 x 190 Gr,"7,87 € / 1 Kg","2,99 €",HERO
Infantil,Alimentación infantil,Tarrito Buenas Noches Pescadilla Pack 2 2 x 190 Gr,"7,87 € / 1 Kg","2,99 €",HERO
Infantil,Alimentación infantil,Tarrito Buenas Noches Pescadilla Pack 2 2 x 190 Gr,"7,87 € / 1 Kg","2,99 €",HERO
Infantil,Alimentación infantil,Tarrito Buenas Noches Pescadilla Pack 2 2 x 190 Gr,"7,87 € / 1 Kg","2,99 €",HERO
Infantil,Alimentación infantil,Tarrito Buenas Noches Pescadilla Pack 2 2 x 190 Gr,"7,87 € / 1 Kg","2,99 €",HERO
Infantil,Alimentación infantil,"Pouche Solo Eco Pera,Platano y naranja 100 Gr","15,90 € / 1 Kg","1,59 €",HERO
Infantil,Alimentación infantil,"Pouche Solo Eco Pera,Platano y naranja 100 Gr","15,90 € / 1 Kg","1,59 €",HERO
Infantil,Alimentación infantil,"Pouche Solo Eco Pera,Platano y naranja 100 Gr","15,90 € / 1 Kg","1,59 €",HERO
Infantil,Alimentación infantil,"Pouche Solo Eco Pera,Platano y naranja 100 Gr","15,90 € / 1 Kg","1,59 €",HERO
Infantil,Alimentación infantil,"Pouche Solo Eco Pera,Platano y naranja 100 Gr","15,90 € / 1 Kg","1,59 €",HERO
Infantil,Alimentación infantil,"Pouche Solo Eco Pera,Platano y naranja 100 Gr","15,90 € / 1 Kg","1,59 €",HERO
Infantil,Alimentación infantil,"Pouche Solo Eco Pera,Platano y naranja 100 Gr","15,90 € / 1 Kg","1,59 €",HERO
Infantil,Alimentación infantil,"Pouche Solo Eco Pera,Platano y naranja 100 Gr","15,90 € / 1 Kg","1,59 €",HERO
Infantil,Alimentación infantil,"Pouche Solo Eco Pera,Platano y naranja 100 Gr","15,90 € / 1 Kg","1,59 €",HERO
Infantil,Alimentación infantil,"Pouche Solo Eco Pera,Platano y naranja 100 Gr","15,90 € / 1 Kg","1,59 €",HERO
Infantil,Alimentación infantil,"Pouche Solo Eco Pera,Platano y naranja 100 Gr","15,90 € / 1 Kg","1,59 €",HERO
Infantil,Alimentación infantil,"Pouche Solo Eco Pera,Platano y naranja 100 Gr","15,90 € / 1 Kg","1,59 €",HERO
Infantil,Alimentación infantil,"Pouche Solo Eco Pera,Platano y naranja 100 Gr","15,90 € / 1 Kg","1,59 €",HERO
Infantil,Alimentación infantil,"Pouche Solo Eco Pera,Platano y naranja 100 Gr","15,90 € / 1 Kg","1,59 €",HERO
Infantil,Alimentación infantil,"Pouche Solo Eco Pera,Platano y naranja 100 Gr","15,90 € / 1 Kg","1,59 €",HERO
Infantil,Alimentación infantil,"Pouche Solo Eco Pera,Platano y naranja 100 Gr","15,90 € / 1 Kg","1,59 €",HERO
Infantil,Alimentación infantil,"Pouche Solo Eco Pera,Platano y naranja 100 Gr","15,90 € / 1 Kg","1,59 €",HERO
Infantil,Alimentación infantil,"Pouche Solo Eco Pera,Platano y naranja 100 Gr","15,90 € / 1 Kg","1,59 €",HERO
Infantil,Alimentación infantil,"Pouche Solo Eco Pera,Platano y naranja 100 Gr","15,90 € / 1 Kg","1,59 €",HERO
Infantil,Alimentación infantil,"Pouche Solo Eco Pera,Platano y naranja 100 Gr","15,90 € / 1 Kg","1,59 €",HERO
Infantil,Alimentación infantil,"Pouch Cool Fruits Manzana, Fresa, Banana 110 Gr","11,36 € / 1 Kg","1,25 €",NESTLE
Infantil,Alimentación infantil,"Pouch Cool Fruits Manzana, Fresa, Banana 110 Gr","11,36 € / 1 Kg","1,25 €",NESTLE
Infantil,Alimentación infantil,"Pouch Cool Fruits Manzana, Fresa, Banana 110 Gr","11,36 € / 1 Kg","1,25 €",NESTLE
Infantil,Alimentación infantil,"Pouch Cool Fruits Manzana, Fresa, Banana 110 Gr","11,36 € / 1 Kg","1,25 €",NESTLE
Infantil,Alimentación infantil,"Pouch Cool Fruits Manzana, Fresa, Banana 110 Gr","11,36 € / 1 Kg","1,25 €",NESTLE
Infantil,Alimentación infantil,"Pouch Cool Fruits Manzana, Fresa, Banana 110 Gr","11,36 € / 1 Kg","1,25 €",NESTLE
Infantil,Alimentación infantil,"Pouch Cool Fruits Manzana, Fresa, Banana 110 Gr","11,36 € / 1 Kg","1,25 €",NESTLE
Infantil,Alimentación infantil,"Pouch Cool Fruits Manzana, Fresa, Banana 110 Gr","11,36 € / 1 Kg","1,25 €",NESTLE
Infantil,Alimentación infantil,"Pouch Cool Fruits Manzana, Fresa, Banana 110 Gr","11,36 € / 1 Kg","1,25 €",NESTLE
Infantil,Alimentación infantil,"Pouch Cool Fruits Manzana, Fresa, Banana 110 Gr","11,36 € / 1 Kg","1,25 €",NESTLE
Infantil,Alimentación infantil,"Pouch Cool Fruits Manzana, Fresa, Banana 110 Gr","11,36 € / 1 Kg","1,25 €",NESTLE
Infantil,Alimentación infantil,"Pouch Cool Fruits Manzana, Fresa, Banana 110 Gr","11,36 € / 1 Kg","1,25 €",NESTLE
Infantil,Alimentación infantil,"Pouch Cool Fruits Manzana, Fresa, Banana 110 Gr","11,36 € / 1 Kg","1,25 €",NESTLE
Infantil,Alimentación infantil,"Pouch Cool Fruits Manzana, Fresa, Banana 110 Gr","11,36 € / 1 Kg","1,25 €",NESTLE
Infantil,Alimentación infantil,"Pouch Cool Fruits Manzana, Fresa, Banana 110 Gr","11,36 € / 1 Kg","1,25 €",NESTLE
Infantil,Alimentación infantil,"Pouch Cool Fruits Manzana, Fresa, Banana 110 Gr","11,36 € / 1 Kg","1,25 €",NESTLE
Infantil,Alimentación infantil,"Pouch Cool Fruits Manzana, Fresa, Banana 110 Gr","11,36 € / 1 Kg","1,25 €",NESTLE
Infantil,Alimentación infantil,"Pouch Cool Fruits Manzana, Fresa, Banana 110 Gr","11,36 € / 1 Kg","1,25 €",NESTLE
Infantil,Alimentación infantil,"Pouch Cool Fruits Manzana, Fresa, Banana 110 Gr","11,36 € / 1 Kg","1,25 €",NESTLE
Infantil,Alimentación infantil,"Pouch Cool Fruits Manzana, Fresa, Banana 110 Gr","11,36 € / 1 Kg","1,25 €",NESTLE
Infantil,Alimentación infantil,Tarrito Verduras Pescado 190 Gr,"9,42 € / 1 Kg","1,79 €",NESTLE
Infantil,Alimentación infantil,Tarrito Verduras Pescado 190 Gr,"9,42 € / 1 Kg","1,79 €",NESTLE
Infantil,Alimentación infantil,Tarrito Verduras Pescado 190 Gr,"9,42 € / 1 Kg","1,79 €",NESTLE
Infantil,Alimentación infantil,Tarrito Verduras Pescado 190 Gr,"9,42 € / 1 Kg","1,79 €",NESTLE
Infantil,Alimentación infantil,Tarrito Verduras Pescado 190 Gr,"9,42 € / 1 Kg","1,79 €",NESTLE
Infantil,Alimentación infantil,Tarrito Verduras Pescado 190 Gr,"9,42 € / 1 Kg","1,79 €",NESTLE
Infantil,Alimentación infantil,Tarrito Verduras Pescado 190 Gr,"9,42 € / 1 Kg","1,79 €",NESTLE
Infantil,Alimentación infantil,Tarrito Verduras Pescado 190 Gr,"9,42 € / 1 Kg","1,79 €",NESTLE
Infantil,Alimentación infantil,Tarrito Verduras Pescado 190 Gr,"9,42 € / 1 Kg","1,79 €",NESTLE
Infantil,Alimentación infantil,Tarrito Verduras Pescado 190 Gr,"9,42 € / 1 Kg","1,79 €",NESTLE
Infantil,Alimentación infantil,Tarrito Verduras Pescado 190 Gr,"9,42 € / 1 Kg","1,79 €",NESTLE
Infantil,Leches infantiles,Peques3 Crecimiento Preparado Lácteo 1 L,"1,75 € / 1 L","1,95 €
1,75 €",PULEVA
Infantil,Leches infantiles,Peques3 Crecimiento Preparado Lácteo 1 L,"1,75 € / 1 L","1,95 €
1,75 €",PULEVA
Infantil,Leches infantiles,Peques3 Crecimiento Preparado Lácteo 1 L,"1,75 € / 1 L","1,95 €
1,75 €",PULEVA
Infantil,Leches infantiles,Peques3 Crecimiento Preparado Lácteo 1 L,"1,75 € / 1 L","1,95 €
1,75 €",PULEVA
Infantil,Leches infantiles,Peques3 Crecimiento Preparado Lácteo 1 L,"1,75 € / 1 L","1,95 €
1,75 €",PULEVA
Infantil,Leches infantiles,Peques3 Crecimiento Preparado Lácteo 1 L,"1,75 € / 1 L","1,95 €
1,75 €",PULEVA
Infantil,Leches infantiles,Peques3 Crecimiento Preparado Lácteo 1 L,"1,75 € / 1 L","1,95 €
1,75 €",PULEVA
Infantil,Leches infantiles,Peques3 Crecimiento Preparado Lácteo 1 L,"1,75 € / 1 L","1,95 €
1,75 €",PULEVA
Infantil,Leches infantiles,Peques3 Crecimiento Preparado Lácteo 1 L,"1,75 € / 1 L","1,95 €
1,75 €",PULEVA
Infantil,Leches infantiles,Peques3 Crecimiento Preparado Lácteo 1 L,"1,75 € / 1 L","1,95 €
1,75 €",PULEVA
Infantil,Leches infantiles,Peques3 Crecimiento Preparado Lácteo 1 L,"1,75 € / 1 L","1,95 €
1,75 €",PULEVA
Infantil,Leches infantiles,Peques3 Crecimiento Preparado Lácteo 1 L,"1,75 € / 1 L","1,95 €
1,75 €",PULEVA
Infantil,Leches infantiles,Peques3 Crecimiento Preparado Lácteo 1 L,"1,75 € / 1 L","1,95 €
1,75 €",PULEVA
Infantil,Leches infantiles,Peques3 Crecimiento Preparado Lácteo 1 L,"1,75 € / 1 L","1,95 €
1,75 €",PULEVA
Infantil,Leches infantiles,Peques3 Crecimiento Preparado Lácteo 1 L,"1,75 € / 1 L","1,95 €
1,75 €",PULEVA
Infantil,Higiene,Toallita Higiénica Bebé Biodegradable 60 U,"0,03 € / 1 U","1,59 €
1,39 €",BABY CREAM
Infantil,Higiene,Toallita Higiénica Bebé Biodegradable 60 U,"0,03 € / 1 U","1,59 €
1,39 €",BABY CREAM
Infantil,Higiene,Toallita Higiénica Bebé Biodegradable 60 U,"0,03 € / 1 U","1,59 €
1,39 €",BABY CREAM
Infantil,Higiene,Toallita Higiénica Bebé Biodegradable 60 U,"0,03 € / 1 U","1,59 €
1,39 €",BABY CREAM
Infantil,Higiene,Toallita Higiénica Bebé Biodegradable 60 U,"0,03 € / 1 U","1,59 €
1,39 €",BABY CREAM
Infantil,Higiene,Toallita Higiénica Bebé Biodegradable 60 U,"0,03 € / 1 U","1,59 €
1,39 €",BABY CREAM
Infantil,Higiene,Toallita Higiénica Bebé Biodegradable 60 U,"0,03 € / 1 U","1,59 €
1,39 €",BABY CREAM
Infantil,Higiene,Toallita Higiénica Bebé Biodegradable 60 U,"0,03 € / 1 U","1,59 €
1,39 €",BABY CREAM
Infantil,Higiene,Toallita Higiénica Bebé Biodegradable 60 U,"0,03 € / 1 U","1,59 €
1,39 €",BABY CREAM
Infantil,Higiene,Toallita Higiénica Bebé Biodegradable 60 U,"0,03 € / 1 U","1,59 €
1,39 €",BABY CREAM
Infantil,Higiene,Toallita Higiénica Bebé Biodegradable 60 U,"0,03 € / 1 U","1,59 €
1,39 €",BABY CREAM
Infantil,Higiene,Toallita Higiénica Bebé Biodegradable 60 U,"0,03 € / 1 U","1,59 €
1,39 €",BABY CREAM
Infantil,Higiene,Toallita Higiénica Bebé Biodegradable 60 U,"0,03 € / 1 U","1,59 €
1,39 €",BABY CREAM
Infantil,Higiene,Toallita Higiénica Bebé Biodegradable 60 U,"0,03 € / 1 U","1,59 €
1,39 €",BABY CREAM
Infantil,Higiene,Toallita Higiénica Bebé Biodegradable 60 U,"0,03 € / 1 U","1,59 €
1,39 €",BABY CREAM
Infantil,Higiene,Toallita Higiénica Bebé Biodegradable 60 U,"0,03 € / 1 U","1,59 €
1,39 €",BABY CREAM
Infantil,Higiene,Toallita Higiénica Bebé Biodegradable 60 U,"0,03 € / 1 U","1,59 €
1,39 €",BABY CREAM
Infantil,Higiene,Toallita Higiénica Bebé Biodegradable 60 U,"0,03 € / 1 U","1,59 €
1,39 €",BABY CREAM
Infantil,Higiene,Toallita Higiénica Bebé Biodegradable 60 U,"0,03 € / 1 U","1,59 €
1,39 €",BABY CREAM
Infantil,Higiene,Toallita Higiénica Bebé Biodegradable 60 U,"0,03 € / 1 U","1,59 €
1,39 €",BABY CREAM
Infantil,Higiene,Esponja Natural Marina 1 U,"3,99 € / 1 U","3,99 €",DAVIDEL
Infantil,Higiene,Esponja Natural Marina 1 U,"3,99 € / 1 U","3,99 €",DAVIDEL
Infantil,Higiene,Esponja Natural Marina 1 U,"3,99 € / 1 U","3,99 €",DAVIDEL
Infantil,Higiene,Esponja Natural Marina 1 U,"3,99 € / 1 U","3,99 €",DAVIDEL
Infantil,Higiene,Esponja Natural Marina 1 U,"3,99 € / 1 U","3,99 €",DAVIDEL
Infantil,Higiene,Esponja Natural Marina 1 U,"3,99 € / 1 U","3,99 €",DAVIDEL
Infantil,Higiene,Esponja Natural Marina 1 U,"3,99 € / 1 U","3,99 €",DAVIDEL
Infantil,Higiene,Esponja Natural Marina 1 U,"3,99 € / 1 U","3,99 €",DAVIDEL
Infantil,Higiene,Esponja Natural Marina 1 U,"3,99 € / 1 U","3,99 €",DAVIDEL
Infantil,Higiene,Esponja Natural Marina 1 U,"3,99 € / 1 U","3,99 €",DAVIDEL
Infantil,Higiene,Esponja Natural Marina 1 U,"3,99 € / 1 U","3,99 €",DAVIDEL
Infantil,Higiene,Esponja Natural Marina 1 U,"3,99 € / 1 U","3,99 €",DAVIDEL
Infantil,Higiene,Esponja Natural Marina 1 U,"3,99 € / 1 U","3,99 €",DAVIDEL
Infantil,Higiene,Esponja Natural Marina 1 U,"3,99 € / 1 U","3,99 €",DAVIDEL
Infantil,Higiene,Esponja Natural Marina 1 U,"3,99 € / 1 U","3,99 €",DAVIDEL
Infantil,Higiene,Esponja Natural Marina 1 U,"3,99 € / 1 U","3,99 €",DAVIDEL
Infantil,Higiene,Esponja Natural Marina 1 U,"3,99 € / 1 U","3,99 €",DAVIDEL
Infantil,Higiene,Esponja Natural Marina 1 U,"3,99 € / 1 U","3,99 €",DAVIDEL
Infantil,Higiene,Esponja Natural Marina 1 U,"3,99 € / 1 U","3,99 €",DAVIDEL
Infantil,Higiene,Esponja Natural Marina 1 U,"3,99 € / 1 U","3,99 €",DAVIDEL
Infantil,Higiene,Crema Facial Kids Prebióticos y Vitamina B3 50 ml,"11,90 € / 100 ml","5,95 €",SEVEN KIDS
Infantil,Higiene,Crema Facial Kids Prebióticos y Vitamina B3 50 ml,"11,90 € / 100 ml","5,95 €",SEVEN KIDS
Infantil,Higiene,Crema Facial Kids Prebióticos y Vitamina B3 50 ml,"11,90 € / 100 ml","5,95 €",SEVEN KIDS
Infantil,Higiene,Crema Facial Kids Prebióticos y Vitamina B3 50 ml,"11,90 € / 100 ml","5,95 €",SEVEN KIDS
Infantil,Pañales,Pañal DryNites 4 a 7 Años Niña 10 U,"0,73 € / 1 U","8,99 €
7,25 €",HUGGIES
Infantil,Pañales,Pañal DryNites 4 a 7 Años Niña 10 U,"0,73 € / 1 U","8,99 €
7,25 €",HUGGIES
Infantil,Pañales,Pañal DryNites 4 a 7 Años Niña 10 U,"0,73 € / 1 U","8,99 €
7,25 €",HUGGIES
Infantil,Pañales,Pañal DryNites 4 a 7 Años Niña 10 U,"0,73 € / 1 U","8,99 €
7,25 €",HUGGIES
Infantil,Pañales,Pañal DryNites 4 a 7 Años Niña 10 U,"0,73 € / 1 U","8,99 €
7,25 €",HUGGIES
Infantil,Pañales,Pañal DryNites 4 a 7 Años Niña 10 U,"0,73 € / 1 U","8,99 €
7,25 €",HUGGIES
Infantil,Pañales,Pañal DryNites 4 a 7 Años Niña 10 U,"0,73 € / 1 U","8,99 €
7,25 €",HUGGIES
Infantil,Pañales,Pañal DryNites 4 a 7 Años Niña 10 U,"0,73 € / 1 U","8,99 €
7,25 €",HUGGIES
Infantil,Pañales,Pañal DryNites 4 a 7 Años Niña 10 U,"0,73 € / 1 U","8,99 €
7,25 €",HUGGIES
Infantil,Pañales,Pañal DryNites 4 a 7 Años Niña 10 U,"0,73 € / 1 U","8,99 €
7,25 €",HUGGIES
Infantil,Pañales,Pañal DryNites 4 a 7 Años Niña 10 U,"0,73 € / 1 U","8,99 €
7,25 €",HUGGIES
Infantil,Pañales,Pañal DryNites 4 a 7 Años Niña 10 U,"0,73 € / 1 U","8,99 €
7,25 €",HUGGIES
Infantil,Pañales,Pañal DryNites 4 a 7 Años Niña 10 U,"0,73 € / 1 U","8,99 €
7,25 €",HUGGIES
Infantil,Pañales,Pañal DryNites 4 a 7 Años Niña 10 U,"0,73 € / 1 U","8,99 €
7,25 €",HUGGIES
Infantil,Pañales,Pañal DryNites 4 a 7 Años Niña 10 U,"0,73 € / 1 U","8,99 €
7,25 €",HUGGIES
Infantil,Pañales,Pañal DryNites 4 a 7 Años Niña 10 U,"0,73 € / 1 U","8,99 €
7,25 €",HUGGIES
Infantil,Pañales,Pañal DryNites 4 a 7 Años Niña 10 U,"0,73 € / 1 U","8,99 €
7,25 €",HUGGIES
Infantil,Pañales,Pañal DryNites 4 a 7 Años Niña 10 U,"0,73 € / 1 U","8,99 €
7,25 €",HUGGIES
Infantil,Pañales,Pañal DryNites 4 a 7 Años Niña 10 U,"0,73 € / 1 U","8,99 €
7,25 €",HUGGIES
Infantil,Pañales,Pañal DryNites 4 a 7 Años Niña 10 U,"0,73 € / 1 U","8,99 €
7,25 €",HUGGIES
Infantil,Pañales,Pañal Talla 6 27 U,"0,30 € / 1 U","8,10 €",CONSUM KIDS
Infantil,Pañales,Pañal Talla 6 27 U,"0,30 € / 1 U","8,10 €",CONSUM KIDS
Infantil,Pañales,Pañal Talla 6 27 U,"0,30 € / 1 U","8,10 €",CONSUM KIDS
Infantil,Pañales,Pañal Talla 6 27 U,"0,30 € / 1 U","8,10 €",CONSUM KIDS
Infantil,Pañales,Pañal Talla 6 27 U,"0,30 € / 1 U","8,10 €",CONSUM KIDS
Infantil,Pañales,Pañal Talla 6 27 U,"0,30 € / 1 U","8,10 €",CONSUM KIDS
Infantil,Pañales,Pañal Talla 6 27 U,"0,30 € / 1 U","8,10 €",CONSUM KIDS
Infantil,Pañales,Pañal Talla 6 27 U,"0,30 € / 1 U","8,10 €",CONSUM KIDS
Infantil,Pañales,Pañal Talla 6 27 U,"0,30 € / 1 U","8,10 €",CONSUM KIDS
Infantil,Pañales,Pañal Talla 6 27 U,"0,30 € / 1 U","8,10 €",CONSUM KIDS
Infantil,Pañales,Pañal Talla 6 27 U,"0,30 € / 1 U","8,10 €",CONSUM KIDS
Infantil,Pañales,Pañal Talla 6 27 U,"0,30 € / 1 U","8,10 €",CONSUM KIDS
Infantil,Pañales,Pañal Talla 6 27 U,"0,30 € / 1 U","8,10 €",CONSUM KIDS
Infantil,Pañales,Pañal Talla 6 27 U,"0,30 € / 1 U","8,10 €",CONSUM KIDS
Infantil,Pañales,Pañal Talla 6 27 U,"0,30 € / 1 U","8,10 €",CONSUM KIDS
Infantil,Pañales,Pañal Talla 6 27 U,"0,30 € / 1 U","8,10 €",CONSUM KIDS
Infantil,Pañales,Pañal Talla 6 27 U,"0,30 € / 1 U","8,10 €",CONSUM KIDS
Infantil,Pañales,Pañal Talla 6 27 U,"0,30 € / 1 U","8,10 €",CONSUM KIDS
Infantil,Pañales,Pañal Talla 6 27 U,"0,30 € / 1 U","8,10 €",CONSUM KIDS
Infantil,Puericultura,Discos Absorbentes Lactancia 60 U,"0,10 € / 1 U","5,95 €",TIGEX
Infantil,Puericultura,Discos Absorbentes Lactancia 60 U,"0,10 € / 1 U","5,95 €",TIGEX
Infantil,Puericultura,Discos Absorbentes Lactancia 60 U,"0,10 € / 1 U","5,95 €",TIGEX
Infantil,Puericultura,Discos Absorbentes Lactancia 60 U,"0,10 € / 1 U","5,95 €",TIGEX
Infantil,Puericultura,Discos Absorbentes Lactancia 60 U,"0,10 € / 1 U","5,95 €",TIGEX
Infantil,Puericultura,Discos Absorbentes Lactancia 60 U,"0,10 € / 1 U","5,95 €",TIGEX
Infantil,Puericultura,Discos Absorbentes Lactancia 60 U,"0,10 € / 1 U","5,95 €",TIGEX
Infantil,Puericultura,Discos Absorbentes Lactancia 60 U,"0,10 € / 1 U","5,95 €",TIGEX
Infantil,Puericultura,Discos Absorbentes Lactancia 60 U,"0,10 € / 1 U","5,95 €",TIGEX
Infantil,Puericultura,Discos Absorbentes Lactancia 60 U,"0,10 € / 1 U","5,95 €",TIGEX
Infantil,Puericultura,Discos Absorbentes Lactancia 60 U,"0,10 € / 1 U","5,95 €",TIGEX
Infantil,Puericultura,Discos Absorbentes Lactancia 60 U,"0,10 € / 1 U","5,95 €",TIGEX
Infantil,Puericultura,Discos Absorbentes Lactancia 60 U,"0,10 € / 1 U","5,95 €",TIGEX
Infantil,Puericultura,Discos Absorbentes Lactancia 60 U,"0,10 € / 1 U","5,95 €",TIGEX
Infantil,Puericultura,Discos Absorbentes Lactancia 60 U,"0,10 € / 1 U","5,95 €",TIGEX
Infantil,Puericultura,Discos Absorbentes Lactancia 60 U,"0,10 € / 1 U","5,95 €",TIGEX
Infantil,Puericultura,Discos Absorbentes Lactancia 60 U,"0,10 € / 1 U","5,95 €",TIGEX
Infantil,Puericultura,Discos Absorbentes Lactancia 60 U,"0,10 € / 1 U","5,95 €",TIGEX
Infantil,Puericultura,Discos Absorbentes Lactancia 60 U,"0,10 € / 1 U","5,95 €",TIGEX
Infantil,Puericultura,Discos Absorbentes Lactancia 60 U,"0,10 € / 1 U","5,95 €",TIGEX
Droguería y limpieza,Celulosa,Rollo Multiusos Tornado Azul 1 U,"3,99 € / 1 U","5,59 €
3,99 €",FOXY
Droguería y limpieza,Celulosa,Rollo Multiusos Tornado Azul 1 U,"3,99 € / 1 U","5,59 €
3,99 €",FOXY
Droguería y limpieza,Celulosa,Rollo Multiusos Tornado Azul 1 U,"3,99 € / 1 U","5,59 €
3,99 €",FOXY
Droguería y limpieza,Celulosa,Rollo Multiusos Tornado Azul 1 U,"3,99 € / 1 U","5,59 €
3,99 €",FOXY
Droguería y limpieza,Celulosa,Rollo Multiusos Tornado Azul 1 U,"3,99 € / 1 U","5,59 €
3,99 €",FOXY
Droguería y limpieza,Celulosa,Rollo Multiusos Tornado Azul 1 U,"3,99 € / 1 U","5,59 €
3,99 €",FOXY
Droguería y limpieza,Celulosa,Rollo Multiusos Tornado Azul 1 U,"3,99 € / 1 U","5,59 €
3,99 €",FOXY
Droguería y limpieza,Celulosa,Rollo Multiusos Tornado Azul 1 U,"3,99 € / 1 U","5,59 €
3,99 €",FOXY
Droguería y limpieza,Celulosa,Rollo Multiusos Tornado Azul 1 U,"3,99 € / 1 U","5,59 €
3,99 €",FOXY
Droguería y limpieza,Celulosa,Rollo Multiusos Tornado Azul 1 U,"3,99 € / 1 U","5,59 €
3,99 €",FOXY
Droguería y limpieza,Celulosa,Rollo Multiusos Tornado Azul 1 U,"3,99 € / 1 U","5,59 €
3,99 €",FOXY
Droguería y limpieza,Celulosa,Rollo Multiusos Tornado Azul 1 U,"3,99 € / 1 U","5,59 €
3,99 €",FOXY
Droguería y limpieza,Celulosa,Rollo Multiusos Tornado Azul 1 U,"3,99 € / 1 U","5,59 €
3,99 €",FOXY
Droguería y limpieza,Celulosa,Rollo Multiusos Tornado Azul 1 U,"3,99 € / 1 U","5,59 €
3,99 €",FOXY
Droguería y limpieza,Celulosa,Rollo Multiusos Tornado Azul 1 U,"3,99 € / 1 U","5,59 €
3,99 €",FOXY
Droguería y limpieza,Celulosa,Rollo Multiusos Tornado Azul 1 U,"3,99 € / 1 U","5,59 €
3,99 €",FOXY
Droguería y limpieza,Celulosa,Rollo Multiusos Tornado Azul 1 U,"3,99 € / 1 U","5,59 €
3,99 €",FOXY
Droguería y limpieza,Celulosa,Rollo Multiusos Tornado Azul 1 U,"3,99 € / 1 U","5,59 €
3,99 €",FOXY
Droguería y limpieza,Celulosa,Rollo Multiusos Tornado Azul 1 U,"3,99 € / 1 U","5,59 €
3,99 €",FOXY
Droguería y limpieza,Celulosa,Rollo Multiusos Tornado Azul 1 U,"3,99 € / 1 U","5,59 €
3,99 €",FOXY
Droguería y limpieza,Celulosa,Papel Cocina Megarrollo 2 Unidades Igual a 8 2 U,"2,00 € / 1 U","3,99 €",CONSUM
Droguería y limpieza,Celulosa,Papel Cocina Megarrollo 2 Unidades Igual a 8 2 U,"2,00 € / 1 U","3,99 €",CONSUM
Droguería y limpieza,Celulosa,Papel Cocina Megarrollo 2 Unidades Igual a 8 2 U,"2,00 € / 1 U","3,99 €",CONSUM
Droguería y limpieza,Celulosa,Papel Cocina Megarrollo 2 Unidades Igual a 8 2 U,"2,00 € / 1 U","3,99 €",CONSUM
Droguería y limpieza,Celulosa,Papel Cocina Megarrollo 2 Unidades Igual a 8 2 U,"2,00 € / 1 U","3,99 €",CONSUM
Droguería y limpieza,Celulosa,Papel Cocina Megarrollo 2 Unidades Igual a 8 2 U,"2,00 € / 1 U","3,99 €",CONSUM
Droguería y limpieza,Celulosa,Papel Cocina Megarrollo 2 Unidades Igual a 8 2 U,"2,00 € / 1 U","3,99 €",CONSUM
Droguería y limpieza,Celulosa,Papel Cocina Megarrollo 2 Unidades Igual a 8 2 U,"2,00 € / 1 U","3,99 €",CONSUM
Droguería y limpieza,Celulosa,Papel Cocina Megarrollo 2 Unidades Igual a 8 2 U,"2,00 € / 1 U","3,99 €",CONSUM
Droguería y limpieza,Celulosa,Papel Cocina Megarrollo 2 Unidades Igual a 8 2 U,"2,00 € / 1 U","3,99 €",CONSUM
Droguería y limpieza,Celulosa,Papel Cocina Megarrollo 2 Unidades Igual a 8 2 U,"2,00 € / 1 U","3,99 €",CONSUM
Droguería y limpieza,Celulosa,Papel Cocina Megarrollo 2 Unidades Igual a 8 2 U,"2,00 € / 1 U","3,99 €",CONSUM
Droguería y limpieza,Celulosa,Papel Cocina Megarrollo 2 Unidades Igual a 8 2 U,"2,00 € / 1 U","3,99 €",CONSUM
Droguería y limpieza,Celulosa,Papel Cocina Megarrollo 2 Unidades Igual a 8 2 U,"2,00 € / 1 U","3,99 €",CONSUM
Droguería y limpieza,Celulosa,Papel Cocina Megarrollo 2 Unidades Igual a 8 2 U,"2,00 € / 1 U","3,99 €",CONSUM
Droguería y limpieza,Celulosa,Papel Cocina Megarrollo 2 Unidades Igual a 8 2 U,"2,00 € / 1 U","3,99 €",CONSUM
Droguería y limpieza,Celulosa,Papel Cocina Megarrollo 2 Unidades Igual a 8 2 U,"2,00 € / 1 U","3,99 €",CONSUM
Droguería y limpieza,Celulosa,Papel Cocina Megarrollo 2 Unidades Igual a 8 2 U,"2,00 € / 1 U","3,99 €",CONSUM
Droguería y limpieza,Celulosa,Papel Cocina Megarrollo 2 Unidades Igual a 8 2 U,"2,00 € / 1 U","3,99 €",CONSUM
Droguería y limpieza,Celulosa,Papel Cocina Megarrollo 2 Unidades Igual a 8 2 U,"2,00 € / 1 U","3,99 €",CONSUM
Droguería y limpieza,Celulosa,Toallitas Infantiles Cremosas 24 U,"0,04 € / 1 U","0,85 €",CONSUM
Droguería y limpieza,Celulosa,Toallitas Infantiles Cremosas 24 U,"0,04 € / 1 U","0,85 €",CONSUM
Droguería y limpieza,Celulosa,Toallitas Infantiles Cremosas 24 U,"0,04 € / 1 U","0,85 €",CONSUM
Droguería y limpieza,Celulosa,Toallitas Infantiles Cremosas 24 U,"0,04 € / 1 U","0,85 €",CONSUM
Droguería y limpieza,Celulosa,Toallitas Infantiles Cremosas 24 U,"0,04 € / 1 U","0,85 €",CONSUM
Droguería y limpieza,Celulosa,Toallitas Infantiles Cremosas 24 U,"0,04 € / 1 U","0,85 €",CONSUM
Droguería y limpieza,Celulosa,Toallitas Infantiles Cremosas 24 U,"0,04 € / 1 U","0,85 €",CONSUM
Droguería y limpieza,Celulosa,Toallitas Infantiles Cremosas 24 U,"0,04 € / 1 U","0,85 €",CONSUM
Droguería y limpieza,Celulosa,Toallitas Infantiles Cremosas 24 U,"0,04 € / 1 U","0,85 €",CONSUM
Droguería y limpieza,Celulosa,Toallitas Infantiles Cremosas 24 U,"0,04 € / 1 U","0,85 €",CONSUM
Droguería y limpieza,Celulosa,Toallitas Infantiles Cremosas 24 U,"0,04 € / 1 U","0,85 €",CONSUM
Droguería y limpieza,Celulosa,Toallitas Infantiles Cremosas 24 U,"0,04 € / 1 U","0,85 €",CONSUM
Droguería y limpieza,Celulosa,Toallitas Infantiles Cremosas 24 U,"0,04 € / 1 U","0,85 €",CONSUM
Droguería y limpieza,Celulosa,Toallitas Infantiles Cremosas 24 U,"0,04 € / 1 U","0,85 €",CONSUM
Droguería y limpieza,Celulosa,Toallitas Infantiles Cremosas 24 U,"0,04 € / 1 U","0,85 €",CONSUM
Droguería y limpieza,Celulosa,Toallitas Infantiles Cremosas 24 U,"0,04 € / 1 U","0,85 €",CONSUM
Droguería y limpieza,Celulosa,Toallitas Infantiles Cremosas 24 U,"0,04 € / 1 U","0,85 €",CONSUM
Droguería y limpieza,Celulosa,Toallitas Infantiles Cremosas 24 U,"0,04 € / 1 U","0,85 €",CONSUM
Droguería y limpieza,Celulosa,Toallitas Infantiles Cremosas 24 U,"0,04 € / 1 U","0,85 €",CONSUM
Droguería y limpieza,Celulosa,Toallitas Infantiles Cremosas 24 U,"0,04 € / 1 U","0,85 €",CONSUM
Droguería y limpieza,Celulosa,Pañuelos de Bolsillo 12 U,"0,18 € / 1 U","2,19 €",SCOTTEX
Droguería y limpieza,Celulosa,Pañuelos de Bolsillo 12 U,"0,18 € / 1 U","2,19 €",SCOTTEX
Droguería y limpieza,Celulosa,Pañuelos de Bolsillo 12 U,"0,18 € / 1 U","2,19 €",SCOTTEX
Droguería y limpieza,Celulosa,Pañuelos de Bolsillo 12 U,"0,18 € / 1 U","2,19 €",SCOTTEX
Droguería y limpieza,Celulosa,Pañuelos de Bolsillo 12 U,"0,18 € / 1 U","2,19 €",SCOTTEX
Droguería y limpieza,Celulosa,Pañuelos de Bolsillo 12 U,"0,18 € / 1 U","2,19 €",SCOTTEX
Droguería y limpieza,Celulosa,Pañuelos de Bolsillo 12 U,"0,18 € / 1 U","2,19 €",SCOTTEX
Droguería y limpieza,Celulosa,Pañuelos de Bolsillo 12 U,"0,18 € / 1 U","2,19 €",SCOTTEX
Droguería y limpieza,Celulosa,Pañuelos de Bolsillo 12 U,"0,18 € / 1 U","2,19 €",SCOTTEX
Droguería y limpieza,Celulosa,Pañuelos de Bolsillo 12 U,"0,18 € / 1 U","2,19 €",SCOTTEX
Droguería y limpieza,Celulosa,Pañuelos de Bolsillo 12 U,"0,18 € / 1 U","2,19 €",SCOTTEX
Droguería y limpieza,Cuidado ropa,Suavizante Concentrado Azul 59 Lavados,"0,05 € / 1 Lv","3,55 €
2,85 €",FLOR
Droguería y limpieza,Cuidado ropa,Suavizante Concentrado Azul 59 Lavados,"0,05 € / 1 Lv","3,55 €
2,85 €",FLOR
Droguería y limpieza,Cuidado ropa,Suavizante Concentrado Azul 59 Lavados,"0,05 € / 1 Lv","3,55 €
2,85 €",FLOR
Droguería y limpieza,Cuidado ropa,Suavizante Concentrado Azul 59 Lavados,"0,05 € / 1 Lv","3,55 €
2,85 €",FLOR
Droguería y limpieza,Cuidado ropa,Suavizante Concentrado Azul 59 Lavados,"0,05 € / 1 Lv","3,55 €
2,85 €",FLOR
Droguería y limpieza,Cuidado ropa,Suavizante Concentrado Azul 59 Lavados,"0,05 € / 1 Lv","3,55 €
2,85 €",FLOR
Droguería y limpieza,Cuidado ropa,Suavizante Concentrado Azul 59 Lavados,"0,05 € / 1 Lv","3,55 €
2,85 €",FLOR
Droguería y limpieza,Cuidado ropa,Suavizante Concentrado Azul 59 Lavados,"0,05 € / 1 Lv","3,55 €
2,85 €",FLOR
Droguería y limpieza,Cuidado ropa,Suavizante Concentrado Azul 59 Lavados,"0,05 € / 1 Lv","3,55 €
2,85 €",FLOR
Droguería y limpieza,Cuidado ropa,Suavizante Concentrado Azul 59 Lavados,"0,05 € / 1 Lv","3,55 €
2,85 €",FLOR
Droguería y limpieza,Cuidado ropa,Suavizante Concentrado Azul 59 Lavados,"0,05 € / 1 Lv","3,55 €
2,85 €",FLOR
Droguería y limpieza,Cuidado ropa,Suavizante Concentrado Azul 59 Lavados,"0,05 € / 1 Lv","3,55 €
2,85 €",FLOR
Droguería y limpieza,Cuidado ropa,Suavizante Concentrado Azul 59 Lavados,"0,05 € / 1 Lv","3,55 €
2,85 €",FLOR
Droguería y limpieza,Cuidado ropa,Suavizante Concentrado Azul 59 Lavados,"0,05 € / 1 Lv","3,55 €
2,85 €",FLOR
Droguería y limpieza,Cuidado ropa,Suavizante Concentrado Azul 59 Lavados,"0,05 € / 1 Lv","3,55 €
2,85 €",FLOR
Droguería y limpieza,Cuidado ropa,Suavizante Concentrado Azul 59 Lavados,"0,05 € / 1 Lv","3,55 €
2,85 €",FLOR
Droguería y limpieza,Cuidado ropa,Suavizante Concentrado Azul 59 Lavados,"0,05 € / 1 Lv","3,55 €
2,85 €",FLOR
Droguería y limpieza,Cuidado ropa,Suavizante Concentrado Azul 59 Lavados,"0,05 € / 1 Lv","3,55 €
2,85 €",FLOR
Droguería y limpieza,Cuidado ropa,Suavizante Concentrado Azul 59 Lavados,"0,05 € / 1 Lv","3,55 €
2,85 €",FLOR
Droguería y limpieza,Cuidado ropa,Suavizante Concentrado Azul 59 Lavados,"0,05 € / 1 Lv","3,55 €
2,85 €",FLOR
Droguería y limpieza,Cuidado ropa,Suavizante Frescor Floral 56 Lv,"0,04 € / 1 Lv","3,25 €
1,99 €",MIMOSIN
Droguería y limpieza,Cuidado ropa,Suavizante Frescor Floral 56 Lv,"0,04 € / 1 Lv","3,25 €
1,99 €",MIMOSIN
Droguería y limpieza,Cuidado ropa,Suavizante Frescor Floral 56 Lv,"0,04 € / 1 Lv","3,25 €
1,99 €",MIMOSIN
Droguería y limpieza,Cuidado ropa,Suavizante Frescor Floral 56 Lv,"0,04 € / 1 Lv","3,25 €
1,99 €",MIMOSIN
Droguería y limpieza,Cuidado ropa,Suavizante Frescor Floral 56 Lv,"0,04 € / 1 Lv","3,25 €
1,99 €",MIMOSIN
Droguería y limpieza,Cuidado ropa,Suavizante Frescor Floral 56 Lv,"0,04 € / 1 Lv","3,25 €
1,99 €",MIMOSIN
Droguería y limpieza,Cuidado ropa,Suavizante Frescor Floral 56 Lv,"0,04 € / 1 Lv","3,25 €
1,99 €",MIMOSIN
Droguería y limpieza,Cuidado ropa,Suavizante Frescor Floral 56 Lv,"0,04 € / 1 Lv","3,25 €
1,99 €",MIMOSIN
Droguería y limpieza,Cuidado ropa,Suavizante Frescor Floral 56 Lv,"0,04 € / 1 Lv","3,25 €
1,99 €",MIMOSIN
Droguería y limpieza,Cuidado ropa,Suavizante Frescor Floral 56 Lv,"0,04 € / 1 Lv","3,25 €
1,99 €",MIMOSIN
Droguería y limpieza,Cuidado ropa,Suavizante Frescor Floral 56 Lv,"0,04 € / 1 Lv","3,25 €
1,99 €",MIMOSIN
Droguería y limpieza,Cuidado ropa,Suavizante Frescor Floral 56 Lv,"0,04 € / 1 Lv","3,25 €
1,99 €",MIMOSIN
Droguería y limpieza,Cuidado ropa,Suavizante Frescor Floral 56 Lv,"0,04 € / 1 Lv","3,25 €
1,99 €",MIMOSIN
Droguería y limpieza,Cuidado ropa,Suavizante Frescor Floral 56 Lv,"0,04 € / 1 Lv","3,25 €
1,99 €",MIMOSIN
Droguería y limpieza,Cuidado ropa,Suavizante Frescor Floral 56 Lv,"0,04 € / 1 Lv","3,25 €
1,99 €",MIMOSIN
Droguería y limpieza,Cuidado ropa,Suavizante Frescor Floral 56 Lv,"0,04 € / 1 Lv","3,25 €
1,99 €",MIMOSIN
Droguería y limpieza,Cuidado ropa,Suavizante Frescor Floral 56 Lv,"0,04 € / 1 Lv","3,25 €
1,99 €",MIMOSIN
Droguería y limpieza,Cuidado ropa,Suavizante Frescor Floral 56 Lv,"0,04 € / 1 Lv","3,25 €
1,99 €",MIMOSIN
Droguería y limpieza,Cuidado ropa,Suavizante Frescor Floral 56 Lv,"0,04 € / 1 Lv","3,25 €
1,99 €",MIMOSIN
Droguería y limpieza,Cuidado ropa,Suavizante Frescor Floral 56 Lv,"0,04 € / 1 Lv","3,25 €
1,99 €",MIMOSIN
Droguería y limpieza,Cuidado ropa,Detergente Concentrado Ropa Blanca y Color 25 Lv,"0,12 € / 1 Lv","3,09 €",CONSUM
Droguería y limpieza,Cuidado ropa,Detergente Concentrado Ropa Blanca y Color 25 Lv,"0,12 € / 1 Lv","3,09 €",CONSUM
Droguería y limpieza,Cuidado ropa,Detergente Concentrado Ropa Blanca y Color 25 Lv,"0,12 € / 1 Lv","3,09 €",CONSUM
Droguería y limpieza,Cuidado ropa,Detergente Concentrado Ropa Blanca y Color 25 Lv,"0,12 € / 1 Lv","3,09 €",CONSUM
Droguería y limpieza,Cuidado ropa,Detergente Concentrado Ropa Blanca y Color 25 Lv,"0,12 € / 1 Lv","3,09 €",CONSUM
Droguería y limpieza,Cuidado ropa,Detergente Concentrado Ropa Blanca y Color 25 Lv,"0,12 € / 1 Lv","3,09 €",CONSUM
Droguería y limpieza,Cuidado ropa,Detergente Concentrado Ropa Blanca y Color 25 Lv,"0,12 € / 1 Lv","3,09 €",CONSUM
Droguería y limpieza,Cuidado ropa,Detergente Concentrado Ropa Blanca y Color 25 Lv,"0,12 € / 1 Lv","3,09 €",CONSUM
Droguería y limpieza,Cuidado ropa,Detergente Concentrado Ropa Blanca y Color 25 Lv,"0,12 € / 1 Lv","3,09 €",CONSUM
Droguería y limpieza,Cuidado ropa,Detergente Concentrado Ropa Blanca y Color 25 Lv,"0,12 € / 1 Lv","3,09 €",CONSUM
Droguería y limpieza,Cuidado ropa,Detergente Concentrado Ropa Blanca y Color 25 Lv,"0,12 € / 1 Lv","3,09 €",CONSUM
Droguería y limpieza,Cuidado ropa,Detergente Concentrado Ropa Blanca y Color 25 Lv,"0,12 € / 1 Lv","3,09 €",CONSUM
Droguería y limpieza,Cuidado ropa,Detergente Concentrado Ropa Blanca y Color 25 Lv,"0,12 € / 1 Lv","3,09 €",CONSUM
Droguería y limpieza,Cuidado ropa,Detergente Concentrado Ropa Blanca y Color 25 Lv,"0,12 € / 1 Lv","3,09 €",CONSUM
Droguería y limpieza,Cuidado ropa,Detergente Concentrado Ropa Blanca y Color 25 Lv,"0,12 € / 1 Lv","3,09 €",CONSUM
Droguería y limpieza,Cuidado ropa,Detergente Concentrado Ropa Blanca y Color 25 Lv,"0,12 € / 1 Lv","3,09 €",CONSUM
Droguería y limpieza,Cuidado ropa,Detergente Concentrado Ropa Blanca y Color 25 Lv,"0,12 € / 1 Lv","3,09 €",CONSUM
Droguería y limpieza,Cuidado ropa,Detergente Concentrado Ropa Blanca y Color 25 Lv,"0,12 € / 1 Lv","3,09 €",CONSUM
Droguería y limpieza,Cuidado ropa,Detergente Concentrado Ropa Blanca y Color 25 Lv,"0,12 € / 1 Lv","3,09 €",CONSUM
Droguería y limpieza,Cuidado ropa,Detergente Concentrado Ropa Blanca y Color 25 Lv,"0,12 € / 1 Lv","3,09 €",CONSUM
Droguería y limpieza,Cuidado ropa,Suavizante Concentrado Brisa de Santorini 60 Lv,"0,04 € / 1 Lv","2,39 €",CONSUM
Droguería y limpieza,Cuidado ropa,Suavizante Concentrado Brisa de Santorini 60 Lv,"0,04 € / 1 Lv","2,39 €",CONSUM
Droguería y limpieza,Cuidado ropa,Suavizante Concentrado Brisa de Santorini 60 Lv,"0,04 € / 1 Lv","2,39 €",CONSUM
Droguería y limpieza,Cuidado ropa,Suavizante Concentrado Brisa de Santorini 60 Lv,"0,04 € / 1 Lv","2,39 €",CONSUM
Droguería y limpieza,Cuidado ropa,Suavizante Concentrado Brisa de Santorini 60 Lv,"0,04 € / 1 Lv","2,39 €",CONSUM
Droguería y limpieza,Cuidado ropa,Suavizante Concentrado Brisa de Santorini 60 Lv,"0,04 € / 1 Lv","2,39 €",CONSUM
Droguería y limpieza,Cuidado ropa,Suavizante Concentrado Brisa de Santorini 60 Lv,"0,04 € / 1 Lv","2,39 €",CONSUM
Droguería y limpieza,Cuidado ropa,Suavizante Concentrado Brisa de Santorini 60 Lv,"0,04 € / 1 Lv","2,39 €",CONSUM
Droguería y limpieza,Cuidado ropa,Suavizante Concentrado Brisa de Santorini 60 Lv,"0,04 € / 1 Lv","2,39 €",CONSUM
Droguería y limpieza,Cuidado ropa,Suavizante Concentrado Brisa de Santorini 60 Lv,"0,04 € / 1 Lv","2,39 €",CONSUM
Droguería y limpieza,Cuidado ropa,Suavizante Concentrado Brisa de Santorini 60 Lv,"0,04 € / 1 Lv","2,39 €",CONSUM
Droguería y limpieza,Cuidado ropa,Suavizante Concentrado Brisa de Santorini 60 Lv,"0,04 € / 1 Lv","2,39 €",CONSUM
Droguería y limpieza,Cuidado ropa,Suavizante Concentrado Brisa de Santorini 60 Lv,"0,04 € / 1 Lv","2,39 €",CONSUM
Droguería y limpieza,Cuidado ropa,Suavizante Concentrado Brisa de Santorini 60 Lv,"0,04 € / 1 Lv","2,39 €",CONSUM
Droguería y limpieza,Cuidado ropa,Suavizante Concentrado Brisa de Santorini 60 Lv,"0,04 € / 1 Lv","2,39 €",CONSUM
Droguería y limpieza,Cuidado ropa,Suavizante Concentrado Brisa de Santorini 60 Lv,"0,04 € / 1 Lv","2,39 €",CONSUM
Droguería y limpieza,Cuidado ropa,Suavizante Concentrado Brisa de Santorini 60 Lv,"0,04 € / 1 Lv","2,39 €",CONSUM
Droguería y limpieza,Cuidado ropa,Suavizante Concentrado Brisa de Santorini 60 Lv,"0,04 € / 1 Lv","2,39 €",CONSUM
Droguería y limpieza,Cuidado ropa,Suavizante Concentrado Brisa de Santorini 60 Lv,"0,04 € / 1 Lv","2,39 €",CONSUM
Droguería y limpieza,Cuidado ropa,Suavizante Concentrado Brisa de Santorini 60 Lv,"0,04 € / 1 Lv","2,39 €",CONSUM
Droguería y limpieza,Cuidado ropa,Detergente Líquido Orgánico Gel Lavanda 35 Lv,"0,37 € / 1 Lv","12,95 €",BOTANICAL
Droguería y limpieza,Cuidado ropa,Detergente Líquido Orgánico Gel Lavanda 35 Lv,"0,37 € / 1 Lv","12,95 €",BOTANICAL
Droguería y limpieza,Cuidado ropa,Detergente Líquido Orgánico Gel Lavanda 35 Lv,"0,37 € / 1 Lv","12,95 €",BOTANICAL
Droguería y limpieza,Cuidado ropa,Detergente Líquido Orgánico Gel Lavanda 35 Lv,"0,37 € / 1 Lv","12,95 €",BOTANICAL
Droguería y limpieza,Cuidado ropa,Detergente Líquido Orgánico Gel Lavanda 35 Lv,"0,37 € / 1 Lv","12,95 €",BOTANICAL
Droguería y limpieza,Cuidado ropa,Detergente Líquido Orgánico Gel Lavanda 35 Lv,"0,37 € / 1 Lv","12,95 €",BOTANICAL
Droguería y limpieza,Cuidado ropa,Detergente Líquido Orgánico Gel Lavanda 35 Lv,"0,37 € / 1 Lv","12,95 €",BOTANICAL
Droguería y limpieza,Cuidado ropa,Detergente Líquido Orgánico Gel Lavanda 35 Lv,"0,37 € / 1 Lv","12,95 €",BOTANICAL
Droguería y limpieza,Cuidado ropa,Detergente Líquido Orgánico Gel Lavanda 35 Lv,"0,37 € / 1 Lv","12,95 €",BOTANICAL
Droguería y limpieza,Cuidado ropa,Detergente Líquido Orgánico Gel Lavanda 35 Lv,"0,37 € / 1 Lv","12,95 €",BOTANICAL
Droguería y limpieza,Cuidado ropa,Detergente Líquido Orgánico Gel Lavanda 35 Lv,"0,37 € / 1 Lv","12,95 €",BOTANICAL
Droguería y limpieza,Cuidado ropa,Detergente Líquido Orgánico Gel Lavanda 35 Lv,"0,37 € / 1 Lv","12,95 €",BOTANICAL
Droguería y limpieza,Cuidado ropa,Detergente Líquido Orgánico Gel Lavanda 35 Lv,"0,37 € / 1 Lv","12,95 €",BOTANICAL
Droguería y limpieza,Cuidado ropa,Detergente Líquido Orgánico Gel Lavanda 35 Lv,"0,37 € / 1 Lv","12,95 €",BOTANICAL
Droguería y limpieza,Cuidado ropa,Detergente Líquido Orgánico Gel Lavanda 35 Lv,"0,37 € / 1 Lv","12,95 €",BOTANICAL
Droguería y limpieza,Cuidado ropa,Detergente Líquido Orgánico Gel Lavanda 35 Lv,"0,37 € / 1 Lv","12,95 €",BOTANICAL
Droguería y limpieza,Cuidado ropa,Detergente Líquido Orgánico Gel Lavanda 35 Lv,"0,37 € / 1 Lv","12,95 €",BOTANICAL
Droguería y limpieza,Cuidado ropa,Detergente Líquido Orgánico Gel Lavanda 35 Lv,"0,37 € / 1 Lv","12,95 €",BOTANICAL
Droguería y limpieza,Cuidado ropa,Detergente Líquido Orgánico Gel Lavanda 35 Lv,"0,37 € / 1 Lv","12,95 €",BOTANICAL
Droguería y limpieza,Cuidado ropa,Detergente Líquido Orgánico Gel Lavanda 35 Lv,"0,37 € / 1 Lv","12,95 €",BOTANICAL
Droguería y limpieza,Cuidado ropa,Perfumador Pink Botella 36 Lavados 36 Lv,"0,11 € / 1 Lv","3,95 €",ASEVI
Droguería y limpieza,Cuidado ropa,Perfumador Pink Botella 36 Lavados 36 Lv,"0,11 € / 1 Lv","3,95 €",ASEVI
Droguería y limpieza,Cuidado ropa,Perfumador Pink Botella 36 Lavados 36 Lv,"0,11 € / 1 Lv","3,95 €",ASEVI
Droguería y limpieza,Cuidado ropa,Perfumador Pink Botella 36 Lavados 36 Lv,"0,11 € / 1 Lv","3,95 €",ASEVI
Droguería y limpieza,Cuidado ropa,Perfumador Pink Botella 36 Lavados 36 Lv,"0,11 € / 1 Lv","3,95 €",ASEVI
Droguería y limpieza,Cuidado ropa,Perfumador Pink Botella 36 Lavados 36 Lv,"0,11 € / 1 Lv","3,95 €",ASEVI
Droguería y limpieza,Cuidado ropa,Perfumador Pink Botella 36 Lavados 36 Lv,"0,11 € / 1 Lv","3,95 €",ASEVI
Droguería y limpieza,Cuidado ropa,Perfumador Pink Botella 36 Lavados 36 Lv,"0,11 € / 1 Lv","3,95 €",ASEVI
Droguería y limpieza,Cuidado ropa,Perfumador Pink Botella 36 Lavados 36 Lv,"0,11 € / 1 Lv","3,95 €",ASEVI
Droguería y limpieza,Cuidado ropa,Perfumador Pink Botella 36 Lavados 36 Lv,"0,11 € / 1 Lv","3,95 €",ASEVI
Droguería y limpieza,Cuidado ropa,Perfumador Pink Botella 36 Lavados 36 Lv,"0,11 € / 1 Lv","3,95 €",ASEVI
Droguería y limpieza,Cuidado ropa,Perfumador Pink Botella 36 Lavados 36 Lv,"0,11 € / 1 Lv","3,95 €",ASEVI
Droguería y limpieza,Cuidado ropa,Perfumador Pink Botella 36 Lavados 36 Lv,"0,11 € / 1 Lv","3,95 €",ASEVI
Droguería y limpieza,Cuidado ropa,Perfumador Pink Botella 36 Lavados 36 Lv,"0,11 € / 1 Lv","3,95 €",ASEVI
Droguería y limpieza,Cuidado ropa,Perfumador Pink Botella 36 Lavados 36 Lv,"0,11 € / 1 Lv","3,95 €",ASEVI
Droguería y limpieza,Cuidado ropa,Perfumador Pink Botella 36 Lavados 36 Lv,"0,11 € / 1 Lv","3,95 €",ASEVI
Droguería y limpieza,Cuidado ropa,Perfumador Pink Botella 36 Lavados 36 Lv,"0,11 € / 1 Lv","3,95 €",ASEVI
Droguería y limpieza,Cuidado ropa,Perfumador Pink Botella 36 Lavados 36 Lv,"0,11 € / 1 Lv","3,95 €",ASEVI
Droguería y limpieza,Cuidado ropa,Perfumador Pink Botella 36 Lavados 36 Lv,"0,11 € / 1 Lv","3,95 €",ASEVI
Droguería y limpieza,Cuidado ropa,Perfumador Pink Botella 36 Lavados 36 Lv,"0,11 € / 1 Lv","3,95 €",ASEVI
Droguería y limpieza,Cuidado ropa,Detergente Líquido Oxi 24 Lv,"0,50 € / 1 Lv","11,89 €",ARIEL
Droguería y limpieza,Cuidado ropa,Detergente Líquido Oxi 24 Lv,"0,50 € / 1 Lv","11,89 €",ARIEL
Droguería y limpieza,Cuidado ropa,Detergente Líquido Oxi 24 Lv,"0,50 € / 1 Lv","11,89 €",ARIEL
Droguería y limpieza,Cuidado ropa,Detergente Líquido Oxi 24 Lv,"0,50 € / 1 Lv","11,89 €",ARIEL
Droguería y limpieza,Cuidado ropa,Detergente Líquido Oxi 24 Lv,"0,50 € / 1 Lv","11,89 €",ARIEL
Droguería y limpieza,Cuidado ropa,Detergente Líquido Oxi 24 Lv,"0,50 € / 1 Lv","11,89 €",ARIEL
Droguería y limpieza,Cuidado ropa,Detergente Líquido Oxi 24 Lv,"0,50 € / 1 Lv","11,89 €",ARIEL
Droguería y limpieza,Cuidado ropa,Detergente Líquido Oxi 24 Lv,"0,50 € / 1 Lv","11,89 €",ARIEL
Droguería y limpieza,Cuidado ropa,Detergente Líquido Oxi 24 Lv,"0,50 € / 1 Lv","11,89 €",ARIEL
Droguería y limpieza,Cuidado ropa,Detergente Líquido Oxi 24 Lv,"0,50 € / 1 Lv","11,89 €",ARIEL
Droguería y limpieza,Cuidado ropa,Detergente Líquido Oxi 24 Lv,"0,50 € / 1 Lv","11,89 €",ARIEL
Droguería y limpieza,Cuidado ropa,Detergente Líquido Oxi 24 Lv,"0,50 € / 1 Lv","11,89 €",ARIEL
Droguería y limpieza,Cuidado ropa,Detergente Líquido Oxi 24 Lv,"0,50 € / 1 Lv","11,89 €",ARIEL
Droguería y limpieza,Cuidado ropa,Detergente Líquido Oxi 24 Lv,"0,50 € / 1 Lv","11,89 €",ARIEL
Droguería y limpieza,Cuidado ropa,Detergente Líquido Oxi 24 Lv,"0,50 € / 1 Lv","11,89 €",ARIEL
Droguería y limpieza,Cuidado ropa,Detergente Líquido Oxi 24 Lv,"0,50 € / 1 Lv","11,89 €",ARIEL
Droguería y limpieza,Cuidado ropa,Detergente Líquido Oxi 24 Lv,"0,50 € / 1 Lv","11,89 €",ARIEL
Droguería y limpieza,Cuidado ropa,Detergente Líquido Oxi 24 Lv,"0,50 € / 1 Lv","11,89 €",ARIEL
Droguería y limpieza,Cuidado ropa,Detergente Líquido Oxi 24 Lv,"0,50 € / 1 Lv","11,89 €",ARIEL
Droguería y limpieza,Cuidado ropa,Detergente Líquido Oxi 24 Lv,"0,50 € / 1 Lv","11,89 €",ARIEL
Droguería y limpieza,Cuidado ropa,Detergente Cápsulas Essence 24 Lv,"0,21 € / 1 Lv","4,99 €",CONSUM
Droguería y limpieza,Cuidado ropa,Detergente Cápsulas Essence 24 Lv,"0,21 € / 1 Lv","4,99 €",CONSUM
Droguería y limpieza,Cuidado ropa,Detergente Cápsulas Essence 24 Lv,"0,21 € / 1 Lv","4,99 €",CONSUM
Droguería y limpieza,Cuidado ropa,Detergente Cápsulas Essence 24 Lv,"0,21 € / 1 Lv","4,99 €",CONSUM
Droguería y limpieza,Cuidado ropa,Detergente Cápsulas Essence 24 Lv,"0,21 € / 1 Lv","4,99 €",CONSUM
Droguería y limpieza,Cuidado ropa,Detergente Cápsulas Essence 24 Lv,"0,21 € / 1 Lv","4,99 €",CONSUM
Droguería y limpieza,Cuidado ropa,Detergente Cápsulas Essence 24 Lv,"0,21 € / 1 Lv","4,99 €",CONSUM
Droguería y limpieza,Cuidado ropa,Detergente Cápsulas Essence 24 Lv,"0,21 € / 1 Lv","4,99 €",CONSUM
Droguería y limpieza,Cuidado ropa,Detergente Cápsulas Essence 24 Lv,"0,21 € / 1 Lv","4,99 €",CONSUM
Droguería y limpieza,Cuidado ropa,Detergente Cápsulas Essence 24 Lv,"0,21 € / 1 Lv","4,99 €",CONSUM
Droguería y limpieza,Cuidado ropa,Detergente Cápsulas Essence 24 Lv,"0,21 € / 1 Lv","4,99 €",CONSUM
Droguería y limpieza,Cuidado ropa,Detergente Cápsulas Essence 24 Lv,"0,21 € / 1 Lv","4,99 €",CONSUM
Droguería y limpieza,Cuidado ropa,Detergente Cápsulas Essence 24 Lv,"0,21 € / 1 Lv","4,99 €",CONSUM
Droguería y limpieza,Cuidado ropa,Detergente Cápsulas Essence 24 Lv,"0,21 € / 1 Lv","4,99 €",CONSUM
Droguería y limpieza,Cuidado ropa,Detergente Cápsulas Essence 24 Lv,"0,21 € / 1 Lv","4,99 €",CONSUM
Droguería y limpieza,Limpieza hogar,Colgador WC Poder Activo Natura 1 U,"1,49 € / 1 U","1,85 €
1,49 €",BREF
Droguería y limpieza,Limpieza hogar,Colgador WC Poder Activo Natura 1 U,"1,49 € / 1 U","1,85 €
1,49 €",BREF
Droguería y limpieza,Limpieza hogar,Colgador WC Poder Activo Natura 1 U,"1,49 € / 1 U","1,85 €
1,49 €",BREF
Droguería y limpieza,Limpieza hogar,Colgador WC Poder Activo Natura 1 U,"1,49 € / 1 U","1,85 €
1,49 €",BREF
Droguería y limpieza,Limpieza hogar,Colgador WC Poder Activo Natura 1 U,"1,49 € / 1 U","1,85 €
1,49 €",BREF
Droguería y limpieza,Limpieza hogar,Colgador WC Poder Activo Natura 1 U,"1,49 € / 1 U","1,85 €
1,49 €",BREF
Droguería y limpieza,Limpieza hogar,Colgador WC Poder Activo Natura 1 U,"1,49 € / 1 U","1,85 €
1,49 €",BREF
Droguería y limpieza,Limpieza hogar,Colgador WC Poder Activo Natura 1 U,"1,49 € / 1 U","1,85 €
1,49 €",BREF
Droguería y limpieza,Limpieza hogar,Colgador WC Poder Activo Natura 1 U,"1,49 € / 1 U","1,85 €
1,49 €",BREF
Droguería y limpieza,Limpieza hogar,Colgador WC Poder Activo Natura 1 U,"1,49 € / 1 U","1,85 €
1,49 €",BREF
Droguería y limpieza,Limpieza hogar,Colgador WC Poder Activo Natura 1 U,"1,49 € / 1 U","1,85 €
1,49 €",BREF
Droguería y limpieza,Limpieza hogar,Colgador WC Poder Activo Natura 1 U,"1,49 € / 1 U","1,85 €
1,49 €",BREF
Droguería y limpieza,Limpieza hogar,Colgador WC Poder Activo Natura 1 U,"1,49 € / 1 U","1,85 €
1,49 €",BREF
Droguería y limpieza,Limpieza hogar,Colgador WC Poder Activo Natura 1 U,"1,49 € / 1 U","1,85 €
1,49 €",BREF
Droguería y limpieza,Limpieza hogar,Colgador WC Poder Activo Natura 1 U,"1,49 € / 1 U","1,85 €
1,49 €",BREF
Droguería y limpieza,Limpieza hogar,Colgador WC Poder Activo Natura 1 U,"1,49 € / 1 U","1,85 €
1,49 €",BREF
Droguería y limpieza,Limpieza hogar,Colgador WC Poder Activo Natura 1 U,"1,49 € / 1 U","1,85 €
1,49 €",BREF
Droguería y limpieza,Limpieza hogar,Colgador WC Poder Activo Natura 1 U,"1,49 € / 1 U","1,85 €
1,49 €",BREF
Droguería y limpieza,Limpieza hogar,Colgador WC Poder Activo Natura 1 U,"1,49 € / 1 U","1,85 €
1,49 €",BREF
Droguería y limpieza,Limpieza hogar,Colgador WC Poder Activo Natura 1 U,"1,49 € / 1 U","1,85 €
1,49 €",BREF
Droguería y limpieza,Limpieza hogar,Limpiador Desinfectante Multiusos 750 ml,"3,99 € / 1 L","2,99 €",SANYTOL
Droguería y limpieza,Limpieza hogar,Limpiador Desinfectante Multiusos 750 ml,"3,99 € / 1 L","2,99 €",SANYTOL
Droguería y limpieza,Limpieza hogar,Limpiador Desinfectante Multiusos 750 ml,"3,99 € / 1 L","2,99 €",SANYTOL
Droguería y limpieza,Limpieza hogar,Limpiador Desinfectante Multiusos 750 ml,"3,99 € / 1 L","2,99 €",SANYTOL
Droguería y limpieza,Limpieza hogar,Limpiador Desinfectante Multiusos 750 ml,"3,99 € / 1 L","2,99 €",SANYTOL
Droguería y limpieza,Limpieza hogar,Limpiador Desinfectante Multiusos 750 ml,"3,99 € / 1 L","2,99 €",SANYTOL
Droguería y limpieza,Limpieza hogar,Limpiador Desinfectante Multiusos 750 ml,"3,99 € / 1 L","2,99 €",SANYTOL
Droguería y limpieza,Limpieza hogar,Limpiador Desinfectante Multiusos 750 ml,"3,99 € / 1 L","2,99 €",SANYTOL
Droguería y limpieza,Limpieza hogar,Limpiador Desinfectante Multiusos 750 ml,"3,99 € / 1 L","2,99 €",SANYTOL
Droguería y limpieza,Limpieza hogar,Limpiador Desinfectante Multiusos 750 ml,"3,99 € / 1 L","2,99 €",SANYTOL
Droguería y limpieza,Limpieza hogar,Limpiador Desinfectante Multiusos 750 ml,"3,99 € / 1 L","2,99 €",SANYTOL
Droguería y limpieza,Limpieza hogar,Limpiador Desinfectante Multiusos 750 ml,"3,99 € / 1 L","2,99 €",SANYTOL
Droguería y limpieza,Limpieza hogar,Limpiador Desinfectante Multiusos 750 ml,"3,99 € / 1 L","2,99 €",SANYTOL
Droguería y limpieza,Limpieza hogar,Limpiador Desinfectante Multiusos 750 ml,"3,99 € / 1 L","2,99 €",SANYTOL
Droguería y limpieza,Limpieza hogar,Limpiador Desinfectante Multiusos 750 ml,"3,99 € / 1 L","2,99 €",SANYTOL
Droguería y limpieza,Limpieza hogar,Limpiador Desinfectante Multiusos 750 ml,"3,99 € / 1 L","2,99 €",SANYTOL
Droguería y limpieza,Limpieza hogar,Limpiador Desinfectante Multiusos 750 ml,"3,99 € / 1 L","2,99 €",SANYTOL
Droguería y limpieza,Limpieza hogar,Limpiador Desinfectante Multiusos 750 ml,"3,99 € / 1 L","2,99 €",SANYTOL
Droguería y limpieza,Limpieza hogar,Limpiador Desinfectante Multiusos 750 ml,"3,99 € / 1 L","2,99 €",SANYTOL
Droguería y limpieza,Limpieza hogar,Limpiador Desinfectante Multiusos 750 ml,"3,99 € / 1 L","2,99 €",SANYTOL
Droguería y limpieza,Limpieza hogar,"Limpiador WC Líquido Oceano 0,75 L","4,25 € / 1 L","3,19 €",PATO
Droguería y limpieza,Limpieza hogar,"Limpiador WC Líquido Oceano 0,75 L","4,25 € / 1 L","3,19 €",PATO
Droguería y limpieza,Limpieza hogar,"Limpiador WC Líquido Oceano 0,75 L","4,25 € / 1 L","3,19 €",PATO
Droguería y limpieza,Limpieza hogar,"Limpiador WC Líquido Oceano 0,75 L","4,25 € / 1 L","3,19 €",PATO
Droguería y limpieza,Limpieza hogar,"Limpiador WC Líquido Oceano 0,75 L","4,25 € / 1 L","3,19 €",PATO
Droguería y limpieza,Limpieza hogar,"Limpiador WC Líquido Oceano 0,75 L","4,25 € / 1 L","3,19 €",PATO
Droguería y limpieza,Limpieza hogar,"Limpiador WC Líquido Oceano 0,75 L","4,25 € / 1 L","3,19 €",PATO
Droguería y limpieza,Limpieza hogar,"Limpiador WC Líquido Oceano 0,75 L","4,25 € / 1 L","3,19 €",PATO
Droguería y limpieza,Limpieza hogar,"Limpiador WC Líquido Oceano 0,75 L","4,25 € / 1 L","3,19 €",PATO
Droguería y limpieza,Limpieza hogar,"Limpiador WC Líquido Oceano 0,75 L","4,25 € / 1 L","3,19 €",PATO
Droguería y limpieza,Limpieza hogar,"Limpiador WC Líquido Oceano 0,75 L","4,25 € / 1 L","3,19 €",PATO
Droguería y limpieza,Limpieza hogar,"Limpiador WC Líquido Oceano 0,75 L","4,25 € / 1 L","3,19 €",PATO
Droguería y limpieza,Limpieza hogar,"Limpiador WC Líquido Oceano 0,75 L","4,25 € / 1 L","3,19 €",PATO
Droguería y limpieza,Limpieza hogar,"Limpiador WC Líquido Oceano 0,75 L","4,25 € / 1 L","3,19 €",PATO
Droguería y limpieza,Limpieza hogar,"Limpiador WC Líquido Oceano 0,75 L","4,25 € / 1 L","3,19 €",PATO
Droguería y limpieza,Limpieza hogar,"Limpiador WC Líquido Oceano 0,75 L","4,25 € / 1 L","3,19 €",PATO
Droguería y limpieza,Limpieza hogar,"Limpiador WC Líquido Oceano 0,75 L","4,25 € / 1 L","3,19 €",PATO
Droguería y limpieza,Limpieza hogar,"Limpiador WC Líquido Oceano 0,75 L","4,25 € / 1 L","3,19 €",PATO
Droguería y limpieza,Limpieza hogar,"Limpiador WC Líquido Oceano 0,75 L","4,25 € / 1 L","3,19 €",PATO
Droguería y limpieza,Limpieza hogar,"Limpiador WC Líquido Oceano 0,75 L","4,25 € / 1 L","3,19 €",PATO
Droguería y limpieza,Limpieza hogar,"Descalcificador 0,5 L","3,78 € / 1 L","1,89 €",CONSUM
Droguería y limpieza,Limpieza hogar,"Descalcificador 0,5 L","3,78 € / 1 L","1,89 €",CONSUM
Droguería y limpieza,Limpieza hogar,"Descalcificador 0,5 L","3,78 € / 1 L","1,89 €",CONSUM
Droguería y limpieza,Limpieza hogar,"Descalcificador 0,5 L","3,78 € / 1 L","1,89 €",CONSUM
Droguería y limpieza,Limpieza hogar,"Descalcificador 0,5 L","3,78 € / 1 L","1,89 €",CONSUM
Droguería y limpieza,Limpieza hogar,"Descalcificador 0,5 L","3,78 € / 1 L","1,89 €",CONSUM
Droguería y limpieza,Limpieza hogar,"Descalcificador 0,5 L","3,78 € / 1 L","1,89 €",CONSUM
Droguería y limpieza,Limpieza hogar,"Descalcificador 0,5 L","3,78 € / 1 L","1,89 €",CONSUM
Droguería y limpieza,Limpieza hogar,"Descalcificador 0,5 L","3,78 € / 1 L","1,89 €",CONSUM
Droguería y limpieza,Limpieza hogar,"Descalcificador 0,5 L","3,78 € / 1 L","1,89 €",CONSUM
Droguería y limpieza,Limpieza hogar,"Descalcificador 0,5 L","3,78 € / 1 L","1,89 €",CONSUM
Droguería y limpieza,Limpieza hogar,"Descalcificador 0,5 L","3,78 € / 1 L","1,89 €",CONSUM
Droguería y limpieza,Limpieza hogar,"Descalcificador 0,5 L","3,78 € / 1 L","1,89 €",CONSUM
Droguería y limpieza,Limpieza hogar,"Descalcificador 0,5 L","3,78 € / 1 L","1,89 €",CONSUM
Droguería y limpieza,Limpieza hogar,"Descalcificador 0,5 L","3,78 € / 1 L","1,89 €",CONSUM
Droguería y limpieza,Limpieza hogar,"Descalcificador 0,5 L","3,78 € / 1 L","1,89 €",CONSUM
Droguería y limpieza,Limpieza hogar,"Descalcificador 0,5 L","3,78 € / 1 L","1,89 €",CONSUM
Droguería y limpieza,Limpieza hogar,"Descalcificador 0,5 L","3,78 € / 1 L","1,89 €",CONSUM
Droguería y limpieza,Limpieza hogar,"Descalcificador 0,5 L","3,78 € / 1 L","1,89 €",CONSUM
Droguería y limpieza,Limpieza hogar,"Descalcificador 0,5 L","3,78 € / 1 L","1,89 €",CONSUM
Droguería y limpieza,Limpieza hogar,Lejía Lavadora Densa 2 L,"0,63 € / 1 L","1,25 €",CONSUM
Droguería y limpieza,Limpieza hogar,Lejía Lavadora Densa 2 L,"0,63 € / 1 L","1,25 €",CONSUM
Droguería y limpieza,Limpieza hogar,Lejía Lavadora Densa 2 L,"0,63 € / 1 L","1,25 €",CONSUM
Droguería y limpieza,Limpieza hogar,Lejía Lavadora Densa 2 L,"0,63 € / 1 L","1,25 €",CONSUM
Droguería y limpieza,Limpieza hogar,Lejía Lavadora Densa 2 L,"0,63 € / 1 L","1,25 €",CONSUM
Droguería y limpieza,Limpieza hogar,Lejía Lavadora Densa 2 L,"0,63 € / 1 L","1,25 €",CONSUM
Droguería y limpieza,Limpieza hogar,Lejía Lavadora Densa 2 L,"0,63 € / 1 L","1,25 €",CONSUM
Droguería y limpieza,Limpieza hogar,Lejía Lavadora Densa 2 L,"0,63 € / 1 L","1,25 €",CONSUM
Droguería y limpieza,Limpieza hogar,Lejía Lavadora Densa 2 L,"0,63 € / 1 L","1,25 €",CONSUM
Droguería y limpieza,Limpieza hogar,Lejía Lavadora Densa 2 L,"0,63 € / 1 L","1,25 €",CONSUM
Droguería y limpieza,Limpieza hogar,Lejía Lavadora Densa 2 L,"0,63 € / 1 L","1,25 €",CONSUM
Droguería y limpieza,Limpieza hogar,Lejía Lavadora Densa 2 L,"0,63 € / 1 L","1,25 €",CONSUM
Droguería y limpieza,Limpieza hogar,Lejía Lavadora Densa 2 L,"0,63 € / 1 L","1,25 €",CONSUM
Droguería y limpieza,Limpieza hogar,Lejía Lavadora Densa 2 L,"0,63 € / 1 L","1,25 €",CONSUM
Droguería y limpieza,Limpieza hogar,Lejía Lavadora Densa 2 L,"0,63 € / 1 L","1,25 €",CONSUM
Droguería y limpieza,Limpieza hogar,Lejía Lavadora Densa 2 L,"0,63 € / 1 L","1,25 €",CONSUM
Droguería y limpieza,Limpieza hogar,Lejía Lavadora Densa 2 L,"0,63 € / 1 L","1,25 €",CONSUM
Droguería y limpieza,Limpieza hogar,Lejía Lavadora Densa 2 L,"0,63 € / 1 L","1,25 €",CONSUM
Droguería y limpieza,Limpieza hogar,Lejía Lavadora Densa 2 L,"0,63 € / 1 L","1,25 €",CONSUM
Droguería y limpieza,Limpieza hogar,Lejía Lavadora Densa 2 L,"0,63 € / 1 L","1,25 €",CONSUM
Droguería y limpieza,Limpieza hogar,"Limpia Vitrocerámica 0,45 L","11,67 € / 1 L","5,25 €",VITROCLEN
Droguería y limpieza,Limpieza hogar,"Limpia Vitrocerámica 0,45 L","11,67 € / 1 L","5,25 €",VITROCLEN
Droguería y limpieza,Limpieza hogar,"Limpia Vitrocerámica 0,45 L","11,67 € / 1 L","5,25 €",VITROCLEN
Droguería y limpieza,Limpieza hogar,"Limpia Vitrocerámica 0,45 L","11,67 € / 1 L","5,25 €",VITROCLEN
Droguería y limpieza,Limpieza hogar,"Limpia Vitrocerámica 0,45 L","11,67 € / 1 L","5,25 €",VITROCLEN
Droguería y limpieza,Limpieza hogar,"Limpia Vitrocerámica 0,45 L","11,67 € / 1 L","5,25 €",VITROCLEN
Droguería y limpieza,Limpieza hogar,"Limpia Vitrocerámica 0,45 L","11,67 € / 1 L","5,25 €",VITROCLEN
Droguería y limpieza,Limpieza hogar,"Limpia Vitrocerámica 0,45 L","11,67 € / 1 L","5,25 €",VITROCLEN
Droguería y limpieza,Limpieza hogar,"Limpia Vitrocerámica 0,45 L","11,67 € / 1 L","5,25 €",VITROCLEN
Droguería y limpieza,Limpieza hogar,"Limpia Vitrocerámica 0,45 L","11,67 € / 1 L","5,25 €",VITROCLEN
Droguería y limpieza,Limpieza hogar,"Limpia Vitrocerámica 0,45 L","11,67 € / 1 L","5,25 €",VITROCLEN
Droguería y limpieza,Limpieza hogar,"Limpia Vitrocerámica 0,45 L","11,67 € / 1 L","5,25 €",VITROCLEN
Droguería y limpieza,Limpieza hogar,"Limpia Vitrocerámica 0,45 L","11,67 € / 1 L","5,25 €",VITROCLEN
Droguería y limpieza,Limpieza hogar,"Limpia Vitrocerámica 0,45 L","11,67 € / 1 L","5,25 €",VITROCLEN
Droguería y limpieza,Limpieza hogar,"Limpia Vitrocerámica 0,45 L","11,67 € / 1 L","5,25 €",VITROCLEN
Droguería y limpieza,Limpieza hogar,"Limpia Vitrocerámica 0,45 L","11,67 € / 1 L","5,25 €",VITROCLEN
Droguería y limpieza,Limpieza hogar,"Limpia Vitrocerámica 0,45 L","11,67 € / 1 L","5,25 €",VITROCLEN
Droguería y limpieza,Limpieza hogar,"Limpia Vitrocerámica 0,45 L","11,67 € / 1 L","5,25 €",VITROCLEN
Droguería y limpieza,Limpieza hogar,"Limpia Vitrocerámica 0,45 L","11,67 € / 1 L","5,25 €",VITROCLEN
Droguería y limpieza,Limpieza hogar,"Limpia Vitrocerámica 0,45 L","11,67 € / 1 L","5,25 €",VITROCLEN
Droguería y limpieza,Limpieza hogar,"Lejía con Detergente Limón 1,43 L","1,85 € / 1 L","2,65 €",ESTRELLA
Droguería y limpieza,Limpieza hogar,"Lejía con Detergente Limón 1,43 L","1,85 € / 1 L","2,65 €",ESTRELLA
Droguería y limpieza,Limpieza hogar,"Lejía con Detergente Limón 1,43 L","1,85 € / 1 L","2,65 €",ESTRELLA
Droguería y limpieza,Limpieza hogar,"Lejía con Detergente Limón 1,43 L","1,85 € / 1 L","2,65 €",ESTRELLA
Droguería y limpieza,Limpieza hogar,"Lejía con Detergente Limón 1,43 L","1,85 € / 1 L","2,65 €",ESTRELLA
Droguería y limpieza,Limpieza hogar,"Lejía con Detergente Limón 1,43 L","1,85 € / 1 L","2,65 €",ESTRELLA
Droguería y limpieza,Limpieza hogar,"Lejía con Detergente Limón 1,43 L","1,85 € / 1 L","2,65 €",ESTRELLA
Droguería y limpieza,Limpieza hogar,"Lejía con Detergente Limón 1,43 L","1,85 € / 1 L","2,65 €",ESTRELLA
Droguería y limpieza,Limpieza hogar,"Lejía con Detergente Limón 1,43 L","1,85 € / 1 L","2,65 €",ESTRELLA
Droguería y limpieza,Limpieza hogar,"Lejía con Detergente Limón 1,43 L","1,85 € / 1 L","2,65 €",ESTRELLA
Droguería y limpieza,Limpieza hogar,"Lejía con Detergente Limón 1,43 L","1,85 € / 1 L","2,65 €",ESTRELLA
Droguería y limpieza,Limpieza hogar,"Lejía con Detergente Limón 1,43 L","1,85 € / 1 L","2,65 €",ESTRELLA
Droguería y limpieza,Limpieza hogar,"Lejía con Detergente Limón 1,43 L","1,85 € / 1 L","2,65 €",ESTRELLA
Droguería y limpieza,Limpieza hogar,"Lejía con Detergente Limón 1,43 L","1,85 € / 1 L","2,65 €",ESTRELLA
Droguería y limpieza,Limpieza hogar,"Lejía con Detergente Limón 1,43 L","1,85 € / 1 L","2,65 €",ESTRELLA
Droguería y limpieza,Limpieza hogar,"Lejía con Detergente Limón 1,43 L","1,85 € / 1 L","2,65 €",ESTRELLA
Droguería y limpieza,Limpieza hogar,"Lejía con Detergente Limón 1,43 L","1,85 € / 1 L","2,65 €",ESTRELLA
Droguería y limpieza,Limpieza hogar,"Lejía con Detergente Limón 1,43 L","1,85 € / 1 L","2,65 €",ESTRELLA
Droguería y limpieza,Limpieza hogar,"Lejía con Detergente Limón 1,43 L","1,85 € / 1 L","2,65 €",ESTRELLA
Droguería y limpieza,Limpieza hogar,"Lejía con Detergente Limón 1,43 L","1,85 € / 1 L","2,65 €",ESTRELLA
Droguería y limpieza,Limpieza hogar,"Fregasuelos Ph Neutro 0,95 L","2,20 € / 1 L","2,09 €",ASEVI
Droguería y limpieza,Limpieza hogar,"Fregasuelos Ph Neutro 0,95 L","2,20 € / 1 L","2,09 €",ASEVI
Droguería y limpieza,Limpieza hogar,"Fregasuelos Ph Neutro 0,95 L","2,20 € / 1 L","2,09 €",ASEVI
Droguería y limpieza,Limpieza hogar,"Fregasuelos Ph Neutro 0,95 L","2,20 € / 1 L","2,09 €",ASEVI
Droguería y limpieza,Limpieza hogar,"Fregasuelos Ph Neutro 0,95 L","2,20 € / 1 L","2,09 €",ASEVI
Droguería y limpieza,Limpieza hogar,"Fregasuelos Ph Neutro 0,95 L","2,20 € / 1 L","2,09 €",ASEVI
Droguería y limpieza,Limpieza hogar,"Fregasuelos Ph Neutro 0,95 L","2,20 € / 1 L","2,09 €",ASEVI
Droguería y limpieza,Limpieza hogar,"Fregasuelos Ph Neutro 0,95 L","2,20 € / 1 L","2,09 €",ASEVI
Droguería y limpieza,Limpieza hogar,"Fregasuelos Ph Neutro 0,95 L","2,20 € / 1 L","2,09 €",ASEVI
Droguería y limpieza,Limpieza hogar,"Fregasuelos Ph Neutro 0,95 L","2,20 € / 1 L","2,09 €",ASEVI
Droguería y limpieza,Limpieza hogar,"Fregasuelos Ph Neutro 0,95 L","2,20 € / 1 L","2,09 €",ASEVI
Droguería y limpieza,Limpieza hogar,"Fregasuelos Ph Neutro 0,95 L","2,20 € / 1 L","2,09 €",ASEVI
Droguería y limpieza,Limpieza hogar,"Fregasuelos Ph Neutro 0,95 L","2,20 € / 1 L","2,09 €",ASEVI
Droguería y limpieza,Limpieza hogar,"Fregasuelos Ph Neutro 0,95 L","2,20 € / 1 L","2,09 €",ASEVI
Droguería y limpieza,Limpieza hogar,"Fregasuelos Ph Neutro 0,95 L","2,20 € / 1 L","2,09 €",ASEVI
Droguería y limpieza,Limpieza hogar,"Fregasuelos Ph Neutro 0,95 L","2,20 € / 1 L","2,09 €",ASEVI
Droguería y limpieza,Limpieza hogar,"Fregasuelos Ph Neutro 0,95 L","2,20 € / 1 L","2,09 €",ASEVI
Droguería y limpieza,Limpieza hogar,"Fregasuelos Ph Neutro 0,95 L","2,20 € / 1 L","2,09 €",ASEVI
Droguería y limpieza,Limpieza hogar,"Fregasuelos Ph Neutro 0,95 L","2,20 € / 1 L","2,09 €",ASEVI
Droguería y limpieza,Limpieza hogar,"Fregasuelos Ph Neutro 0,95 L","2,20 € / 1 L","2,09 €",ASEVI
Droguería y limpieza,Limpieza hogar,Limpiador Cocina Quitagrasas Desinfectant. 780 ml,"4,35 € / 1 L","3,39 €",KH-7
Droguería y limpieza,Limpieza hogar,Limpiador Cocina Quitagrasas Desinfectant. 780 ml,"4,35 € / 1 L","3,39 €",KH-7
Droguería y limpieza,Limpieza cocina,"Abrillantador Lavavajillas 0,5 L","9,60 € / 1 L","4,80 €",FINISH
Droguería y limpieza,Limpieza cocina,"Abrillantador Lavavajillas 0,5 L","9,60 € / 1 L","4,80 €",FINISH
Droguería y limpieza,Limpieza cocina,"Abrillantador Lavavajillas 0,5 L","9,60 € / 1 L","4,80 €",FINISH
Droguería y limpieza,Limpieza cocina,"Abrillantador Lavavajillas 0,5 L","9,60 € / 1 L","4,80 €",FINISH
Droguería y limpieza,Limpieza cocina,"Abrillantador Lavavajillas 0,5 L","9,60 € / 1 L","4,80 €",FINISH
Droguería y limpieza,Limpieza cocina,"Abrillantador Lavavajillas 0,5 L","9,60 € / 1 L","4,80 €",FINISH
Droguería y limpieza,Limpieza cocina,"Abrillantador Lavavajillas 0,5 L","9,60 € / 1 L","4,80 €",FINISH
Droguería y limpieza,Limpieza cocina,"Abrillantador Lavavajillas 0,5 L","9,60 € / 1 L","4,80 €",FINISH
Droguería y limpieza,Limpieza cocina,"Abrillantador Lavavajillas 0,5 L","9,60 € / 1 L","4,80 €",FINISH
Droguería y limpieza,Limpieza cocina,"Abrillantador Lavavajillas 0,5 L","9,60 € / 1 L","4,80 €",FINISH
Droguería y limpieza,Limpieza cocina,"Abrillantador Lavavajillas 0,5 L","9,60 € / 1 L","4,80 €",FINISH
Droguería y limpieza,Limpieza cocina,"Abrillantador Lavavajillas 0,5 L","9,60 € / 1 L","4,80 €",FINISH
Droguería y limpieza,Limpieza cocina,"Abrillantador Lavavajillas 0,5 L","9,60 € / 1 L","4,80 €",FINISH
Droguería y limpieza,Limpieza cocina,"Abrillantador Lavavajillas 0,5 L","9,60 € / 1 L","4,80 €",FINISH
Droguería y limpieza,Limpieza cocina,"Abrillantador Lavavajillas 0,5 L","9,60 € / 1 L","4,80 €",FINISH
Droguería y limpieza,Limpieza cocina,"Abrillantador Lavavajillas 0,5 L","9,60 € / 1 L","4,80 €",FINISH
Droguería y limpieza,Limpieza cocina,"Abrillantador Lavavajillas 0,5 L","9,60 € / 1 L","4,80 €",FINISH
Droguería y limpieza,Limpieza cocina,"Abrillantador Lavavajillas 0,5 L","9,60 € / 1 L","4,80 €",FINISH
Droguería y limpieza,Limpieza cocina,"Abrillantador Lavavajillas 0,5 L","9,60 € / 1 L","4,80 €",FINISH
Droguería y limpieza,Limpieza cocina,"Abrillantador Lavavajillas 0,5 L","9,60 € / 1 L","4,80 €",FINISH
Droguería y limpieza,Limpieza cocina,Lavavajillas Máquina Gel Vinagre Pack 70 Lv,"0,15 € / 1 Lv","10,50 €",SOMAT
Droguería y limpieza,Limpieza cocina,Lavavajillas Máquina Gel Vinagre Pack 70 Lv,"0,15 € / 1 Lv","10,50 €",SOMAT
Droguería y limpieza,Limpieza cocina,Lavavajillas Máquina Gel Vinagre Pack 70 Lv,"0,15 € / 1 Lv","10,50 €",SOMAT
Droguería y limpieza,Limpieza cocina,Lavavajillas Máquina Gel Vinagre Pack 70 Lv,"0,15 € / 1 Lv","10,50 €",SOMAT
Droguería y limpieza,Limpieza cocina,Lavavajillas Máquina Gel Vinagre Pack 70 Lv,"0,15 € / 1 Lv","10,50 €",SOMAT
Droguería y limpieza,Limpieza cocina,Lavavajillas Máquina Gel Vinagre Pack 70 Lv,"0,15 € / 1 Lv","10,50 €",SOMAT
Droguería y limpieza,Limpieza cocina,Lavavajillas Máquina Gel Vinagre Pack 70 Lv,"0,15 € / 1 Lv","10,50 €",SOMAT
Droguería y limpieza,Limpieza cocina,Lavavajillas Máquina Gel Vinagre Pack 70 Lv,"0,15 € / 1 Lv","10,50 €",SOMAT
Droguería y limpieza,Limpieza cocina,Lavavajillas Máquina Gel Vinagre Pack 70 Lv,"0,15 € / 1 Lv","10,50 €",SOMAT
Droguería y limpieza,Limpieza cocina,Lavavajillas Máquina Gel Vinagre Pack 70 Lv,"0,15 € / 1 Lv","10,50 €",SOMAT
Droguería y limpieza,Limpieza cocina,Lavavajillas Máquina Gel Vinagre Pack 70 Lv,"0,15 € / 1 Lv","10,50 €",SOMAT
Droguería y limpieza,Limpieza cocina,Lavavajillas Máquina Gel Vinagre Pack 70 Lv,"0,15 € / 1 Lv","10,50 €",SOMAT
Droguería y limpieza,Limpieza cocina,Lavavajillas Máquina Gel Vinagre Pack 70 Lv,"0,15 € / 1 Lv","10,50 €",SOMAT
Droguería y limpieza,Limpieza cocina,Lavavajillas Máquina Gel Vinagre Pack 70 Lv,"0,15 € / 1 Lv","10,50 €",SOMAT
Droguería y limpieza,Limpieza cocina,Lavavajillas Máquina Gel Vinagre Pack 70 Lv,"0,15 € / 1 Lv","10,50 €",SOMAT
Droguería y limpieza,Limpieza cocina,Lavavajillas Máquina Gel Vinagre Pack 70 Lv,"0,15 € / 1 Lv","10,50 €",SOMAT
Droguería y limpieza,Limpieza cocina,Lavavajillas Máquina Gel Vinagre Pack 70 Lv,"0,15 € / 1 Lv","10,50 €",SOMAT
Droguería y limpieza,Limpieza cocina,Lavavajillas Máquina Gel Vinagre Pack 70 Lv,"0,15 € / 1 Lv","10,50 €",SOMAT
Droguería y limpieza,Limpieza cocina,Lavavajillas Máquina Gel Vinagre Pack 70 Lv,"0,15 € / 1 Lv","10,50 €",SOMAT
Droguería y limpieza,Limpieza cocina,Lavavajillas Máquina Gel Vinagre Pack 70 Lv,"0,15 € / 1 Lv","10,50 €",SOMAT
Droguería y limpieza,Limpieza cocina,"Quitagrasas 0,75 L","2,00 € / 1 L","1,50 €",CONSUM
Droguería y limpieza,Limpieza cocina,"Quitagrasas 0,75 L","2,00 € / 1 L","1,50 €",CONSUM
Droguería y limpieza,Limpieza cocina,"Quitagrasas 0,75 L","2,00 € / 1 L","1,50 €",CONSUM
Droguería y limpieza,Limpieza cocina,"Quitagrasas 0,75 L","2,00 € / 1 L","1,50 €",CONSUM
Droguería y limpieza,Limpieza cocina,"Quitagrasas 0,75 L","2,00 € / 1 L","1,50 €",CONSUM
Droguería y limpieza,Limpieza cocina,"Quitagrasas 0,75 L","2,00 € / 1 L","1,50 €",CONSUM
Droguería y limpieza,Limpieza cocina,"Quitagrasas 0,75 L","2,00 € / 1 L","1,50 €",CONSUM
Droguería y limpieza,Limpieza cocina,"Quitagrasas 0,75 L","2,00 € / 1 L","1,50 €",CONSUM
Droguería y limpieza,Limpieza cocina,"Quitagrasas 0,75 L","2,00 € / 1 L","1,50 €",CONSUM
Droguería y limpieza,Limpieza cocina,"Quitagrasas 0,75 L","2,00 € / 1 L","1,50 €",CONSUM
Droguería y limpieza,Limpieza cocina,"Quitagrasas 0,75 L","2,00 € / 1 L","1,50 €",CONSUM
Droguería y limpieza,Limpieza cocina,"Quitagrasas 0,75 L","2,00 € / 1 L","1,50 €",CONSUM
Droguería y limpieza,Limpieza cocina,"Quitagrasas 0,75 L","2,00 € / 1 L","1,50 €",CONSUM
Droguería y limpieza,Limpieza cocina,"Quitagrasas 0,75 L","2,00 € / 1 L","1,50 €",CONSUM
Droguería y limpieza,Limpieza cocina,"Quitagrasas 0,75 L","2,00 € / 1 L","1,50 €",CONSUM
Droguería y limpieza,Limpieza cocina,"Quitagrasas 0,75 L","2,00 € / 1 L","1,50 €",CONSUM
Droguería y limpieza,Limpieza cocina,"Quitagrasas 0,75 L","2,00 € / 1 L","1,50 €",CONSUM
Droguería y limpieza,Limpieza baños,Colgador WC Poder Activo Natura 1 U,"1,49 € / 1 U","1,85 €
1,49 €",BREF
Droguería y limpieza,Limpieza baños,Colgador WC Poder Activo Natura 1 U,"1,49 € / 1 U","1,85 €
1,49 €",BREF
Droguería y limpieza,Limpieza baños,Colgador WC Poder Activo Natura 1 U,"1,49 € / 1 U","1,85 €
1,49 €",BREF
Droguería y limpieza,Limpieza baños,Colgador WC Poder Activo Natura 1 U,"1,49 € / 1 U","1,85 €
1,49 €",BREF
Droguería y limpieza,Limpieza baños,Colgador WC Poder Activo Natura 1 U,"1,49 € / 1 U","1,85 €
1,49 €",BREF
Droguería y limpieza,Limpieza baños,Colgador WC Poder Activo Natura 1 U,"1,49 € / 1 U","1,85 €
1,49 €",BREF
Droguería y limpieza,Limpieza baños,Colgador WC Poder Activo Natura 1 U,"1,49 € / 1 U","1,85 €
1,49 €",BREF
Droguería y limpieza,Limpieza baños,Colgador WC Poder Activo Natura 1 U,"1,49 € / 1 U","1,85 €
1,49 €",BREF
Droguería y limpieza,Limpieza baños,Colgador WC Poder Activo Natura 1 U,"1,49 € / 1 U","1,85 €
1,49 €",BREF
Droguería y limpieza,Limpieza baños,Colgador WC Poder Activo Natura 1 U,"1,49 € / 1 U","1,85 €
1,49 €",BREF
Droguería y limpieza,Limpieza baños,Colgador WC Poder Activo Natura 1 U,"1,49 € / 1 U","1,85 €
1,49 €",BREF
Droguería y limpieza,Limpieza baños,Colgador WC Poder Activo Natura 1 U,"1,49 € / 1 U","1,85 €
1,49 €",BREF
Droguería y limpieza,Limpieza baños,Colgador WC Poder Activo Natura 1 U,"1,49 € / 1 U","1,85 €
1,49 €",BREF
Droguería y limpieza,Limpieza baños,Colgador WC Poder Activo Natura 1 U,"1,49 € / 1 U","1,85 €
1,49 €",BREF
Droguería y limpieza,Limpieza baños,Colgador WC Poder Activo Natura 1 U,"1,49 € / 1 U","1,85 €
1,49 €",BREF
Droguería y limpieza,Limpieza baños,Colgador WC Poder Activo Natura 1 U,"1,49 € / 1 U","1,85 €
1,49 €",BREF
Droguería y limpieza,Limpieza baños,Colgador WC Poder Activo Natura 1 U,"1,49 € / 1 U","1,85 €
1,49 €",BREF
Droguería y limpieza,Limpieza baños,Colgador WC Poder Activo Natura 1 U,"1,49 € / 1 U","1,85 €
1,49 €",BREF
Droguería y limpieza,Limpieza baños,Colgador WC Poder Activo Natura 1 U,"1,49 € / 1 U","1,85 €
1,49 €",BREF
Droguería y limpieza,Limpieza baños,Colgador WC Poder Activo Natura 1 U,"1,49 € / 1 U","1,85 €
1,49 €",BREF
Droguería y limpieza,Limpieza baños,Limpiador Desincrustante 800 ml,"4,56 € / 1 L","3,65 €",WC NET
Droguería y limpieza,Limpieza baños,Limpiador Desincrustante 800 ml,"4,56 € / 1 L","3,65 €",WC NET
Droguería y limpieza,Limpieza baños,Limpiador Desincrustante 800 ml,"4,56 € / 1 L","3,65 €",WC NET
Droguería y limpieza,Limpieza baños,Limpiador Desincrustante 800 ml,"4,56 € / 1 L","3,65 €",WC NET
Droguería y limpieza,Limpieza baños,Limpiador Desincrustante 800 ml,"4,56 € / 1 L","3,65 €",WC NET
Droguería y limpieza,Limpieza baños,Limpiador Desincrustante 800 ml,"4,56 € / 1 L","3,65 €",WC NET
Droguería y limpieza,Limpieza baños,Limpiador Desincrustante 800 ml,"4,56 € / 1 L","3,65 €",WC NET
Droguería y limpieza,Limpieza baños,Limpiador Desincrustante 800 ml,"4,56 € / 1 L","3,65 €",WC NET
Droguería y limpieza,Limpieza baños,Limpiador Desincrustante 800 ml,"4,56 € / 1 L","3,65 €",WC NET
Droguería y limpieza,Limpieza baños,Limpiador Desincrustante 800 ml,"4,56 € / 1 L","3,65 €",WC NET
Droguería y limpieza,Limpieza baños,Limpiador Desincrustante 800 ml,"4,56 € / 1 L","3,65 €",WC NET
Droguería y limpieza,Limpieza baños,Limpiador Desincrustante 800 ml,"4,56 € / 1 L","3,65 €",WC NET
Droguería y limpieza,Limpieza baños,Limpiador Desincrustante 800 ml,"4,56 € / 1 L","3,65 €",WC NET
Droguería y limpieza,Limpieza baños,Limpiador Desincrustante 800 ml,"4,56 € / 1 L","3,65 €",WC NET
Droguería y limpieza,Limpieza baños,Limpiador Desincrustante 800 ml,"4,56 € / 1 L","3,65 €",WC NET
Droguería y limpieza,Limpieza baños,Limpiador Desincrustante 800 ml,"4,56 € / 1 L","3,65 €",WC NET
Droguería y limpieza,Limpieza baños,Limpiador Desincrustante 800 ml,"4,56 € / 1 L","3,65 €",WC NET
Droguería y limpieza,Limpieza baños,Limpiador Desincrustante 800 ml,"4,56 € / 1 L","3,65 €",WC NET
Droguería y limpieza,Limpieza baños,Limpiador Desincrustante 800 ml,"4,56 € / 1 L","3,65 €",WC NET
Droguería y limpieza,Limpieza baños,Limpiador Desincrustante 800 ml,"4,56 € / 1 L","3,65 €",WC NET
Droguería y limpieza,Limpieza baños,Colgador WC Gel Brillant Océano Ártico 1 U,"2,15 € / 1 U","2,15 €",BREF
Droguería y limpieza,Limpieza baños,Colgador WC Gel Brillant Océano Ártico 1 U,"2,15 € / 1 U","2,15 €",BREF
Droguería y limpieza,Limpieza baños,Colgador WC Gel Brillant Océano Ártico 1 U,"2,15 € / 1 U","2,15 €",BREF
Droguería y limpieza,Limpieza baños,Colgador WC Gel Brillant Océano Ártico 1 U,"2,15 € / 1 U","2,15 €",BREF
Droguería y limpieza,Limpieza baños,Colgador WC Gel Brillant Océano Ártico 1 U,"2,15 € / 1 U","2,15 €",BREF
Droguería y limpieza,Limpieza baños,Colgador WC Gel Brillant Océano Ártico 1 U,"2,15 € / 1 U","2,15 €",BREF
Droguería y limpieza,Limpieza baños,Colgador WC Gel Brillant Océano Ártico 1 U,"2,15 € / 1 U","2,15 €",BREF
Droguería y limpieza,Limpieza baños,Colgador WC Gel Brillant Océano Ártico 1 U,"2,15 € / 1 U","2,15 €",BREF
Droguería y limpieza,Limpieza baños,Colgador WC Gel Brillant Océano Ártico 1 U,"2,15 € / 1 U","2,15 €",BREF
Droguería y limpieza,Limpieza baños,Colgador WC Gel Brillant Océano Ártico 1 U,"2,15 € / 1 U","2,15 €",BREF
Droguería y limpieza,Limpieza baños,Colgador WC Gel Brillant Océano Ártico 1 U,"2,15 € / 1 U","2,15 €",BREF
Droguería y limpieza,Limpieza baños,Colgador WC Gel Brillant Océano Ártico 1 U,"2,15 € / 1 U","2,15 €",BREF
Droguería y limpieza,Limpieza baños,Colgador WC Gel Brillant Océano Ártico 1 U,"2,15 € / 1 U","2,15 €",BREF
Droguería y limpieza,Limpieza baños,Colgador WC Gel Brillant Océano Ártico 1 U,"2,15 € / 1 U","2,15 €",BREF
Droguería y limpieza,Limpieza baños,Colgador WC Gel Brillant Océano Ártico 1 U,"2,15 € / 1 U","2,15 €",BREF
Droguería y limpieza,Limpieza baños,Colgador WC Gel Brillant Océano Ártico 1 U,"2,15 € / 1 U","2,15 €",BREF
Droguería y limpieza,Limpieza baños,Colgador WC Gel Brillant Océano Ártico 1 U,"2,15 € / 1 U","2,15 €",BREF
Droguería y limpieza,Limpieza baños,Colgador WC Gel Brillant Océano Ártico 1 U,"2,15 € / 1 U","2,15 €",BREF
Droguería y limpieza,Limpieza baños,Colgador WC Gel Brillant Océano Ártico 1 U,"2,15 € / 1 U","2,15 €",BREF
Droguería y limpieza,Limpieza baños,Colgador WC Gel Brillant Océano Ártico 1 U,"2,15 € / 1 U","2,15 €",BREF
Droguería y limpieza,Limpieza baños,Colgador WC Agua Azul 2 U,"0,65 € / 1 U","1,30 €",CONSUM
Droguería y limpieza,Limpieza baños,Colgador WC Agua Azul 2 U,"0,65 € / 1 U","1,30 €",CONSUM
Droguería y limpieza,Limpieza baños,Colgador WC Agua Azul 2 U,"0,65 € / 1 U","1,30 €",CONSUM
Droguería y limpieza,Limpieza baños,Colgador WC Agua Azul 2 U,"0,65 € / 1 U","1,30 €",CONSUM
Droguería y limpieza,Limpieza baños,Colgador WC Agua Azul 2 U,"0,65 € / 1 U","1,30 €",CONSUM
Droguería y limpieza,Limpieza baños,Colgador WC Agua Azul 2 U,"0,65 € / 1 U","1,30 €",CONSUM
Droguería y limpieza,Accesorios y utensilios limpieza,Fregona Sintética Super 1 U,"1,99 € / 1 U","2,59 €
1,99 €",VILEDA
Droguería y limpieza,Accesorios y utensilios limpieza,Fregona Sintética Super 1 U,"1,99 € / 1 U","2,59 €
1,99 €",VILEDA
Droguería y limpieza,Accesorios y utensilios limpieza,Fregona Sintética Super 1 U,"1,99 € / 1 U","2,59 €
1,99 €",VILEDA
Droguería y limpieza,Accesorios y utensilios limpieza,Fregona Sintética Super 1 U,"1,99 € / 1 U","2,59 €
1,99 €",VILEDA
Droguería y limpieza,Accesorios y utensilios limpieza,Fregona Sintética Super 1 U,"1,99 € / 1 U","2,59 €
1,99 €",VILEDA
Droguería y limpieza,Accesorios y utensilios limpieza,Fregona Sintética Super 1 U,"1,99 € / 1 U","2,59 €
1,99 €",VILEDA
Droguería y limpieza,Accesorios y utensilios limpieza,Fregona Sintética Super 1 U,"1,99 € / 1 U","2,59 €
1,99 €",VILEDA
Droguería y limpieza,Accesorios y utensilios limpieza,Fregona Sintética Super 1 U,"1,99 € / 1 U","2,59 €
1,99 €",VILEDA
Droguería y limpieza,Accesorios y utensilios limpieza,Fregona Sintética Super 1 U,"1,99 € / 1 U","2,59 €
1,99 €",VILEDA
Droguería y limpieza,Accesorios y utensilios limpieza,Fregona Sintética Super 1 U,"1,99 € / 1 U","2,59 €
1,99 €",VILEDA
Droguería y limpieza,Accesorios y utensilios limpieza,Fregona Sintética Super 1 U,"1,99 € / 1 U","2,59 €
1,99 €",VILEDA
Droguería y limpieza,Accesorios y utensilios limpieza,Fregona Sintética Super 1 U,"1,99 € / 1 U","2,59 €
1,99 €",VILEDA
Droguería y limpieza,Accesorios y utensilios limpieza,Fregona Sintética Super 1 U,"1,99 € / 1 U","2,59 €
1,99 €",VILEDA
Droguería y limpieza,Accesorios y utensilios limpieza,Fregona Sintética Super 1 U,"1,99 € / 1 U","2,59 €
1,99 €",VILEDA
Droguería y limpieza,Accesorios y utensilios limpieza,Fregona Sintética Super 1 U,"1,99 € / 1 U","2,59 €
1,99 €",VILEDA
Droguería y limpieza,Accesorios y utensilios limpieza,Fregona Sintética Super 1 U,"1,99 € / 1 U","2,59 €
1,99 €",VILEDA
Droguería y limpieza,Accesorios y utensilios limpieza,Fregona Sintética Super 1 U,"1,99 € / 1 U","2,59 €
1,99 €",VILEDA
Droguería y limpieza,Accesorios y utensilios limpieza,Fregona Sintética Super 1 U,"1,99 € / 1 U","2,59 €
1,99 €",VILEDA
Droguería y limpieza,Accesorios y utensilios limpieza,Fregona Sintética Super 1 U,"1,99 € / 1 U","2,59 €
1,99 €",VILEDA
Droguería y limpieza,Accesorios y utensilios limpieza,Fregona Sintética Super 1 U,"1,99 € / 1 U","2,59 €
1,99 €",VILEDA
Droguería y limpieza,Accesorios y utensilios limpieza,Bayeta Especial Polvo Extrasuave 1 U,"0,90 € / 1 U","0,90 €",CONSUM
Droguería y limpieza,Accesorios y utensilios limpieza,Bayeta Especial Polvo Extrasuave 1 U,"0,90 € / 1 U","0,90 €",CONSUM
Droguería y limpieza,Accesorios y utensilios limpieza,Bayeta Especial Polvo Extrasuave 1 U,"0,90 € / 1 U","0,90 €",CONSUM
Droguería y limpieza,Accesorios y utensilios limpieza,Bayeta Especial Polvo Extrasuave 1 U,"0,90 € / 1 U","0,90 €",CONSUM
Droguería y limpieza,Accesorios y utensilios limpieza,Bayeta Especial Polvo Extrasuave 1 U,"0,90 € / 1 U","0,90 €",CONSUM
Droguería y limpieza,Accesorios y utensilios limpieza,Bayeta Especial Polvo Extrasuave 1 U,"0,90 € / 1 U","0,90 €",CONSUM
Droguería y limpieza,Accesorios y utensilios limpieza,Bayeta Especial Polvo Extrasuave 1 U,"0,90 € / 1 U","0,90 €",CONSUM
Droguería y limpieza,Accesorios y utensilios limpieza,Bayeta Especial Polvo Extrasuave 1 U,"0,90 € / 1 U","0,90 €",CONSUM
Droguería y limpieza,Accesorios y utensilios limpieza,Bayeta Especial Polvo Extrasuave 1 U,"0,90 € / 1 U","0,90 €",CONSUM
Droguería y limpieza,Accesorios y utensilios limpieza,Bayeta Especial Polvo Extrasuave 1 U,"0,90 € / 1 U","0,90 €",CONSUM
Droguería y limpieza,Accesorios y utensilios limpieza,Bayeta Especial Polvo Extrasuave 1 U,"0,90 € / 1 U","0,90 €",CONSUM
Droguería y limpieza,Accesorios y utensilios limpieza,Bayeta Especial Polvo Extrasuave 1 U,"0,90 € / 1 U","0,90 €",CONSUM
Droguería y limpieza,Accesorios y utensilios limpieza,Bayeta Especial Polvo Extrasuave 1 U,"0,90 € / 1 U","0,90 €",CONSUM
Droguería y limpieza,Accesorios y utensilios limpieza,Bayeta Especial Polvo Extrasuave 1 U,"0,90 € / 1 U","0,90 €",CONSUM
Droguería y limpieza,Accesorios y utensilios limpieza,Bayeta Especial Polvo Extrasuave 1 U,"0,90 € / 1 U","0,90 €",CONSUM
Droguería y limpieza,Accesorios y utensilios limpieza,Bayeta Especial Polvo Extrasuave 1 U,"0,90 € / 1 U","0,90 €",CONSUM
Droguería y limpieza,Accesorios y utensilios limpieza,Bayeta Especial Polvo Extrasuave 1 U,"0,90 € / 1 U","0,90 €",CONSUM
Droguería y limpieza,Accesorios y utensilios limpieza,Bayeta Especial Polvo Extrasuave 1 U,"0,90 € / 1 U","0,90 €",CONSUM
Droguería y limpieza,Accesorios y utensilios limpieza,Bayeta Especial Polvo Extrasuave 1 U,"0,90 € / 1 U","0,90 €",CONSUM
Droguería y limpieza,Accesorios y utensilios limpieza,Bayeta Especial Polvo Extrasuave 1 U,"0,90 € / 1 U","0,90 €",CONSUM
Droguería y limpieza,Accesorios y utensilios limpieza,Cubo Súper Fácil 1 U,"11,50 € / 1 U","11,50 €",VILEDA
Droguería y limpieza,Accesorios y utensilios limpieza,Cubo Súper Fácil 1 U,"11,50 € / 1 U","11,50 €",VILEDA
Droguería y limpieza,Accesorios y utensilios limpieza,Cubo Súper Fácil 1 U,"11,50 € / 1 U","11,50 €",VILEDA
Droguería y limpieza,Accesorios y utensilios limpieza,Cubo Súper Fácil 1 U,"11,50 € / 1 U","11,50 €",VILEDA
Droguería y limpieza,Accesorios y utensilios limpieza,Cubo Súper Fácil 1 U,"11,50 € / 1 U","11,50 €",VILEDA
Droguería y limpieza,Accesorios y utensilios limpieza,Cubo Súper Fácil 1 U,"11,50 € / 1 U","11,50 €",VILEDA
Droguería y limpieza,Accesorios y utensilios limpieza,Cubo Súper Fácil 1 U,"11,50 € / 1 U","11,50 €",VILEDA
Droguería y limpieza,Accesorios y utensilios limpieza,Cubo Súper Fácil 1 U,"11,50 € / 1 U","11,50 €",VILEDA
Droguería y limpieza,Accesorios y utensilios limpieza,Cubo Súper Fácil 1 U,"11,50 € / 1 U","11,50 €",VILEDA
Droguería y limpieza,Accesorios y utensilios limpieza,Cubo Súper Fácil 1 U,"11,50 € / 1 U","11,50 €",VILEDA
Droguería y limpieza,Accesorios y utensilios limpieza,Cubo Súper Fácil 1 U,"11,50 € / 1 U","11,50 €",VILEDA
Droguería y limpieza,Accesorios y utensilios limpieza,Cubo Súper Fácil 1 U,"11,50 € / 1 U","11,50 €",VILEDA
Droguería y limpieza,Accesorios y utensilios limpieza,Cubo Súper Fácil 1 U,"11,50 € / 1 U","11,50 €",VILEDA
Droguería y limpieza,Accesorios y utensilios limpieza,Cubo Súper Fácil 1 U,"11,50 € / 1 U","11,50 €",VILEDA
Droguería y limpieza,Accesorios y utensilios limpieza,Cubo Súper Fácil 1 U,"11,50 € / 1 U","11,50 €",VILEDA
Droguería y limpieza,Accesorios y utensilios limpieza,Cubo Súper Fácil 1 U,"11,50 € / 1 U","11,50 €",VILEDA
Droguería y limpieza,Accesorios y utensilios limpieza,Cubo Súper Fácil 1 U,"11,50 € / 1 U","11,50 €",VILEDA
Droguería y limpieza,Accesorios y utensilios limpieza,Cubo Súper Fácil 1 U,"11,50 € / 1 U","11,50 €",VILEDA
Droguería y limpieza,Accesorios y utensilios limpieza,Cubo Súper Fácil 1 U,"11,50 € / 1 U","11,50 €",VILEDA
Droguería y limpieza,Accesorios y utensilios limpieza,Cubo Súper Fácil 1 U,"11,50 € / 1 U","11,50 €",VILEDA
Droguería y limpieza,Accesorios y utensilios limpieza,Estropajo con Esponja no Raya Universal 1 U,"1,65 € / 1 U","1,65 €",S.BRITE
Droguería y limpieza,Accesorios y utensilios limpieza,Estropajo con Esponja no Raya Universal 1 U,"1,65 € / 1 U","1,65 €",S.BRITE
Droguería y limpieza,Accesorios y utensilios limpieza,Estropajo con Esponja no Raya Universal 1 U,"1,65 € / 1 U","1,65 €",S.BRITE
Droguería y limpieza,Accesorios y utensilios limpieza,Estropajo con Esponja no Raya Universal 1 U,"1,65 € / 1 U","1,65 €",S.BRITE
Droguería y limpieza,Accesorios y utensilios limpieza,Estropajo con Esponja no Raya Universal 1 U,"1,65 € / 1 U","1,65 €",S.BRITE
Droguería y limpieza,Accesorios y utensilios limpieza,Estropajo con Esponja no Raya Universal 1 U,"1,65 € / 1 U","1,65 €",S.BRITE
Droguería y limpieza,Accesorios y utensilios limpieza,Estropajo con Esponja no Raya Universal 1 U,"1,65 € / 1 U","1,65 €",S.BRITE
Droguería y limpieza,Accesorios y utensilios limpieza,Estropajo con Esponja no Raya Universal 1 U,"1,65 € / 1 U","1,65 €",S.BRITE
Droguería y limpieza,Accesorios y utensilios limpieza,Estropajo con Esponja no Raya Universal 1 U,"1,65 € / 1 U","1,65 €",S.BRITE
Droguería y limpieza,Accesorios y utensilios limpieza,Estropajo con Esponja no Raya Universal 1 U,"1,65 € / 1 U","1,65 €",S.BRITE
Droguería y limpieza,Accesorios y utensilios limpieza,Estropajo con Esponja no Raya Universal 1 U,"1,65 € / 1 U","1,65 €",S.BRITE
Droguería y limpieza,Accesorios y utensilios limpieza,Estropajo con Esponja no Raya Universal 1 U,"1,65 € / 1 U","1,65 €",S.BRITE
Droguería y limpieza,Accesorios y utensilios limpieza,Estropajo con Esponja no Raya Universal 1 U,"1,65 € / 1 U","1,65 €",S.BRITE
Droguería y limpieza,Accesorios y utensilios limpieza,Estropajo con Esponja no Raya Universal 1 U,"1,65 € / 1 U","1,65 €",S.BRITE
Droguería y limpieza,Accesorios y utensilios limpieza,Estropajo con Esponja no Raya Universal 1 U,"1,65 € / 1 U","1,65 €",S.BRITE
Droguería y limpieza,Accesorios y utensilios limpieza,Estropajo con Esponja no Raya Universal 1 U,"1,65 € / 1 U","1,65 €",S.BRITE
Droguería y limpieza,Accesorios y utensilios limpieza,Estropajo con Esponja no Raya Universal 1 U,"1,65 € / 1 U","1,65 €",S.BRITE
Droguería y limpieza,Accesorios y utensilios limpieza,Estropajo con Esponja no Raya Universal 1 U,"1,65 € / 1 U","1,65 €",S.BRITE
Droguería y limpieza,Accesorios y utensilios limpieza,Estropajo con Esponja no Raya Universal 1 U,"1,65 € / 1 U","1,65 €",S.BRITE
Droguería y limpieza,Accesorios y utensilios limpieza,Estropajo con Esponja no Raya Universal 1 U,"1,65 € / 1 U","1,65 €",S.BRITE
Droguería y limpieza,Accesorios y utensilios limpieza,Bayeta Microfibra Pequeña 3 U,"0,55 € / 1 U","1,65 €",CONSUM
Droguería y limpieza,Accesorios y utensilios limpieza,Bayeta Microfibra Pequeña 3 U,"0,55 € / 1 U","1,65 €",CONSUM
Droguería y limpieza,Accesorios y utensilios limpieza,Bayeta Microfibra Pequeña 3 U,"0,55 € / 1 U","1,65 €",CONSUM
Droguería y limpieza,Accesorios y utensilios limpieza,Bayeta Microfibra Pequeña 3 U,"0,55 € / 1 U","1,65 €",CONSUM
Droguería y limpieza,Accesorios y utensilios limpieza,Bayeta Microfibra Pequeña 3 U,"0,55 € / 1 U","1,65 €",CONSUM
Droguería y limpieza,Accesorios y utensilios limpieza,Bayeta Microfibra Pequeña 3 U,"0,55 € / 1 U","1,65 €",CONSUM
Droguería y limpieza,Accesorios y utensilios limpieza,Bayeta Microfibra Pequeña 3 U,"0,55 € / 1 U","1,65 €",CONSUM
Droguería y limpieza,Accesorios y utensilios limpieza,Bayeta Microfibra Pequeña 3 U,"0,55 € / 1 U","1,65 €",CONSUM
Droguería y limpieza,Accesorios y utensilios limpieza,Bayeta Microfibra Pequeña 3 U,"0,55 € / 1 U","1,65 €",CONSUM
Droguería y limpieza,Accesorios y utensilios limpieza,Bayeta Microfibra Pequeña 3 U,"0,55 € / 1 U","1,65 €",CONSUM
Droguería y limpieza,Accesorios y utensilios limpieza,Bayeta Microfibra Pequeña 3 U,"0,55 € / 1 U","1,65 €",CONSUM
Droguería y limpieza,Accesorios y utensilios limpieza,Bayeta Microfibra Pequeña 3 U,"0,55 € / 1 U","1,65 €",CONSUM
Droguería y limpieza,Accesorios y utensilios limpieza,Bayeta Microfibra Pequeña 3 U,"0,55 € / 1 U","1,65 €",CONSUM
Droguería y limpieza,Accesorios y utensilios limpieza,Bayeta Microfibra Pequeña 3 U,"0,55 € / 1 U","1,65 €",CONSUM
Droguería y limpieza,Accesorios y utensilios limpieza,Bayeta Microfibra Pequeña 3 U,"0,55 € / 1 U","1,65 €",CONSUM
Droguería y limpieza,Accesorios y utensilios limpieza,Bayeta Microfibra Pequeña 3 U,"0,55 € / 1 U","1,65 €",CONSUM
Droguería y limpieza,Accesorios y utensilios limpieza,Bayeta Microfibra Pequeña 3 U,"0,55 € / 1 U","1,65 €",CONSUM
Droguería y limpieza,Accesorios y utensilios limpieza,Bayeta Microfibra Pequeña 3 U,"0,55 € / 1 U","1,65 €",CONSUM
Droguería y limpieza,Accesorios y utensilios limpieza,Bayeta Microfibra Pequeña 3 U,"0,55 € / 1 U","1,65 €",CONSUM
Droguería y limpieza,Accesorios y utensilios limpieza,Bayeta Microfibra Pequeña 3 U,"0,55 € / 1 U","1,65 €",CONSUM
Droguería y limpieza,Accesorios y utensilios limpieza,Cepillo Lavaplatos Standard 1 U,"1,25 € / 1 U","1,25 €",VIGAR
Droguería y limpieza,Ambientadores,Duplo Rec Ambientador Fresh Matic Nenuco 2 x 1 U,"4,38 € / 1 U","10,99 €
8,75 €",AIR WICK
Droguería y limpieza,Ambientadores,Duplo Rec Ambientador Fresh Matic Nenuco 2 x 1 U,"4,38 € / 1 U","10,99 €
8,75 €",AIR WICK
Droguería y limpieza,Ambientadores,Duplo Rec Ambientador Fresh Matic Nenuco 2 x 1 U,"4,38 € / 1 U","10,99 €
8,75 €",AIR WICK
Droguería y limpieza,Ambientadores,Duplo Rec Ambientador Fresh Matic Nenuco 2 x 1 U,"4,38 € / 1 U","10,99 €
8,75 €",AIR WICK
Droguería y limpieza,Ambientadores,Duplo Rec Ambientador Fresh Matic Nenuco 2 x 1 U,"4,38 € / 1 U","10,99 €
8,75 €",AIR WICK
Droguería y limpieza,Ambientadores,Duplo Rec Ambientador Fresh Matic Nenuco 2 x 1 U,"4,38 € / 1 U","10,99 €
8,75 €",AIR WICK
Droguería y limpieza,Ambientadores,Duplo Rec Ambientador Fresh Matic Nenuco 2 x 1 U,"4,38 € / 1 U","10,99 €
8,75 €",AIR WICK
Droguería y limpieza,Ambientadores,Duplo Rec Ambientador Fresh Matic Nenuco 2 x 1 U,"4,38 € / 1 U","10,99 €
8,75 €",AIR WICK
Droguería y limpieza,Ambientadores,Duplo Rec Ambientador Fresh Matic Nenuco 2 x 1 U,"4,38 € / 1 U","10,99 €
8,75 €",AIR WICK
Droguería y limpieza,Ambientadores,Duplo Rec Ambientador Fresh Matic Nenuco 2 x 1 U,"4,38 € / 1 U","10,99 €
8,75 €",AIR WICK
Droguería y limpieza,Ambientadores,Duplo Rec Ambientador Fresh Matic Nenuco 2 x 1 U,"4,38 € / 1 U","10,99 €
8,75 €",AIR WICK
Droguería y limpieza,Ambientadores,Duplo Rec Ambientador Fresh Matic Nenuco 2 x 1 U,"4,38 € / 1 U","10,99 €
8,75 €",AIR WICK
Droguería y limpieza,Ambientadores,Duplo Rec Ambientador Fresh Matic Nenuco 2 x 1 U,"4,38 € / 1 U","10,99 €
8,75 €",AIR WICK
Droguería y limpieza,Ambientadores,Duplo Rec Ambientador Fresh Matic Nenuco 2 x 1 U,"4,38 € / 1 U","10,99 €
8,75 €",AIR WICK
Droguería y limpieza,Ambientadores,Duplo Rec Ambientador Fresh Matic Nenuco 2 x 1 U,"4,38 € / 1 U","10,99 €
8,75 €",AIR WICK
Droguería y limpieza,Ambientadores,Duplo Rec Ambientador Fresh Matic Nenuco 2 x 1 U,"4,38 € / 1 U","10,99 €
8,75 €",AIR WICK
Droguería y limpieza,Ambientadores,Duplo Rec Ambientador Fresh Matic Nenuco 2 x 1 U,"4,38 € / 1 U","10,99 €
8,75 €",AIR WICK
Droguería y limpieza,Ambientadores,Duplo Rec Ambientador Fresh Matic Nenuco 2 x 1 U,"4,38 € / 1 U","10,99 €
8,75 €",AIR WICK
Droguería y limpieza,Ambientadores,Duplo Rec Ambientador Fresh Matic Nenuco 2 x 1 U,"4,38 € / 1 U","10,99 €
8,75 €",AIR WICK
Droguería y limpieza,Ambientadores,Duplo Rec Ambientador Fresh Matic Nenuco 2 x 1 U,"4,38 € / 1 U","10,99 €
8,75 €",AIR WICK
Droguería y limpieza,Ambientadores,Ambientador Deluxe Líquido Concentrado 1 U,"1,70 € / 1 U","1,70 €",FORESAN
Droguería y limpieza,Ambientadores,Ambientador Deluxe Líquido Concentrado 1 U,"1,70 € / 1 U","1,70 €",FORESAN
Droguería y limpieza,Ambientadores,Ambientador Deluxe Líquido Concentrado 1 U,"1,70 € / 1 U","1,70 €",FORESAN
Droguería y limpieza,Ambientadores,Ambientador Deluxe Líquido Concentrado 1 U,"1,70 € / 1 U","1,70 €",FORESAN
Droguería y limpieza,Ambientadores,Ambientador Deluxe Líquido Concentrado 1 U,"1,70 € / 1 U","1,70 €",FORESAN
Droguería y limpieza,Ambientadores,Ambientador Deluxe Líquido Concentrado 1 U,"1,70 € / 1 U","1,70 €",FORESAN
Droguería y limpieza,Ambientadores,Ambientador Deluxe Líquido Concentrado 1 U,"1,70 € / 1 U","1,70 €",FORESAN
Droguería y limpieza,Ambientadores,Ambientador Deluxe Líquido Concentrado 1 U,"1,70 € / 1 U","1,70 €",FORESAN
Droguería y limpieza,Ambientadores,Ambientador Deluxe Líquido Concentrado 1 U,"1,70 € / 1 U","1,70 €",FORESAN
Droguería y limpieza,Ambientadores,Ambientador Deluxe Líquido Concentrado 1 U,"1,70 € / 1 U","1,70 €",FORESAN
Droguería y limpieza,Ambientadores,Ambientador Deluxe Líquido Concentrado 1 U,"1,70 € / 1 U","1,70 €",FORESAN
Droguería y limpieza,Ambientadores,Ambientador Deluxe Líquido Concentrado 1 U,"1,70 € / 1 U","1,70 €",FORESAN
Droguería y limpieza,Ambientadores,Ambientador Deluxe Líquido Concentrado 1 U,"1,70 € / 1 U","1,70 €",FORESAN
Droguería y limpieza,Ambientadores,Ambientador Deluxe Líquido Concentrado 1 U,"1,70 € / 1 U","1,70 €",FORESAN
Droguería y limpieza,Ambientadores,Ambientador Deluxe Líquido Concentrado 1 U,"1,70 € / 1 U","1,70 €",FORESAN
Droguería y limpieza,Ambientadores,Ambientador Deluxe Líquido Concentrado 1 U,"1,70 € / 1 U","1,70 €",FORESAN
Droguería y limpieza,Ambientadores,Ambientador Deluxe Líquido Concentrado 1 U,"1,70 € / 1 U","1,70 €",FORESAN
Droguería y limpieza,Ambientadores,Ambientador Deluxe Líquido Concentrado 1 U,"1,70 € / 1 U","1,70 €",FORESAN
Droguería y limpieza,Ambientadores,Ambientador Deluxe Líquido Concentrado 1 U,"1,70 € / 1 U","1,70 €",FORESAN
Droguería y limpieza,Ambientadores,Ambientador Deluxe Líquido Concentrado 1 U,"1,70 € / 1 U","1,70 €",FORESAN
Droguería y limpieza,Ambientadores,Ambientador Coche Aire Fresco 1 U,"2,19 € / 1 U","2,19 €",MYHOME
Droguería y limpieza,Ambientadores,Ambientador Coche Aire Fresco 1 U,"2,19 € / 1 U","2,19 €",MYHOME
Droguería y limpieza,Ambientadores,Ambientador Coche Aire Fresco 1 U,"2,19 € / 1 U","2,19 €",MYHOME
Droguería y limpieza,Ambientadores,Ambientador Coche Aire Fresco 1 U,"2,19 € / 1 U","2,19 €",MYHOME
Droguería y limpieza,Ambientadores,Ambientador Coche Aire Fresco 1 U,"2,19 € / 1 U","2,19 €",MYHOME
Droguería y limpieza,Ambientadores,Ambientador Coche Aire Fresco 1 U,"2,19 € / 1 U","2,19 €",MYHOME
Droguería y limpieza,Ambientadores,Ambientador Coche Aire Fresco 1 U,"2,19 € / 1 U","2,19 €",MYHOME
Droguería y limpieza,Ambientadores,Ambientador Coche Aire Fresco 1 U,"2,19 € / 1 U","2,19 €",MYHOME
Droguería y limpieza,Ambientadores,Ambientador Coche Aire Fresco 1 U,"2,19 € / 1 U","2,19 €",MYHOME
Droguería y limpieza,Ambientadores,Ambientador Coche Aire Fresco 1 U,"2,19 € / 1 U","2,19 €",MYHOME
Droguería y limpieza,Ambientadores,Ambientador Coche Aire Fresco 1 U,"2,19 € / 1 U","2,19 €",MYHOME
Droguería y limpieza,Ambientadores,Ambientador Coche Aire Fresco 1 U,"2,19 € / 1 U","2,19 €",MYHOME
Droguería y limpieza,Ambientadores,Ambientador Coche Aire Fresco 1 U,"2,19 € / 1 U","2,19 €",MYHOME
Droguería y limpieza,Ambientadores,Ambientador Coche Aire Fresco 1 U,"2,19 € / 1 U","2,19 €",MYHOME
Droguería y limpieza,Ambientadores,Ambientador Coche Aire Fresco 1 U,"2,19 € / 1 U","2,19 €",MYHOME
Droguería y limpieza,Ambientadores,Ambientador Coche Aire Fresco 1 U,"2,19 € / 1 U","2,19 €",MYHOME
Droguería y limpieza,Ambientadores,Ambientador Coche Aire Fresco 1 U,"2,19 € / 1 U","2,19 €",MYHOME
Droguería y limpieza,Ambientadores,Ambientador Coche Aire Fresco 1 U,"2,19 € / 1 U","2,19 €",MYHOME
Droguería y limpieza,Ambientadores,Ambientador Coche Aire Fresco 1 U,"2,19 € / 1 U","2,19 €",MYHOME
Droguería y limpieza,Ambientadores,Ambientador Coche Aire Fresco 1 U,"2,19 € / 1 U","2,19 €",MYHOME
Droguería y limpieza,Ambientadores,Ambientador Perlas Agua Fresca 1 U,"1,45 € / 1 U","1,45 €",CONSUM
Droguería y limpieza,Ambientadores,Ambientador Perlas Agua Fresca 1 U,"1,45 € / 1 U","1,45 €",CONSUM
Droguería y limpieza,Ambientadores,Ambientador Perlas Agua Fresca 1 U,"1,45 € / 1 U","1,45 €",CONSUM
Droguería y limpieza,Ambientadores,Ambientador Perlas Agua Fresca 1 U,"1,45 € / 1 U","1,45 €",CONSUM
Droguería y limpieza,Ambientadores,Ambientador Perlas Agua Fresca 1 U,"1,45 € / 1 U","1,45 €",CONSUM
Droguería y limpieza,Ambientadores,Ambientador Perlas Agua Fresca 1 U,"1,45 € / 1 U","1,45 €",CONSUM
Droguería y limpieza,Ambientadores,Ambientador Perlas Agua Fresca 1 U,"1,45 € / 1 U","1,45 €",CONSUM
Droguería y limpieza,Ambientadores,Ambientador Perlas Agua Fresca 1 U,"1,45 € / 1 U","1,45 €",CONSUM
Droguería y limpieza,Ambientadores,Ambientador Perlas Agua Fresca 1 U,"1,45 € / 1 U","1,45 €",CONSUM
Droguería y limpieza,Ambientadores,Ambientador Perlas Agua Fresca 1 U,"1,45 € / 1 U","1,45 €",CONSUM
Droguería y limpieza,Ambientadores,Ambientador Perlas Agua Fresca 1 U,"1,45 € / 1 U","1,45 €",CONSUM
Droguería y limpieza,Ambientadores,Ambientador Perlas Agua Fresca 1 U,"1,45 € / 1 U","1,45 €",CONSUM
Droguería y limpieza,Ambientadores,Ambientador Perlas Agua Fresca 1 U,"1,45 € / 1 U","1,45 €",CONSUM
Droguería y limpieza,Ambientadores,Ambientador Perlas Agua Fresca 1 U,"1,45 € / 1 U","1,45 €",CONSUM
Droguería y limpieza,Ambientadores,Ambientador Perlas Agua Fresca 1 U,"1,45 € / 1 U","1,45 €",CONSUM
Droguería y limpieza,Ambientadores,Ambientador Perlas Agua Fresca 1 U,"1,45 € / 1 U","1,45 €",CONSUM
Droguería y limpieza,Ambientadores,Ambientador Perlas Agua Fresca 1 U,"1,45 € / 1 U","1,45 €",CONSUM
Droguería y limpieza,Ambientadores,Ambientador Perlas Agua Fresca 1 U,"1,45 € / 1 U","1,45 €",CONSUM
Droguería y limpieza,Ambientadores,Ambientador Perlas Agua Fresca 1 U,"1,45 € / 1 U","1,45 €",CONSUM
Droguería y limpieza,Ambientadores,Ambientador Perlas Agua Fresca 1 U,"1,45 € / 1 U","1,45 €",CONSUM
Droguería y limpieza,Ambientadores,Ambientador Active Fresh Recambio Flor de Jazmín 1 U,"5,99 € / 1 U","5,99 €",AIRWICK
Droguería y limpieza,Ambientadores,Ambientador Active Fresh Recambio Flor de Jazmín 1 U,"5,99 € / 1 U","5,99 €",AIRWICK
Droguería y limpieza,Ambientadores,Ambientador Active Fresh Recambio Flor de Jazmín 1 U,"5,99 € / 1 U","5,99 €",AIRWICK
Droguería y limpieza,Ambientadores,Ambientador Active Fresh Recambio Flor de Jazmín 1 U,"5,99 € / 1 U","5,99 €",AIRWICK
Droguería y limpieza,Ambientadores,Ambientador Active Fresh Recambio Flor de Jazmín 1 U,"5,99 € / 1 U","5,99 €",AIRWICK
Droguería y limpieza,Ambientadores,Ambientador Active Fresh Recambio Flor de Jazmín 1 U,"5,99 € / 1 U","5,99 €",AIRWICK
Droguería y limpieza,Insecticidas,Insecticida Friegasuelos 750 ml,"5,85 € / 1 L","4,39 €",DESIC
Droguería y limpieza,Insecticidas,Insecticida Friegasuelos 750 ml,"5,85 € / 1 L","4,39 €",DESIC
Droguería y limpieza,Insecticidas,Insecticida Friegasuelos 750 ml,"5,85 € / 1 L","4,39 €",DESIC
Droguería y limpieza,Insecticidas,Insecticida Friegasuelos 750 ml,"5,85 € / 1 L","4,39 €",DESIC
Droguería y limpieza,Insecticidas,Insecticida Friegasuelos 750 ml,"5,85 € / 1 L","4,39 €",DESIC
Droguería y limpieza,Insecticidas,Insecticida Friegasuelos 750 ml,"5,85 € / 1 L","4,39 €",DESIC
Droguería y limpieza,Insecticidas,Insecticida Friegasuelos 750 ml,"5,85 € / 1 L","4,39 €",DESIC
Droguería y limpieza,Insecticidas,Insecticida Friegasuelos 750 ml,"5,85 € / 1 L","4,39 €",DESIC
Droguería y limpieza,Insecticidas,Insecticida Friegasuelos 750 ml,"5,85 € / 1 L","4,39 €",DESIC
Droguería y limpieza,Insecticidas,Insecticida Friegasuelos 750 ml,"5,85 € / 1 L","4,39 €",DESIC
Droguería y limpieza,Insecticidas,Insecticida Friegasuelos 750 ml,"5,85 € / 1 L","4,39 €",DESIC
Droguería y limpieza,Insecticidas,Insecticida Friegasuelos 750 ml,"5,85 € / 1 L","4,39 €",DESIC
Droguería y limpieza,Insecticidas,Insecticida Friegasuelos 750 ml,"5,85 € / 1 L","4,39 €",DESIC
Droguería y limpieza,Insecticidas,Insecticida Friegasuelos 750 ml,"5,85 € / 1 L","4,39 €",DESIC
Droguería y limpieza,Insecticidas,Insecticida Friegasuelos 750 ml,"5,85 € / 1 L","4,39 €",DESIC
Droguería y limpieza,Insecticidas,Insecticida Friegasuelos 750 ml,"5,85 € / 1 L","4,39 €",DESIC
Droguería y limpieza,Insecticidas,Insecticida Friegasuelos 750 ml,"5,85 € / 1 L","4,39 €",DESIC
Droguería y limpieza,Insecticidas,Insecticida Friegasuelos 750 ml,"5,85 € / 1 L","4,39 €",DESIC
Droguería y limpieza,Insecticidas,Insecticida Friegasuelos 750 ml,"5,85 € / 1 L","4,39 €",DESIC
Droguería y limpieza,Insecticidas,Insecticida Friegasuelos 750 ml,"5,85 € / 1 L","4,39 €",DESIC
Droguería y limpieza,Insecticidas,"Insecticidas Cucarachas 0,4 L","5,63 € / 1 L","2,25 €",EBOGÓN
Droguería y limpieza,Insecticidas,"Insecticidas Cucarachas 0,4 L","5,63 € / 1 L","2,25 €",EBOGÓN
Droguería y limpieza,Insecticidas,"Insecticidas Cucarachas 0,4 L","5,63 € / 1 L","2,25 €",EBOGÓN
Droguería y limpieza,Insecticidas,"Insecticidas Cucarachas 0,4 L","5,63 € / 1 L","2,25 €",EBOGÓN
Droguería y limpieza,Insecticidas,"Insecticidas Cucarachas 0,4 L","5,63 € / 1 L","2,25 €",EBOGÓN
Droguería y limpieza,Insecticidas,"Insecticidas Cucarachas 0,4 L","5,63 € / 1 L","2,25 €",EBOGÓN
Droguería y limpieza,Limpieza calzado y accesorios,Esponja Limpia Calzado 1 U,"1,50 € / 1 U","1,50 €",YAK
Droguería y limpieza,Limpieza calzado y accesorios,Esponja Limpia Calzado 1 U,"1,50 € / 1 U","1,50 €",YAK
Droguería y limpieza,Limpieza calzado y accesorios,Esponja Limpia Calzado 1 U,"1,50 € / 1 U","1,50 €",YAK
Droguería y limpieza,Limpieza calzado y accesorios,Esponja Limpia Calzado 1 U,"1,50 € / 1 U","1,50 €",YAK
Droguería y limpieza,Limpieza calzado y accesorios,Esponja Limpia Calzado 1 U,"1,50 € / 1 U","1,50 €",YAK
Droguería y limpieza,Limpieza calzado y accesorios,Esponja Limpia Calzado 1 U,"1,50 € / 1 U","1,50 €",YAK
Droguería y limpieza,Limpieza calzado y accesorios,Esponja Limpia Calzado 1 U,"1,50 € / 1 U","1,50 €",YAK
Droguería y limpieza,Limpieza calzado y accesorios,Esponja Limpia Calzado 1 U,"1,50 € / 1 U","1,50 €",YAK
Droguería y limpieza,Limpieza calzado y accesorios,Esponja Limpia Calzado 1 U,"1,50 € / 1 U","1,50 €",YAK
Droguería y limpieza,Limpieza calzado y accesorios,Esponja Limpia Calzado 1 U,"1,50 € / 1 U","1,50 €",YAK
Droguería y limpieza,Limpieza calzado y accesorios,Esponja Limpia Calzado 1 U,"1,50 € / 1 U","1,50 €",YAK
Droguería y limpieza,Limpieza calzado y accesorios,Esponja Limpia Calzado 1 U,"1,50 € / 1 U","1,50 €",YAK
Droguería y limpieza,Limpieza calzado y accesorios,Esponja Limpia Calzado 1 U,"1,50 € / 1 U","1,50 €",YAK
Droguería y limpieza,Limpieza calzado y accesorios,Esponja Limpia Calzado 1 U,"1,50 € / 1 U","1,50 €",YAK
Droguería y limpieza,Limpieza calzado y accesorios,Esponja Limpia Calzado 1 U,"1,50 € / 1 U","1,50 €",YAK
Droguería y limpieza,Limpieza calzado y accesorios,Esponja Limpia Calzado 1 U,"1,50 € / 1 U","1,50 €",YAK
Droguería y limpieza,Limpieza calzado y accesorios,Esponja Limpia Calzado 1 U,"1,50 € / 1 U","1,50 €",YAK
Droguería y limpieza,Limpieza calzado y accesorios,Esponja Limpia Calzado 1 U,"1,50 € / 1 U","1,50 €",YAK
Droguería y limpieza,Limpieza calzado y accesorios,Esponja Limpia Calzado 1 U,"1,50 € / 1 U","1,50 €",YAK
Droguería y limpieza,Limpieza calzado y accesorios,Esponja Limpia Calzado 1 U,"1,50 € / 1 U","1,50 €",YAK
Droguería y limpieza,Limpieza calzado y accesorios,Plantilla Gel Talla 36-39 1 U,"3,99 € / 1 U","3,99 €",ACHUCHONAS
Droguería y limpieza,Limpieza calzado y accesorios,Plantilla Gel Talla 36-39 1 U,"3,99 € / 1 U","3,99 €",ACHUCHONAS
Droguería y limpieza,Limpieza calzado y accesorios,Plantilla Gel Talla 36-39 1 U,"3,99 € / 1 U","3,99 €",ACHUCHONAS
Droguería y limpieza,Limpieza calzado y accesorios,Plantilla Gel Talla 36-39 1 U,"3,99 € / 1 U","3,99 €",ACHUCHONAS
Droguería y limpieza,Limpieza calzado y accesorios,Plantilla Gel Talla 36-39 1 U,"3,99 € / 1 U","3,99 €",ACHUCHONAS
Droguería y limpieza,Limpieza calzado y accesorios,Plantilla Gel Talla 36-39 1 U,"3,99 € / 1 U","3,99 €",ACHUCHONAS
Droguería y limpieza,Limpieza calzado y accesorios,Plantilla Gel Talla 36-39 1 U,"3,99 € / 1 U","3,99 €",ACHUCHONAS
Droguería y limpieza,Limpieza calzado y accesorios,Plantilla Gel Talla 36-39 1 U,"3,99 € / 1 U","3,99 €",ACHUCHONAS
Droguería y limpieza,Limpieza calzado y accesorios,Plantilla Gel Talla 36-39 1 U,"3,99 € / 1 U","3,99 €",ACHUCHONAS
Droguería y limpieza,Limpieza calzado y accesorios,Plantilla Gel Talla 36-39 1 U,"3,99 € / 1 U","3,99 €",ACHUCHONAS
Droguería y limpieza,Limpieza calzado y accesorios,Plantilla Gel Talla 36-39 1 U,"3,99 € / 1 U","3,99 €",ACHUCHONAS
Droguería y limpieza,Limpieza calzado y accesorios,Plantilla Gel Talla 36-39 1 U,"3,99 € / 1 U","3,99 €",ACHUCHONAS
Droguería y limpieza,Limpieza calzado y accesorios,Plantilla Gel Talla 36-39 1 U,"3,99 € / 1 U","3,99 €",ACHUCHONAS
Droguería y limpieza,Limpieza calzado y accesorios,Plantilla Gel Talla 36-39 1 U,"3,99 € / 1 U","3,99 €",ACHUCHONAS
Droguería y limpieza,Limpieza calzado y accesorios,Plantilla Gel Talla 36-39 1 U,"3,99 € / 1 U","3,99 €",ACHUCHONAS
Droguería y limpieza,Limpieza calzado y accesorios,Plantilla Gel Talla 36-39 1 U,"3,99 € / 1 U","3,99 €",ACHUCHONAS
Droguería y limpieza,Limpieza calzado y accesorios,Plantilla Gel Talla 36-39 1 U,"3,99 € / 1 U","3,99 €",ACHUCHONAS
Droguería y limpieza,Limpieza calzado y accesorios,Plantilla Gel Talla 36-39 1 U,"3,99 € / 1 U","3,99 €",ACHUCHONAS
Droguería y limpieza,Limpieza calzado y accesorios,Plantilla Gel Talla 36-39 1 U,"3,99 € / 1 U","3,99 €",ACHUCHONAS
Droguería y limpieza,Limpieza calzado y accesorios,Plantilla Gel Talla 36-39 1 U,"3,99 € / 1 U","3,99 €",ACHUCHONAS
Droguería y limpieza,Limpieza calzado y accesorios,Crema Calzado Blanco 50 ml,"1,90 € / 100 ml","0,95 €",CONSUM
Droguería y limpieza,Limpieza calzado y accesorios,Crema Calzado Blanco 50 ml,"1,90 € / 100 ml","0,95 €",CONSUM
Droguería y limpieza,Limpieza calzado y accesorios,Crema Calzado Blanco 50 ml,"1,90 € / 100 ml","0,95 €",CONSUM
Droguería y limpieza,Limpieza calzado y accesorios,Crema Calzado Blanco 50 ml,"1,90 € / 100 ml","0,95 €",CONSUM
Droguería y limpieza,Limpieza calzado y accesorios,Crema Calzado Blanco 50 ml,"1,90 € / 100 ml","0,95 €",CONSUM
Droguería y limpieza,Limpieza calzado y accesorios,Crema Calzado Blanco 50 ml,"1,90 € / 100 ml","0,95 €",CONSUM
Droguería y limpieza,Limpieza calzado y accesorios,Crema Calzado Blanco 50 ml,"1,90 € / 100 ml","0,95 €",CONSUM
Droguería y limpieza,Limpieza calzado y accesorios,Crema Calzado Blanco 50 ml,"1,90 € / 100 ml","0,95 €",CONSUM
Droguería y limpieza,Limpieza calzado y accesorios,Crema Calzado Blanco 50 ml,"1,90 € / 100 ml","0,95 €",CONSUM
Cuidado personal,Cuidado del cabello,Acondicionador Cabello Natural 1000 ml,"1,20 € / 1 L","1,50 €
1,20 €",ANIAN
Cuidado personal,Cuidado del cabello,Acondicionador Cabello Natural 1000 ml,"1,20 € / 1 L","1,50 €
1,20 €",ANIAN
Cuidado personal,Cuidado del cabello,Acondicionador Cabello Natural 1000 ml,"1,20 € / 1 L","1,50 €
1,20 €",ANIAN
Cuidado personal,Cuidado del cabello,Acondicionador Cabello Natural 1000 ml,"1,20 € / 1 L","1,50 €
1,20 €",ANIAN
Cuidado personal,Cuidado del cabello,Acondicionador Cabello Natural 1000 ml,"1,20 € / 1 L","1,50 €
1,20 €",ANIAN
Cuidado personal,Cuidado del cabello,Acondicionador Cabello Natural 1000 ml,"1,20 € / 1 L","1,50 €
1,20 €",ANIAN
Cuidado personal,Cuidado del cabello,Acondicionador Cabello Natural 1000 ml,"1,20 € / 1 L","1,50 €
1,20 €",ANIAN
Cuidado personal,Cuidado del cabello,Acondicionador Cabello Natural 1000 ml,"1,20 € / 1 L","1,50 €
1,20 €",ANIAN
Cuidado personal,Cuidado del cabello,Acondicionador Cabello Natural 1000 ml,"1,20 € / 1 L","1,50 €
1,20 €",ANIAN
Cuidado personal,Cuidado del cabello,Acondicionador Cabello Natural 1000 ml,"1,20 € / 1 L","1,50 €
1,20 €",ANIAN
Cuidado personal,Cuidado del cabello,Acondicionador Cabello Natural 1000 ml,"1,20 € / 1 L","1,50 €
1,20 €",ANIAN
Cuidado personal,Cuidado del cabello,Acondicionador Cabello Natural 1000 ml,"1,20 € / 1 L","1,50 €
1,20 €",ANIAN
Cuidado personal,Cuidado del cabello,Acondicionador Cabello Natural 1000 ml,"1,20 € / 1 L","1,50 €
1,20 €",ANIAN
Cuidado personal,Cuidado del cabello,Acondicionador Cabello Natural 1000 ml,"1,20 € / 1 L","1,50 €
1,20 €",ANIAN
Cuidado personal,Cuidado del cabello,Acondicionador Cabello Natural 1000 ml,"1,20 € / 1 L","1,50 €
1,20 €",ANIAN
Cuidado personal,Cuidado del cabello,Acondicionador Cabello Natural 1000 ml,"1,20 € / 1 L","1,50 €
1,20 €",ANIAN
Cuidado personal,Cuidado del cabello,Acondicionador Cabello Natural 1000 ml,"1,20 € / 1 L","1,50 €
1,20 €",ANIAN
Cuidado personal,Cuidado del cabello,Acondicionador Cabello Natural 1000 ml,"1,20 € / 1 L","1,50 €
1,20 €",ANIAN
Cuidado personal,Cuidado del cabello,Acondicionador Cabello Natural 1000 ml,"1,20 € / 1 L","1,50 €
1,20 €",ANIAN
Cuidado personal,Cuidado del cabello,Acondicionador Cabello Natural 1000 ml,"1,20 € / 1 L","1,50 €
1,20 €",ANIAN
Cuidado personal,Cuidado del cabello,Champú Pure Fresh Coco Raíz grasa puntas secas 380 ml,"0,89 € / 100 ml","4,19 €
3,39 €",FRUCTIS
Cuidado personal,Cuidado del cabello,Champú Pure Fresh Coco Raíz grasa puntas secas 380 ml,"0,89 € / 100 ml","4,19 €
3,39 €",FRUCTIS
Cuidado personal,Cuidado del cabello,Champú Pure Fresh Coco Raíz grasa puntas secas 380 ml,"0,89 € / 100 ml","4,19 €
3,39 €",FRUCTIS
Cuidado personal,Cuidado del cabello,Champú Pure Fresh Coco Raíz grasa puntas secas 380 ml,"0,89 € / 100 ml","4,19 €
3,39 €",FRUCTIS
Cuidado personal,Cuidado del cabello,Champú Pure Fresh Coco Raíz grasa puntas secas 380 ml,"0,89 € / 100 ml","4,19 €
3,39 €",FRUCTIS
Cuidado personal,Cuidado del cabello,Champú Pure Fresh Coco Raíz grasa puntas secas 380 ml,"0,89 € / 100 ml","4,19 €
3,39 €",FRUCTIS
Cuidado personal,Cuidado del cabello,Champú Pure Fresh Coco Raíz grasa puntas secas 380 ml,"0,89 € / 100 ml","4,19 €
3,39 €",FRUCTIS
Cuidado personal,Cuidado del cabello,Champú Pure Fresh Coco Raíz grasa puntas secas 380 ml,"0,89 € / 100 ml","4,19 €
3,39 €",FRUCTIS
Cuidado personal,Cuidado del cabello,Champú Pure Fresh Coco Raíz grasa puntas secas 380 ml,"0,89 € / 100 ml","4,19 €
3,39 €",FRUCTIS
Cuidado personal,Cuidado del cabello,Champú Pure Fresh Coco Raíz grasa puntas secas 380 ml,"0,89 € / 100 ml","4,19 €
3,39 €",FRUCTIS
Cuidado personal,Cuidado del cabello,Champú Pure Fresh Coco Raíz grasa puntas secas 380 ml,"0,89 € / 100 ml","4,19 €
3,39 €",FRUCTIS
Cuidado personal,Cuidado del cabello,Champú Pure Fresh Coco Raíz grasa puntas secas 380 ml,"0,89 € / 100 ml","4,19 €
3,39 €",FRUCTIS
Cuidado personal,Cuidado del cabello,Champú Pure Fresh Coco Raíz grasa puntas secas 380 ml,"0,89 € / 100 ml","4,19 €
3,39 €",FRUCTIS
Cuidado personal,Cuidado del cabello,Champú Pure Fresh Coco Raíz grasa puntas secas 380 ml,"0,89 € / 100 ml","4,19 €
3,39 €",FRUCTIS
Cuidado personal,Cuidado del cabello,Champú Pure Fresh Coco Raíz grasa puntas secas 380 ml,"0,89 € / 100 ml","4,19 €
3,39 €",FRUCTIS
Cuidado personal,Cuidado del cabello,Champú Pure Fresh Coco Raíz grasa puntas secas 380 ml,"0,89 € / 100 ml","4,19 €
3,39 €",FRUCTIS
Cuidado personal,Cuidado del cabello,Champú Pure Fresh Coco Raíz grasa puntas secas 380 ml,"0,89 € / 100 ml","4,19 €
3,39 €",FRUCTIS
Cuidado personal,Cuidado del cabello,Champú Pure Fresh Coco Raíz grasa puntas secas 380 ml,"0,89 € / 100 ml","4,19 €
3,39 €",FRUCTIS
Cuidado personal,Cuidado del cabello,Champú Pure Fresh Coco Raíz grasa puntas secas 380 ml,"0,89 € / 100 ml","4,19 €
3,39 €",FRUCTIS
Cuidado personal,Cuidado del cabello,Champú Pure Fresh Coco Raíz grasa puntas secas 380 ml,"0,89 € / 100 ml","4,19 €
3,39 €",FRUCTIS
Cuidado personal,Cuidado del cabello,Mascarilla Aceite De Argán 300 ml,"3,00 € / 100 ml","8,99 €",OGX
Cuidado personal,Cuidado del cabello,Mascarilla Aceite De Argán 300 ml,"3,00 € / 100 ml","8,99 €",OGX
Cuidado personal,Cuidado del cabello,Mascarilla Aceite De Argán 300 ml,"3,00 € / 100 ml","8,99 €",OGX
Cuidado personal,Cuidado del cabello,Mascarilla Aceite De Argán 300 ml,"3,00 € / 100 ml","8,99 €",OGX
Cuidado personal,Cuidado del cabello,Mascarilla Aceite De Argán 300 ml,"3,00 € / 100 ml","8,99 €",OGX
Cuidado personal,Cuidado del cabello,Mascarilla Aceite De Argán 300 ml,"3,00 € / 100 ml","8,99 €",OGX
Cuidado personal,Cuidado del cabello,Mascarilla Aceite De Argán 300 ml,"3,00 € / 100 ml","8,99 €",OGX
Cuidado personal,Cuidado del cabello,Mascarilla Aceite De Argán 300 ml,"3,00 € / 100 ml","8,99 €",OGX
Cuidado personal,Cuidado del cabello,Mascarilla Aceite De Argán 300 ml,"3,00 € / 100 ml","8,99 €",OGX
Cuidado personal,Cuidado del cabello,Mascarilla Aceite De Argán 300 ml,"3,00 € / 100 ml","8,99 €",OGX
Cuidado personal,Cuidado del cabello,Mascarilla Aceite De Argán 300 ml,"3,00 € / 100 ml","8,99 €",OGX
Cuidado personal,Cuidado del cabello,Mascarilla Aceite De Argán 300 ml,"3,00 € / 100 ml","8,99 €",OGX
Cuidado personal,Cuidado del cabello,Mascarilla Aceite De Argán 300 ml,"3,00 € / 100 ml","8,99 €",OGX
Cuidado personal,Cuidado del cabello,Mascarilla Aceite De Argán 300 ml,"3,00 € / 100 ml","8,99 €",OGX
Cuidado personal,Cuidado del cabello,Mascarilla Aceite De Argán 300 ml,"3,00 € / 100 ml","8,99 €",OGX
Cuidado personal,Cuidado del cabello,Mascarilla Aceite De Argán 300 ml,"3,00 € / 100 ml","8,99 €",OGX
Cuidado personal,Cuidado del cabello,Mascarilla Aceite De Argán 300 ml,"3,00 € / 100 ml","8,99 €",OGX
Cuidado personal,Cuidado del cabello,Mascarilla Aceite De Argán 300 ml,"3,00 € / 100 ml","8,99 €",OGX
Cuidado personal,Cuidado del cabello,Mascarilla Aceite De Argán 300 ml,"3,00 € / 100 ml","8,99 €",OGX
Cuidado personal,Cuidado del cabello,Mascarilla Aceite De Argán 300 ml,"3,00 € / 100 ml","8,99 €",OGX
Cuidado personal,Cuidado del cabello,Tinte Nº3 Castaño Oscuro 1 U,"7,20 € / 1 U","7,20 €",EXCELLENCE
Cuidado personal,Cuidado del cabello,Tinte Nº3 Castaño Oscuro 1 U,"7,20 € / 1 U","7,20 €",EXCELLENCE
Cuidado personal,Cuidado del cabello,Tinte Nº3 Castaño Oscuro 1 U,"7,20 € / 1 U","7,20 €",EXCELLENCE
Cuidado personal,Cuidado del cabello,Tinte Nº3 Castaño Oscuro 1 U,"7,20 € / 1 U","7,20 €",EXCELLENCE
Cuidado personal,Cuidado del cabello,Tinte Nº3 Castaño Oscuro 1 U,"7,20 € / 1 U","7,20 €",EXCELLENCE
Cuidado personal,Cuidado del cabello,Tinte Nº3 Castaño Oscuro 1 U,"7,20 € / 1 U","7,20 €",EXCELLENCE
Cuidado personal,Cuidado del cabello,Tinte Nº3 Castaño Oscuro 1 U,"7,20 € / 1 U","7,20 €",EXCELLENCE
Cuidado personal,Cuidado del cabello,Tinte Nº3 Castaño Oscuro 1 U,"7,20 € / 1 U","7,20 €",EXCELLENCE
Cuidado personal,Cuidado del cabello,Tinte Nº3 Castaño Oscuro 1 U,"7,20 € / 1 U","7,20 €",EXCELLENCE
Cuidado personal,Cuidado del cabello,Tinte Nº3 Castaño Oscuro 1 U,"7,20 € / 1 U","7,20 €",EXCELLENCE
Cuidado personal,Cuidado del cabello,Tinte Nº3 Castaño Oscuro 1 U,"7,20 € / 1 U","7,20 €",EXCELLENCE
Cuidado personal,Cuidado del cabello,Tinte Nº3 Castaño Oscuro 1 U,"7,20 € / 1 U","7,20 €",EXCELLENCE
Cuidado personal,Cuidado del cabello,Tinte Nº3 Castaño Oscuro 1 U,"7,20 € / 1 U","7,20 €",EXCELLENCE
Cuidado personal,Cuidado del cabello,Tinte Nº3 Castaño Oscuro 1 U,"7,20 € / 1 U","7,20 €",EXCELLENCE
Cuidado personal,Cuidado del cabello,Tinte Nº3 Castaño Oscuro 1 U,"7,20 € / 1 U","7,20 €",EXCELLENCE
Cuidado personal,Cuidado del cabello,Tinte Nº3 Castaño Oscuro 1 U,"7,20 € / 1 U","7,20 €",EXCELLENCE
Cuidado personal,Cuidado del cabello,Tinte Nº3 Castaño Oscuro 1 U,"7,20 € / 1 U","7,20 €",EXCELLENCE
Cuidado personal,Cuidado del cabello,Tinte Nº3 Castaño Oscuro 1 U,"7,20 € / 1 U","7,20 €",EXCELLENCE
Cuidado personal,Cuidado del cabello,Tinte Nº3 Castaño Oscuro 1 U,"7,20 € / 1 U","7,20 €",EXCELLENCE
Cuidado personal,Cuidado del cabello,Tinte Nº3 Castaño Oscuro 1 U,"7,20 € / 1 U","7,20 €",EXCELLENCE
Cuidado personal,Cuidado del cabello,Tinte Nº525 Marrón Chocolate 1 U,"6,99 € / 1 U","6,99 €",LLONGUERAS
Cuidado personal,Cuidado del cabello,Tinte Nº525 Marrón Chocolate 1 U,"6,99 € / 1 U","6,99 €",LLONGUERAS
Cuidado personal,Cuidado del cabello,Tinte Nº525 Marrón Chocolate 1 U,"6,99 € / 1 U","6,99 €",LLONGUERAS
Cuidado personal,Cuidado del cabello,Tinte Nº525 Marrón Chocolate 1 U,"6,99 € / 1 U","6,99 €",LLONGUERAS
Cuidado personal,Cuidado del cabello,Tinte Nº525 Marrón Chocolate 1 U,"6,99 € / 1 U","6,99 €",LLONGUERAS
Cuidado personal,Cuidado del cabello,Tinte Nº525 Marrón Chocolate 1 U,"6,99 € / 1 U","6,99 €",LLONGUERAS
Cuidado personal,Cuidado del cabello,Tinte Nº525 Marrón Chocolate 1 U,"6,99 € / 1 U","6,99 €",LLONGUERAS
Cuidado personal,Cuidado del cabello,Tinte Nº525 Marrón Chocolate 1 U,"6,99 € / 1 U","6,99 €",LLONGUERAS
Cuidado personal,Cuidado del cabello,Tinte Nº525 Marrón Chocolate 1 U,"6,99 € / 1 U","6,99 €",LLONGUERAS
Cuidado personal,Cuidado del cabello,Tinte Nº525 Marrón Chocolate 1 U,"6,99 € / 1 U","6,99 €",LLONGUERAS
Cuidado personal,Cuidado del cabello,Tinte Nº525 Marrón Chocolate 1 U,"6,99 € / 1 U","6,99 €",LLONGUERAS
Cuidado personal,Cuidado del cabello,Tinte Nº525 Marrón Chocolate 1 U,"6,99 € / 1 U","6,99 €",LLONGUERAS
Cuidado personal,Cuidado del cabello,Tinte Nº525 Marrón Chocolate 1 U,"6,99 € / 1 U","6,99 €",LLONGUERAS
Cuidado personal,Cuidado del cabello,Tinte Nº525 Marrón Chocolate 1 U,"6,99 € / 1 U","6,99 €",LLONGUERAS
Cuidado personal,Cuidado del cabello,Tinte Nº525 Marrón Chocolate 1 U,"6,99 € / 1 U","6,99 €",LLONGUERAS
Cuidado personal,Cuidado del cabello,Tinte Nº525 Marrón Chocolate 1 U,"6,99 € / 1 U","6,99 €",LLONGUERAS
Cuidado personal,Cuidado del cabello,Tinte Nº525 Marrón Chocolate 1 U,"6,99 € / 1 U","6,99 €",LLONGUERAS
Cuidado personal,Cuidado del cabello,Tinte Nº525 Marrón Chocolate 1 U,"6,99 € / 1 U","6,99 €",LLONGUERAS
Cuidado personal,Cuidado del cabello,Tinte Nº525 Marrón Chocolate 1 U,"6,99 € / 1 U","6,99 €",LLONGUERAS
Cuidado personal,Cuidado del cabello,Tinte Nº525 Marrón Chocolate 1 U,"6,99 € / 1 U","6,99 €",LLONGUERAS
Cuidado personal,Cuidado del cabello,Tinte Creme Gloss 600 Blond 1 U,"6,00 € / 1 U","6,00 €",CASTING
Cuidado personal,Cuidado del cabello,Tinte Creme Gloss 600 Blond 1 U,"6,00 € / 1 U","6,00 €",CASTING
Cuidado personal,Cuidado del cabello,Tinte Creme Gloss 600 Blond 1 U,"6,00 € / 1 U","6,00 €",CASTING
Cuidado personal,Cuidado del cabello,Tinte Creme Gloss 600 Blond 1 U,"6,00 € / 1 U","6,00 €",CASTING
Cuidado personal,Cuidado del cabello,Tinte Creme Gloss 600 Blond 1 U,"6,00 € / 1 U","6,00 €",CASTING
Cuidado personal,Cuidado del cabello,Tinte Creme Gloss 600 Blond 1 U,"6,00 € / 1 U","6,00 €",CASTING
Cuidado personal,Cuidado del cabello,Tinte Creme Gloss 600 Blond 1 U,"6,00 € / 1 U","6,00 €",CASTING
Cuidado personal,Cuidado del cabello,Tinte Creme Gloss 600 Blond 1 U,"6,00 € / 1 U","6,00 €",CASTING
Cuidado personal,Cuidado del cabello,Tinte Creme Gloss 600 Blond 1 U,"6,00 € / 1 U","6,00 €",CASTING
Cuidado personal,Cuidado del cabello,Tinte Creme Gloss 600 Blond 1 U,"6,00 € / 1 U","6,00 €",CASTING
Cuidado personal,Cuidado del cabello,Tinte Creme Gloss 600 Blond 1 U,"6,00 € / 1 U","6,00 €",CASTING
Cuidado personal,Cuidado del cabello,Tinte Creme Gloss 600 Blond 1 U,"6,00 € / 1 U","6,00 €",CASTING
Cuidado personal,Cuidado del cabello,Tinte Creme Gloss 600 Blond 1 U,"6,00 € / 1 U","6,00 €",CASTING
Cuidado personal,Cuidado del cabello,Tinte Creme Gloss 600 Blond 1 U,"6,00 € / 1 U","6,00 €",CASTING
Cuidado personal,Cuidado del cabello,Tinte Creme Gloss 600 Blond 1 U,"6,00 € / 1 U","6,00 €",CASTING
Cuidado personal,Cuidado del cabello,Tinte Creme Gloss 600 Blond 1 U,"6,00 € / 1 U","6,00 €",CASTING
Cuidado personal,Cuidado del cabello,Tinte Creme Gloss 600 Blond 1 U,"6,00 € / 1 U","6,00 €",CASTING
Cuidado personal,Cuidado del cabello,Tinte Creme Gloss 600 Blond 1 U,"6,00 € / 1 U","6,00 €",CASTING
Cuidado personal,Cuidado del cabello,Tinte Creme Gloss 600 Blond 1 U,"6,00 € / 1 U","6,00 €",CASTING
Cuidado personal,Cuidado del cabello,Tinte Creme Gloss 600 Blond 1 U,"6,00 € / 1 U","6,00 €",CASTING
Cuidado personal,Cuidado del cabello,Protector Térmico 200 ml,"1,50 € / 100 ml","2,99 €",NELLY
Cuidado personal,Cuidado del cabello,Protector Térmico 200 ml,"1,50 € / 100 ml","2,99 €",NELLY
Cuidado personal,Cuidado del cabello,Protector Térmico 200 ml,"1,50 € / 100 ml","2,99 €",NELLY
Cuidado personal,Cuidado del cabello,Protector Térmico 200 ml,"1,50 € / 100 ml","2,99 €",NELLY
Cuidado personal,Cuidado del cabello,Protector Térmico 200 ml,"1,50 € / 100 ml","2,99 €",NELLY
Cuidado personal,Cuidado del cabello,Protector Térmico 200 ml,"1,50 € / 100 ml","2,99 €",NELLY
Cuidado personal,Cuidado del cabello,Protector Térmico 200 ml,"1,50 € / 100 ml","2,99 €",NELLY
Cuidado personal,Cuidado del cabello,Protector Térmico 200 ml,"1,50 € / 100 ml","2,99 €",NELLY
Cuidado personal,Cuidado del cabello,Protector Térmico 200 ml,"1,50 € / 100 ml","2,99 €",NELLY
Cuidado personal,Cuidado del cabello,Protector Térmico 200 ml,"1,50 € / 100 ml","2,99 €",NELLY
Cuidado personal,Cuidado del cabello,Protector Térmico 200 ml,"1,50 € / 100 ml","2,99 €",NELLY
Cuidado personal,Cuidado del cabello,Protector Térmico 200 ml,"1,50 € / 100 ml","2,99 €",NELLY
Cuidado personal,Cuidado del cabello,Protector Térmico 200 ml,"1,50 € / 100 ml","2,99 €",NELLY
Cuidado personal,Cuidado del cabello,Protector Térmico 200 ml,"1,50 € / 100 ml","2,99 €",NELLY
Cuidado personal,Cuidado del cabello,Protector Térmico 200 ml,"1,50 € / 100 ml","2,99 €",NELLY
Cuidado personal,Cuidado del cabello,Protector Térmico 200 ml,"1,50 € / 100 ml","2,99 €",NELLY
Cuidado personal,Cuidado del cabello,Protector Térmico 200 ml,"1,50 € / 100 ml","2,99 €",NELLY
Cuidado personal,Cuidado del cabello,Protector Térmico 200 ml,"1,50 € / 100 ml","2,99 €",NELLY
Cuidado personal,Cuidado del cabello,Protector Térmico 200 ml,"1,50 € / 100 ml","2,99 €",NELLY
Cuidado personal,Cuidado del cabello,Protector Térmico 200 ml,"1,50 € / 100 ml","2,99 €",NELLY
Cuidado personal,Cuidado del cabello,Gel Fijador Perfect Fix 50 ml,"3,20 € / 100 ml","1,60 €",GIORGI
Cuidado personal,Cuidado del cabello,Gel Fijador Perfect Fix 50 ml,"3,20 € / 100 ml","1,60 €",GIORGI
Cuidado personal,Cuidado del cabello,Gel Fijador Perfect Fix 50 ml,"3,20 € / 100 ml","1,60 €",GIORGI
Cuidado personal,Cuidado del cabello,Gel Fijador Perfect Fix 50 ml,"3,20 € / 100 ml","1,60 €",GIORGI
Cuidado personal,Cuidado del cabello,Gel Fijador Perfect Fix 50 ml,"3,20 € / 100 ml","1,60 €",GIORGI
Cuidado personal,Cuidado del cabello,Gel Fijador Perfect Fix 50 ml,"3,20 € / 100 ml","1,60 €",GIORGI
Cuidado personal,Cuidado del cabello,Gel Fijador Perfect Fix 50 ml,"3,20 € / 100 ml","1,60 €",GIORGI
Cuidado personal,Cuidado del cabello,Gel Fijador Perfect Fix 50 ml,"3,20 € / 100 ml","1,60 €",GIORGI
Cuidado personal,Cuidado del cabello,Gel Fijador Perfect Fix 50 ml,"3,20 € / 100 ml","1,60 €",GIORGI
Cuidado personal,Cuidado del cabello,Gel Fijador Perfect Fix 50 ml,"3,20 € / 100 ml","1,60 €",GIORGI
Cuidado personal,Cuidado del cabello,Gel Fijador Perfect Fix 50 ml,"3,20 € / 100 ml","1,60 €",GIORGI
Cuidado personal,Cuidado del cabello,Gel Fijador Perfect Fix 50 ml,"3,20 € / 100 ml","1,60 €",GIORGI
Cuidado personal,Cuidado del cabello,Gel Fijador Perfect Fix 50 ml,"3,20 € / 100 ml","1,60 €",GIORGI
Cuidado personal,Cuidado del cabello,Gel Fijador Perfect Fix 50 ml,"3,20 € / 100 ml","1,60 €",GIORGI
Cuidado personal,Cuidado del cabello,Gel Fijador Perfect Fix 50 ml,"3,20 € / 100 ml","1,60 €",GIORGI
Cuidado personal,Cuidado del cabello,Gel Fijador Perfect Fix 50 ml,"3,20 € / 100 ml","1,60 €",GIORGI
Cuidado personal,Cuidado del cabello,Gel Fijador Perfect Fix 50 ml,"3,20 € / 100 ml","1,60 €",GIORGI
Cuidado personal,Cuidado del cabello,Gel Fijador Perfect Fix 50 ml,"3,20 € / 100 ml","1,60 €",GIORGI
Cuidado personal,Cuidado del cabello,Gel Fijador Perfect Fix 50 ml,"3,20 € / 100 ml","1,60 €",GIORGI
Cuidado personal,Cuidado del cabello,Gel Fijador Perfect Fix 50 ml,"3,20 € / 100 ml","1,60 €",GIORGI
Cuidado personal,Cuidado del cabello,Desenredante Kids 250 ml,"0,68 € / 100 ml","1,70 €",CONSUM KIDS
Cuidado personal,Cuidado del cabello,Desenredante Kids 250 ml,"0,68 € / 100 ml","1,70 €",CONSUM KIDS
Cuidado personal,Cuidado del cabello,Desenredante Kids 250 ml,"0,68 € / 100 ml","1,70 €",CONSUM KIDS
Cuidado personal,Cuidado del cabello,Desenredante Kids 250 ml,"0,68 € / 100 ml","1,70 €",CONSUM KIDS
Cuidado personal,Cuidado del cabello,Desenredante Kids 250 ml,"0,68 € / 100 ml","1,70 €",CONSUM KIDS
Cuidado personal,Cuidado del cabello,Desenredante Kids 250 ml,"0,68 € / 100 ml","1,70 €",CONSUM KIDS
Cuidado personal,Cuidado del cabello,Desenredante Kids 250 ml,"0,68 € / 100 ml","1,70 €",CONSUM KIDS
Cuidado personal,Cuidado del cabello,Desenredante Kids 250 ml,"0,68 € / 100 ml","1,70 €",CONSUM KIDS
Cuidado personal,Cuidado del cabello,Desenredante Kids 250 ml,"0,68 € / 100 ml","1,70 €",CONSUM KIDS
Cuidado personal,Cuidado del cabello,Desenredante Kids 250 ml,"0,68 € / 100 ml","1,70 €",CONSUM KIDS
Cuidado personal,Cuidado del cabello,Desenredante Kids 250 ml,"0,68 € / 100 ml","1,70 €",CONSUM KIDS
Cuidado personal,Cuidado del cabello,Desenredante Kids 250 ml,"0,68 € / 100 ml","1,70 €",CONSUM KIDS
Cuidado personal,Cuidado del cabello,Desenredante Kids 250 ml,"0,68 € / 100 ml","1,70 €",CONSUM KIDS
Cuidado personal,Cuidado del cabello,Desenredante Kids 250 ml,"0,68 € / 100 ml","1,70 €",CONSUM KIDS
Cuidado personal,Cuidado del cabello,Desenredante Kids 250 ml,"0,68 € / 100 ml","1,70 €",CONSUM KIDS
Cuidado personal,Cuidado del cabello,Desenredante Kids 250 ml,"0,68 € / 100 ml","1,70 €",CONSUM KIDS
Cuidado personal,Cuidado del cabello,Desenredante Kids 250 ml,"0,68 € / 100 ml","1,70 €",CONSUM KIDS
Cuidado personal,Cuidado del cabello,Desenredante Kids 250 ml,"0,68 € / 100 ml","1,70 €",CONSUM KIDS
Cuidado personal,Cuidado del cabello,Desenredante Kids 250 ml,"0,68 € / 100 ml","1,70 €",CONSUM KIDS
Cuidado personal,Cuidado del cabello,Desenredante Kids 250 ml,"0,68 € / 100 ml","1,70 €",CONSUM KIDS
Cuidado personal,Cuidado del cabello,Peineta Afro 1 U,"1,99 € / 1 U","1,99 €",PONETTE
Cuidado personal,Cuidado del cabello,Peineta Afro 1 U,"1,99 € / 1 U","1,99 €",PONETTE
Cuidado personal,Cuidado del cabello,Peineta Afro 1 U,"1,99 € / 1 U","1,99 €",PONETTE
Cuidado personal,Cuidado del cabello,Peineta Afro 1 U,"1,99 € / 1 U","1,99 €",PONETTE
Cuidado personal,Cuidado del cabello,Peineta Afro 1 U,"1,99 € / 1 U","1,99 €",PONETTE
Cuidado personal,Cuidado del cabello,Peineta Afro 1 U,"1,99 € / 1 U","1,99 €",PONETTE
Cuidado personal,Cuidado del cabello,Peineta Afro 1 U,"1,99 € / 1 U","1,99 €",PONETTE
Cuidado personal,Cuidado del cabello,Peineta Afro 1 U,"1,99 € / 1 U","1,99 €",PONETTE
Cuidado personal,Cuidado del cabello,Peineta Afro 1 U,"1,99 € / 1 U","1,99 €",PONETTE
Cuidado personal,Cuidado del cabello,Peineta Afro 1 U,"1,99 € / 1 U","1,99 €",PONETTE
Cuidado personal,Cuidado del cabello,Peineta Afro 1 U,"1,99 € / 1 U","1,99 €",PONETTE
Cuidado personal,Cuidado del cabello,Peineta Afro 1 U,"1,99 € / 1 U","1,99 €",PONETTE
Cuidado personal,Cuidado del cabello,Peineta Afro 1 U,"1,99 € / 1 U","1,99 €",PONETTE
Cuidado personal,Cuidado del cabello,Peineta Afro 1 U,"1,99 € / 1 U","1,99 €",PONETTE
Cuidado personal,Cuidado del cabello,Peineta Afro 1 U,"1,99 € / 1 U","1,99 €",PONETTE
Cuidado personal,Cuidado del cabello,Peineta Afro 1 U,"1,99 € / 1 U","1,99 €",PONETTE
Cuidado personal,Cuidado del cabello,Peineta Afro 1 U,"1,99 € / 1 U","1,99 €",PONETTE
Cuidado personal,Cuidado del cabello,Peineta Afro 1 U,"1,99 € / 1 U","1,99 €",PONETTE
Cuidado personal,Cuidado del cabello,Peineta Afro 1 U,"1,99 € / 1 U","1,99 €",PONETTE
Cuidado personal,Cuidado del cabello,Peineta Afro 1 U,"1,99 € / 1 U","1,99 €",PONETTE
Cuidado personal,Cuidado del cabello,Champú Delicatesse 300 ml,"1,20 € / 100 ml","3,59 €",ORIG.REMEDIS
Cuidado personal,Cuidado del cabello,Champú Delicatesse 300 ml,"1,20 € / 100 ml","3,59 €",ORIG.REMEDIS
Cuidado personal,Cuidado del cabello,Champú Delicatesse 300 ml,"1,20 € / 100 ml","3,59 €",ORIG.REMEDIS
Cuidado personal,Cuidado del cabello,Champú Delicatesse 300 ml,"1,20 € / 100 ml","3,59 €",ORIG.REMEDIS
Cuidado personal,Cuidado del cabello,Champú Delicatesse 300 ml,"1,20 € / 100 ml","3,59 €",ORIG.REMEDIS
Cuidado personal,Cuidado del cabello,Champú Delicatesse 300 ml,"1,20 € / 100 ml","3,59 €",ORIG.REMEDIS
Cuidado personal,Cuidado del cabello,Champú Delicatesse 300 ml,"1,20 € / 100 ml","3,59 €",ORIG.REMEDIS
Cuidado personal,Cuidado del cabello,Champú Delicatesse 300 ml,"1,20 € / 100 ml","3,59 €",ORIG.REMEDIS
Cuidado personal,Cuidado del cabello,Champú Delicatesse 300 ml,"1,20 € / 100 ml","3,59 €",ORIG.REMEDIS
Cuidado personal,Cuidado del cabello,Champú Delicatesse 300 ml,"1,20 € / 100 ml","3,59 €",ORIG.REMEDIS
Cuidado personal,Cuidado del cabello,Champú Delicatesse 300 ml,"1,20 € / 100 ml","3,59 €",ORIG.REMEDIS
Cuidado personal,Cuidado del cabello,Champú Delicatesse 300 ml,"1,20 € / 100 ml","3,59 €",ORIG.REMEDIS
Cuidado personal,Cuidado del cabello,Champú Delicatesse 300 ml,"1,20 € / 100 ml","3,59 €",ORIG.REMEDIS
Cuidado personal,Cuidado del cabello,Champú Delicatesse 300 ml,"1,20 € / 100 ml","3,59 €",ORIG.REMEDIS
Cuidado personal,Cuidado del cabello,Champú Delicatesse 300 ml,"1,20 € / 100 ml","3,59 €",ORIG.REMEDIS
Cuidado personal,Cuidado del cabello,Champú Delicatesse 300 ml,"1,20 € / 100 ml","3,59 €",ORIG.REMEDIS
Cuidado personal,Cuidado del cabello,Champú Delicatesse 300 ml,"1,20 € / 100 ml","3,59 €",ORIG.REMEDIS
Cuidado personal,Cuidado del cabello,Champú Delicatesse 300 ml,"1,20 € / 100 ml","3,59 €",ORIG.REMEDIS
Cuidado personal,Cuidado del cabello,Champú Delicatesse 300 ml,"1,20 € / 100 ml","3,59 €",ORIG.REMEDIS
Cuidado personal,Cuidado del cabello,Champú Delicatesse 300 ml,"1,20 € / 100 ml","3,59 €",ORIG.REMEDIS
Cuidado personal,Cuidado del cabello,Champú Gold Pump 750 ml,"0,67 € / 100 ml","4,99 €",JOHNSON
Cuidado personal,Cuidado del cabello,Champú Gold Pump 750 ml,"0,67 € / 100 ml","4,99 €",JOHNSON
Cuidado personal,Cuidado del cabello,Champú Gold Pump 750 ml,"0,67 € / 100 ml","4,99 €",JOHNSON
Cuidado personal,Cuidado del cabello,Champú Gold Pump 750 ml,"0,67 € / 100 ml","4,99 €",JOHNSON
Cuidado personal,Cuidado del cabello,Champú Gold Pump 750 ml,"0,67 € / 100 ml","4,99 €",JOHNSON
Cuidado personal,Cuidado del cabello,Champú Gold Pump 750 ml,"0,67 € / 100 ml","4,99 €",JOHNSON
Cuidado personal,Cuidado del cabello,Champú Gold Pump 750 ml,"0,67 € / 100 ml","4,99 €",JOHNSON
Cuidado personal,Cuidado del cabello,Champú Gold Pump 750 ml,"0,67 € / 100 ml","4,99 €",JOHNSON
Cuidado personal,Cuidado del cabello,Champú Gold Pump 750 ml,"0,67 € / 100 ml","4,99 €",JOHNSON
Cuidado personal,Cuidado del cabello,Champú Gold Pump 750 ml,"0,67 € / 100 ml","4,99 €",JOHNSON
Cuidado personal,Cuidado del cabello,Champú Gold Pump 750 ml,"0,67 € / 100 ml","4,99 €",JOHNSON
Cuidado personal,Cuidado del cabello,Champú Gold Pump 750 ml,"0,67 € / 100 ml","4,99 €",JOHNSON
Cuidado personal,Cuidado del cabello,Champú Gold Pump 750 ml,"0,67 € / 100 ml","4,99 €",JOHNSON
Cuidado personal,Cuidado del cabello,Champú Gold Pump 750 ml,"0,67 € / 100 ml","4,99 €",JOHNSON
Cuidado personal,Cuidado del cabello,Champú Gold Pump 750 ml,"0,67 € / 100 ml","4,99 €",JOHNSON
Cuidado personal,Cuidado del cabello,Champú Gold Pump 750 ml,"0,67 € / 100 ml","4,99 €",JOHNSON
Cuidado personal,Cuidado del cabello,Champú Gold Pump 750 ml,"0,67 € / 100 ml","4,99 €",JOHNSON
Cuidado personal,Cuidado del cabello,Champú Gold Pump 750 ml,"0,67 € / 100 ml","4,99 €",JOHNSON
Cuidado personal,Cuidado del cabello,Champú Gold Pump 750 ml,"0,67 € / 100 ml","4,99 €",JOHNSON
Cuidado personal,Cuidado del cabello,Champú Gold Pump 750 ml,"0,67 € / 100 ml","4,99 €",JOHNSON
Cuidado personal,Cuidado del cabello,Tinte 5/55 Caoba Rojo 1 U,"3,90 € / 1 U","3,90 €",KYREY
Cuidado personal,Cuidado del cabello,Tinte 5/55 Caoba Rojo 1 U,"3,90 € / 1 U","3,90 €",KYREY
Cuidado personal,Cuidado del cabello,Tinte 5/55 Caoba Rojo 1 U,"3,90 € / 1 U","3,90 €",KYREY
Cuidado personal,Cuidado del cabello,Tinte 5/55 Caoba Rojo 1 U,"3,90 € / 1 U","3,90 €",KYREY
Cuidado personal,Cuidado del cabello,Tinte 5/55 Caoba Rojo 1 U,"3,90 € / 1 U","3,90 €",KYREY
Cuidado personal,Cuidado del cabello,Tinte 5/55 Caoba Rojo 1 U,"3,90 € / 1 U","3,90 €",KYREY
Cuidado personal,Cuidado del cabello,Tinte 5/55 Caoba Rojo 1 U,"3,90 € / 1 U","3,90 €",KYREY
Cuidado personal,Cuidado del cabello,Tinte 5/55 Caoba Rojo 1 U,"3,90 € / 1 U","3,90 €",KYREY
Cuidado personal,Cuidado del cabello,Tinte 5/55 Caoba Rojo 1 U,"3,90 € / 1 U","3,90 €",KYREY
Cuidado personal,Cuidado del cabello,Tinte 5/55 Caoba Rojo 1 U,"3,90 € / 1 U","3,90 €",KYREY
Cuidado personal,Cuidado del cabello,Tinte 5/55 Caoba Rojo 1 U,"3,90 € / 1 U","3,90 €",KYREY
Cuidado personal,Cuidado del cabello,Tinte 5/55 Caoba Rojo 1 U,"3,90 € / 1 U","3,90 €",KYREY
Cuidado personal,Cuidado del cabello,Tinte 5/55 Caoba Rojo 1 U,"3,90 € / 1 U","3,90 €",KYREY
Cuidado personal,Cuidado del cabello,Tinte 5/55 Caoba Rojo 1 U,"3,90 € / 1 U","3,90 €",KYREY
Cuidado personal,Cuidado del cabello,Tinte 5/55 Caoba Rojo 1 U,"3,90 € / 1 U","3,90 €",KYREY
Cuidado personal,Cuidado del cabello,Tinte 5/55 Caoba Rojo 1 U,"3,90 € / 1 U","3,90 €",KYREY
Cuidado personal,Cuidado del cabello,Tinte 5/55 Caoba Rojo 1 U,"3,90 € / 1 U","3,90 €",KYREY
Cuidado personal,Cuidado del cabello,Tinte 5/55 Caoba Rojo 1 U,"3,90 € / 1 U","3,90 €",KYREY
Cuidado personal,Cuidado del cabello,Tinte 5/55 Caoba Rojo 1 U,"3,90 € / 1 U","3,90 €",KYREY
Cuidado personal,Cuidado del cabello,Tinte 5/55 Caoba Rojo 1 U,"3,90 € / 1 U","3,90 €",KYREY
Cuidado personal,Cuidado del cabello,Tinte 6/00 Rubio Oscuro 1 U,"3,90 € / 1 U","3,90 €",KYREY
Cuidado personal,Cuidado del cabello,Tinte 6/00 Rubio Oscuro 1 U,"3,90 € / 1 U","3,90 €",KYREY
Cuidado personal,Cuidado del cabello,Tinte 6/00 Rubio Oscuro 1 U,"3,90 € / 1 U","3,90 €",KYREY
Cuidado personal,Cuidado del cabello,Tinte 6/00 Rubio Oscuro 1 U,"3,90 € / 1 U","3,90 €",KYREY
Cuidado personal,Cuidado del cabello,Tinte 6/00 Rubio Oscuro 1 U,"3,90 € / 1 U","3,90 €",KYREY
Cuidado personal,Cuidado del cabello,Tinte 6/00 Rubio Oscuro 1 U,"3,90 € / 1 U","3,90 €",KYREY
Cuidado personal,Cuidado del cabello,Tinte 6/00 Rubio Oscuro 1 U,"3,90 € / 1 U","3,90 €",KYREY
Cuidado personal,Cuidado del cabello,Tinte 6/00 Rubio Oscuro 1 U,"3,90 € / 1 U","3,90 €",KYREY
Cuidado personal,Cuidado del cabello,Tinte 6/00 Rubio Oscuro 1 U,"3,90 € / 1 U","3,90 €",KYREY
Cuidado personal,Cuidado del cabello,Tinte 6/00 Rubio Oscuro 1 U,"3,90 € / 1 U","3,90 €",KYREY
Cuidado personal,Cuidado del cabello,Tinte 6/00 Rubio Oscuro 1 U,"3,90 € / 1 U","3,90 €",KYREY
Cuidado personal,Cuidado del cabello,Tinte 6/00 Rubio Oscuro 1 U,"3,90 € / 1 U","3,90 €",KYREY
Cuidado personal,Cuidado del cabello,Tinte 6/00 Rubio Oscuro 1 U,"3,90 € / 1 U","3,90 €",KYREY
Cuidado personal,Cuidado del cabello,Tinte 6/00 Rubio Oscuro 1 U,"3,90 € / 1 U","3,90 €",KYREY
Cuidado personal,Cuidado del cabello,Tinte 6/00 Rubio Oscuro 1 U,"3,90 € / 1 U","3,90 €",KYREY
Cuidado personal,Cuidado del cabello,Tinte 6/00 Rubio Oscuro 1 U,"3,90 € / 1 U","3,90 €",KYREY
Cuidado personal,Cuidado del cabello,Tinte 6/00 Rubio Oscuro 1 U,"3,90 € / 1 U","3,90 €",KYREY
Cuidado personal,Cuidado del cabello,Tinte 6/00 Rubio Oscuro 1 U,"3,90 € / 1 U","3,90 €",KYREY
Cuidado personal,Cuidado del cabello,Tinte 6/00 Rubio Oscuro 1 U,"3,90 € / 1 U","3,90 €",KYREY
Cuidado personal,Cuidado del cabello,Tinte 6/00 Rubio Oscuro 1 U,"3,90 € / 1 U","3,90 €",KYREY
Cuidado personal,Cuidado del cabello,Espuma Extrafuerte 75 ml,"2,00 € / 100 ml","1,50 €",KYREY
Cuidado personal,Cuidado del cabello,Espuma Extrafuerte 75 ml,"2,00 € / 100 ml","1,50 €",KYREY
Cuidado personal,Cuidado del cabello,Espuma Extrafuerte 75 ml,"2,00 € / 100 ml","1,50 €",KYREY
Cuidado personal,Cuidado del cabello,Espuma Extrafuerte 75 ml,"2,00 € / 100 ml","1,50 €",KYREY
Cuidado personal,Cuidado del cabello,Espuma Extrafuerte 75 ml,"2,00 € / 100 ml","1,50 €",KYREY
Cuidado personal,Cuidado del cabello,Espuma Extrafuerte 75 ml,"2,00 € / 100 ml","1,50 €",KYREY
Cuidado personal,Cuidado del cabello,Espuma Extrafuerte 75 ml,"2,00 € / 100 ml","1,50 €",KYREY
Cuidado personal,Cuidado del cabello,Espuma Extrafuerte 75 ml,"2,00 € / 100 ml","1,50 €",KYREY
Cuidado personal,Cuidado del cabello,Espuma Extrafuerte 75 ml,"2,00 € / 100 ml","1,50 €",KYREY
Cuidado personal,Cuidado del cabello,Espuma Extrafuerte 75 ml,"2,00 € / 100 ml","1,50 €",KYREY
Cuidado personal,Cuidado del cabello,Espuma Extrafuerte 75 ml,"2,00 € / 100 ml","1,50 €",KYREY
Cuidado personal,Cuidado del cabello,Espuma Extrafuerte 75 ml,"2,00 € / 100 ml","1,50 €",KYREY
Cuidado personal,Cuidado del cabello,Espuma Extrafuerte 75 ml,"2,00 € / 100 ml","1,50 €",KYREY
Cuidado personal,Cuidado del cabello,Espuma Extrafuerte 75 ml,"2,00 € / 100 ml","1,50 €",KYREY
Cuidado personal,Cuidado del cabello,Espuma Extrafuerte 75 ml,"2,00 € / 100 ml","1,50 €",KYREY
Cuidado personal,Cuidado del cabello,Espuma Extrafuerte 75 ml,"2,00 € / 100 ml","1,50 €",KYREY
Cuidado personal,Cuidado del cabello,Espuma Extrafuerte 75 ml,"2,00 € / 100 ml","1,50 €",KYREY
Cuidado personal,Cuidado del cabello,Espuma Extrafuerte 75 ml,"2,00 € / 100 ml","1,50 €",KYREY
Cuidado personal,Cuidado del cabello,Espuma Extrafuerte 75 ml,"2,00 € / 100 ml","1,50 €",KYREY
Cuidado personal,Cuidado del cabello,Espuma Extrafuerte 75 ml,"2,00 € / 100 ml","1,50 €",KYREY
Cuidado personal,Cuidado del cabello,Espuma Extrafuerte 250 ml,"1,16 € / 100 ml","2,90 €",GIORGI
Cuidado personal,Cuidado del cabello,Espuma Extrafuerte 250 ml,"1,16 € / 100 ml","2,90 €",GIORGI
Cuidado personal,Cuidado del cabello,Espuma Extrafuerte 250 ml,"1,16 € / 100 ml","2,90 €",GIORGI
Cuidado personal,Cuidado del cabello,Espuma Extrafuerte 250 ml,"1,16 € / 100 ml","2,90 €",GIORGI
Cuidado personal,Cuidado del cabello,Espuma Extrafuerte 250 ml,"1,16 € / 100 ml","2,90 €",GIORGI
Cuidado personal,Cuidado del cabello,Espuma Extrafuerte 250 ml,"1,16 € / 100 ml","2,90 €",GIORGI
Cuidado personal,Cuidado del cabello,Espuma Extrafuerte 250 ml,"1,16 € / 100 ml","2,90 €",GIORGI
Cuidado personal,Cuidado del cabello,Espuma Extrafuerte 250 ml,"1,16 € / 100 ml","2,90 €",GIORGI
Cuidado personal,Cuidado del cabello,Espuma Extrafuerte 250 ml,"1,16 € / 100 ml","2,90 €",GIORGI
Cuidado personal,Cuidado del cabello,Espuma Extrafuerte 250 ml,"1,16 € / 100 ml","2,90 €",GIORGI
Cuidado personal,Cuidado del cabello,Espuma Extrafuerte 250 ml,"1,16 € / 100 ml","2,90 €",GIORGI
Cuidado personal,Cuidado del cabello,Espuma Extrafuerte 250 ml,"1,16 € / 100 ml","2,90 €",GIORGI
Cuidado personal,Cuidado del cabello,Espuma Extrafuerte 250 ml,"1,16 € / 100 ml","2,90 €",GIORGI
Cuidado personal,Cuidado del cabello,Espuma Extrafuerte 250 ml,"1,16 € / 100 ml","2,90 €",GIORGI
Cuidado personal,Cuidado del cabello,Espuma Extrafuerte 250 ml,"1,16 € / 100 ml","2,90 €",GIORGI
Cuidado personal,Cuidado del cabello,Espuma Extrafuerte 250 ml,"1,16 € / 100 ml","2,90 €",GIORGI
Cuidado personal,Cuidado del cabello,Espuma Extrafuerte 250 ml,"1,16 € / 100 ml","2,90 €",GIORGI
Cuidado personal,Cuidado del cabello,Espuma Extrafuerte 250 ml,"1,16 € / 100 ml","2,90 €",GIORGI
Cuidado personal,Cuidado del cabello,Espuma Extrafuerte 250 ml,"1,16 € / 100 ml","2,90 €",GIORGI
Cuidado personal,Cuidado del cabello,Espuma Extrafuerte 250 ml,"1,16 € / 100 ml","2,90 €",GIORGI
Cuidado personal,Cuidado del cabello,Acondicionador Repara y Protege 325 ml,"1,58 € / 100 ml","5,15 €",PANTENE
Cuidado personal,Cuidado del cabello,Acondicionador Repara y Protege 325 ml,"1,58 € / 100 ml","5,15 €",PANTENE
Cuidado personal,Cuidado del cabello,Acondicionador Repara y Protege 325 ml,"1,58 € / 100 ml","5,15 €",PANTENE
Cuidado personal,Cuidado del cabello,Acondicionador Repara y Protege 325 ml,"1,58 € / 100 ml","5,15 €",PANTENE
Cuidado personal,Cuidado del cabello,Acondicionador Repara y Protege 325 ml,"1,58 € / 100 ml","5,15 €",PANTENE
Cuidado personal,Cuidado del cabello,Acondicionador Repara y Protege 325 ml,"1,58 € / 100 ml","5,15 €",PANTENE
Cuidado personal,Cuidado del cabello,Acondicionador Repara y Protege 325 ml,"1,58 € / 100 ml","5,15 €",PANTENE
Cuidado personal,Cuidado del cabello,Acondicionador Repara y Protege 325 ml,"1,58 € / 100 ml","5,15 €",PANTENE
Cuidado personal,Cuidado del cabello,Acondicionador Repara y Protege 325 ml,"1,58 € / 100 ml","5,15 €",PANTENE
Cuidado personal,Cuidado del cabello,Acondicionador Repara y Protege 325 ml,"1,58 € / 100 ml","5,15 €",PANTENE
Cuidado personal,Cuidado del cabello,Acondicionador Repara y Protege 325 ml,"1,58 € / 100 ml","5,15 €",PANTENE
Cuidado personal,Cuidado del cabello,Acondicionador Repara y Protege 325 ml,"1,58 € / 100 ml","5,15 €",PANTENE
Cuidado personal,Cuidado del cabello,Acondicionador Repara y Protege 325 ml,"1,58 € / 100 ml","5,15 €",PANTENE
Cuidado personal,Cuidado del cabello,Acondicionador Repara y Protege 325 ml,"1,58 € / 100 ml","5,15 €",PANTENE
Cuidado personal,Cuidado del cabello,Acondicionador Repara y Protege 325 ml,"1,58 € / 100 ml","5,15 €",PANTENE
Cuidado personal,Cuidado del cabello,Acondicionador Repara y Protege 325 ml,"1,58 € / 100 ml","5,15 €",PANTENE
Cuidado personal,Cuidado del cabello,Acondicionador Repara y Protege 325 ml,"1,58 € / 100 ml","5,15 €",PANTENE
Cuidado personal,Cuidado del cabello,Acondicionador Repara y Protege 325 ml,"1,58 € / 100 ml","5,15 €",PANTENE
Cuidado personal,Cuidado del cabello,Acondicionador Repara y Protege 325 ml,"1,58 € / 100 ml","5,15 €",PANTENE
Cuidado personal,Cuidado del cabello,Acondicionador Repara y Protege 325 ml,"1,58 € / 100 ml","5,15 €",PANTENE
Cuidado personal,Cuidado del cabello,Champú Anticaspa Mentol 400 ml,"0,60 € / 100 ml","2,40 €",KYREY
Cuidado personal,Cuidado del cabello,Champú Anticaspa Mentol 400 ml,"0,60 € / 100 ml","2,40 €",KYREY
Cuidado personal,Cuidado del cabello,Champú Anticaspa Mentol 400 ml,"0,60 € / 100 ml","2,40 €",KYREY
Cuidado personal,Cuidado del cabello,Champú Anticaspa Mentol 400 ml,"0,60 € / 100 ml","2,40 €",KYREY
Cuidado personal,Cuidado del cabello,Champú Anticaspa Mentol 400 ml,"0,60 € / 100 ml","2,40 €",KYREY
Cuidado personal,Cuidado del cabello,Champú Anticaspa Mentol 400 ml,"0,60 € / 100 ml","2,40 €",KYREY
Cuidado personal,Cuidado del cabello,Champú Anticaspa Mentol 400 ml,"0,60 € / 100 ml","2,40 €",KYREY
Cuidado personal,Cuidado del cabello,Champú Anticaspa Mentol 400 ml,"0,60 € / 100 ml","2,40 €",KYREY
Cuidado personal,Cuidado del cabello,Champú Anticaspa Mentol 400 ml,"0,60 € / 100 ml","2,40 €",KYREY
Cuidado personal,Cuidado del cabello,Champú Anticaspa Mentol 400 ml,"0,60 € / 100 ml","2,40 €",KYREY
Cuidado personal,Cuidado del cabello,Champú Anticaspa Mentol 400 ml,"0,60 € / 100 ml","2,40 €",KYREY
Cuidado personal,Cuidado del cabello,Champú Anticaspa Mentol 400 ml,"0,60 € / 100 ml","2,40 €",KYREY
Cuidado personal,Cuidado del cabello,Champú Anticaspa Mentol 400 ml,"0,60 € / 100 ml","2,40 €",KYREY
Cuidado personal,Cuidado del cabello,Champú Anticaspa Mentol 400 ml,"0,60 € / 100 ml","2,40 €",KYREY
Cuidado personal,Cuidado del cabello,Champú Anticaspa Mentol 400 ml,"0,60 € / 100 ml","2,40 €",KYREY
Cuidado personal,Cuidado del cabello,Champú Anticaspa Mentol 400 ml,"0,60 € / 100 ml","2,40 €",KYREY
Cuidado personal,Cuidado del cabello,Champú Anticaspa Mentol 400 ml,"0,60 € / 100 ml","2,40 €",KYREY
Cuidado personal,Cuidado del cabello,Champú Anticaspa Mentol 400 ml,"0,60 € / 100 ml","2,40 €",KYREY
Cuidado personal,Cuidado del cabello,Champú Anticaspa Mentol 400 ml,"0,60 € / 100 ml","2,40 €",KYREY
Cuidado personal,Cuidado del cabello,Champú Anticaspa Mentol 400 ml,"0,60 € / 100 ml","2,40 €",KYREY
Cuidado personal,Cuidado del cabello,Tinte Colorstay 6.6 Rojo Intenso 1 U,"6,95 € / 1 U","6,95 €",REVLON
Cuidado personal,Cuidado del cabello,Tinte Colorstay 6.6 Rojo Intenso 1 U,"6,95 € / 1 U","6,95 €",REVLON
Cuidado personal,Cuidado del cabello,Tinte Colorstay 6.6 Rojo Intenso 1 U,"6,95 € / 1 U","6,95 €",REVLON
Cuidado personal,Cuidado del cabello,Tinte Colorstay 6.6 Rojo Intenso 1 U,"6,95 € / 1 U","6,95 €",REVLON
Cuidado personal,Cuidado del cabello,Tinte Colorstay 6.6 Rojo Intenso 1 U,"6,95 € / 1 U","6,95 €",REVLON
Cuidado personal,Cuidado del cabello,Tinte Colorstay 6.6 Rojo Intenso 1 U,"6,95 € / 1 U","6,95 €",REVLON
Cuidado personal,Cuidado del cabello,Tinte Colorstay 6.6 Rojo Intenso 1 U,"6,95 € / 1 U","6,95 €",REVLON
Cuidado personal,Cuidado del cabello,Tinte Colorstay 6.6 Rojo Intenso 1 U,"6,95 € / 1 U","6,95 €",REVLON
Cuidado personal,Cuidado del cabello,Tinte Colorstay 6.6 Rojo Intenso 1 U,"6,95 € / 1 U","6,95 €",REVLON
Cuidado personal,Cuidado del cabello,Tinte Colorstay 6.6 Rojo Intenso 1 U,"6,95 € / 1 U","6,95 €",REVLON
Cuidado personal,Cuidado del cabello,Tinte Colorstay 6.6 Rojo Intenso 1 U,"6,95 € / 1 U","6,95 €",REVLON
Cuidado personal,Cuidado del cabello,Tinte Colorstay 6.6 Rojo Intenso 1 U,"6,95 € / 1 U","6,95 €",REVLON
Cuidado personal,Cuidado del cabello,Tinte Colorstay 6.6 Rojo Intenso 1 U,"6,95 € / 1 U","6,95 €",REVLON
Cuidado personal,Cuidado del cabello,Tinte Colorstay 6.6 Rojo Intenso 1 U,"6,95 € / 1 U","6,95 €",REVLON
Cuidado personal,Cuidado del cabello,Tinte Colorstay 6.6 Rojo Intenso 1 U,"6,95 € / 1 U","6,95 €",REVLON
Cuidado personal,Cuidado del cabello,Tinte Colorstay 6.6 Rojo Intenso 1 U,"6,95 € / 1 U","6,95 €",REVLON
Cuidado personal,Cuidado del cabello,Tinte Colorstay 6.6 Rojo Intenso 1 U,"6,95 € / 1 U","6,95 €",REVLON
Cuidado personal,Cuidado del cabello,Tinte Colorstay 6.6 Rojo Intenso 1 U,"6,95 € / 1 U","6,95 €",REVLON
Cuidado personal,Cuidado del cabello,Tinte Colorstay 6.6 Rojo Intenso 1 U,"6,95 € / 1 U","6,95 €",REVLON
Cuidado personal,Cuidado del cabello,Tinte Colorstay 6.6 Rojo Intenso 1 U,"6,95 € / 1 U","6,95 €",REVLON
Cuidado personal,Cuidado del cabello,Retoca Raíces Negro 120 ml,"4,83 € / 100 ml","5,80 €",SCHWARZKOPF
Cuidado personal,Cuidado del cabello,Retoca Raíces Negro 120 ml,"4,83 € / 100 ml","5,80 €",SCHWARZKOPF
Cuidado personal,Cuidado del cabello,Retoca Raíces Negro 120 ml,"4,83 € / 100 ml","5,80 €",SCHWARZKOPF
Cuidado personal,Cuidado del cabello,Retoca Raíces Negro 120 ml,"4,83 € / 100 ml","5,80 €",SCHWARZKOPF
Cuidado personal,Cuidado del cabello,Retoca Raíces Negro 120 ml,"4,83 € / 100 ml","5,80 €",SCHWARZKOPF
Cuidado personal,Cuidado del cabello,Retoca Raíces Negro 120 ml,"4,83 € / 100 ml","5,80 €",SCHWARZKOPF
Cuidado personal,Cuidado del cabello,Retoca Raíces Negro 120 ml,"4,83 € / 100 ml","5,80 €",SCHWARZKOPF
Cuidado personal,Cuidado del cabello,Retoca Raíces Negro 120 ml,"4,83 € / 100 ml","5,80 €",SCHWARZKOPF
Cuidado personal,Cuidado del cabello,Retoca Raíces Negro 120 ml,"4,83 € / 100 ml","5,80 €",SCHWARZKOPF
Cuidado personal,Cuidado del cabello,Retoca Raíces Negro 120 ml,"4,83 € / 100 ml","5,80 €",SCHWARZKOPF
Cuidado personal,Cuidado del cabello,Retoca Raíces Negro 120 ml,"4,83 € / 100 ml","5,80 €",SCHWARZKOPF
Cuidado personal,Cuidado del cabello,Retoca Raíces Negro 120 ml,"4,83 € / 100 ml","5,80 €",SCHWARZKOPF
Cuidado personal,Cuidado del cabello,Retoca Raíces Negro 120 ml,"4,83 € / 100 ml","5,80 €",SCHWARZKOPF
Cuidado personal,Cuidado del cabello,Retoca Raíces Negro 120 ml,"4,83 € / 100 ml","5,80 €",SCHWARZKOPF
Cuidado personal,Cuidado del cabello,Retoca Raíces Negro 120 ml,"4,83 € / 100 ml","5,80 €",SCHWARZKOPF
Cuidado personal,Cuidado del cabello,Retoca Raíces Negro 120 ml,"4,83 € / 100 ml","5,80 €",SCHWARZKOPF
Cuidado personal,Cuidado del cabello,Retoca Raíces Negro 120 ml,"4,83 € / 100 ml","5,80 €",SCHWARZKOPF
Cuidado personal,Cuidado del cabello,Retoca Raíces Negro 120 ml,"4,83 € / 100 ml","5,80 €",SCHWARZKOPF
Cuidado personal,Cuidado del cabello,Retoca Raíces Negro 120 ml,"4,83 € / 100 ml","5,80 €",SCHWARZKOPF
Cuidado personal,Cuidado del cabello,Retoca Raíces Negro 120 ml,"4,83 € / 100 ml","5,80 €",SCHWARZKOPF
Cuidado personal,Cuidado del cabello,Champú Menthol Fresh Anticaspa 625 ml,"1,37 € / 100 ml","8,59 €",H&S
Cuidado personal,Cuidado del cabello,Champú Menthol Fresh Anticaspa 625 ml,"1,37 € / 100 ml","8,59 €",H&S
Cuidado personal,Cuidado del cabello,Champú Menthol Fresh Anticaspa 625 ml,"1,37 € / 100 ml","8,59 €",H&S
Cuidado personal,Cuidado del cabello,Champú Menthol Fresh Anticaspa 625 ml,"1,37 € / 100 ml","8,59 €",H&S
Cuidado personal,Cuidado del cabello,Champú Menthol Fresh Anticaspa 625 ml,"1,37 € / 100 ml","8,59 €",H&S
Cuidado personal,Cuidado del cabello,Champú Menthol Fresh Anticaspa 625 ml,"1,37 € / 100 ml","8,59 €",H&S
Cuidado personal,Cuidado del cabello,Champú Menthol Fresh Anticaspa 625 ml,"1,37 € / 100 ml","8,59 €",H&S
Cuidado personal,Cuidado corporal,Body Milk Lactourea Pieles Deshidratadas 400 ml,"1,04 € / 100 ml","4,89 €
4,15 €",LACTOVIT
Cuidado personal,Cuidado corporal,Body Milk Lactourea Pieles Deshidratadas 400 ml,"1,04 € / 100 ml","4,89 €
4,15 €",LACTOVIT
Cuidado personal,Cuidado corporal,Body Milk Lactourea Pieles Deshidratadas 400 ml,"1,04 € / 100 ml","4,89 €
4,15 €",LACTOVIT
Cuidado personal,Cuidado corporal,Body Milk Lactourea Pieles Deshidratadas 400 ml,"1,04 € / 100 ml","4,89 €
4,15 €",LACTOVIT
Cuidado personal,Cuidado corporal,Body Milk Lactourea Pieles Deshidratadas 400 ml,"1,04 € / 100 ml","4,89 €
4,15 €",LACTOVIT
Cuidado personal,Cuidado corporal,Body Milk Lactourea Pieles Deshidratadas 400 ml,"1,04 € / 100 ml","4,89 €
4,15 €",LACTOVIT
Cuidado personal,Cuidado corporal,Body Milk Lactourea Pieles Deshidratadas 400 ml,"1,04 € / 100 ml","4,89 €
4,15 €",LACTOVIT
Cuidado personal,Cuidado corporal,Body Milk Lactourea Pieles Deshidratadas 400 ml,"1,04 € / 100 ml","4,89 €
4,15 €",LACTOVIT
Cuidado personal,Cuidado corporal,Body Milk Lactourea Pieles Deshidratadas 400 ml,"1,04 € / 100 ml","4,89 €
4,15 €",LACTOVIT
Cuidado personal,Cuidado corporal,Body Milk Lactourea Pieles Deshidratadas 400 ml,"1,04 € / 100 ml","4,89 €
4,15 €",LACTOVIT
Cuidado personal,Cuidado corporal,Body Milk Lactourea Pieles Deshidratadas 400 ml,"1,04 € / 100 ml","4,89 €
4,15 €",LACTOVIT
Cuidado personal,Cuidado corporal,Body Milk Lactourea Pieles Deshidratadas 400 ml,"1,04 € / 100 ml","4,89 €
4,15 €",LACTOVIT
Cuidado personal,Cuidado corporal,Body Milk Lactourea Pieles Deshidratadas 400 ml,"1,04 € / 100 ml","4,89 €
4,15 €",LACTOVIT
Cuidado personal,Cuidado corporal,Body Milk Lactourea Pieles Deshidratadas 400 ml,"1,04 € / 100 ml","4,89 €
4,15 €",LACTOVIT
Cuidado personal,Cuidado corporal,Body Milk Lactourea Pieles Deshidratadas 400 ml,"1,04 € / 100 ml","4,89 €
4,15 €",LACTOVIT
Cuidado personal,Cuidado corporal,Body Milk Lactourea Pieles Deshidratadas 400 ml,"1,04 € / 100 ml","4,89 €
4,15 €",LACTOVIT
Cuidado personal,Cuidado corporal,Body Milk Lactourea Pieles Deshidratadas 400 ml,"1,04 € / 100 ml","4,89 €
4,15 €",LACTOVIT
Cuidado personal,Cuidado corporal,Body Milk Lactourea Pieles Deshidratadas 400 ml,"1,04 € / 100 ml","4,89 €
4,15 €",LACTOVIT
Cuidado personal,Cuidado corporal,Body Milk Lactourea Pieles Deshidratadas 400 ml,"1,04 € / 100 ml","4,89 €
4,15 €",LACTOVIT
Cuidado personal,Cuidado corporal,Body Milk Lactourea Pieles Deshidratadas 400 ml,"1,04 € / 100 ml","4,89 €
4,15 €",LACTOVIT
Cuidado personal,Cuidado corporal,Crema Corporal Nutritiva Reparadora 200 ml,"0,73 € / 100 ml","1,45 €",KYREY
Cuidado personal,Cuidado corporal,Crema Corporal Nutritiva Reparadora 200 ml,"0,73 € / 100 ml","1,45 €",KYREY
Cuidado personal,Cuidado corporal,Crema Corporal Nutritiva Reparadora 200 ml,"0,73 € / 100 ml","1,45 €",KYREY
Cuidado personal,Cuidado corporal,Crema Corporal Nutritiva Reparadora 200 ml,"0,73 € / 100 ml","1,45 €",KYREY
Cuidado personal,Cuidado corporal,Crema Corporal Nutritiva Reparadora 200 ml,"0,73 € / 100 ml","1,45 €",KYREY
Cuidado personal,Cuidado corporal,Crema Corporal Nutritiva Reparadora 200 ml,"0,73 € / 100 ml","1,45 €",KYREY
Cuidado personal,Cuidado corporal,Crema Corporal Nutritiva Reparadora 200 ml,"0,73 € / 100 ml","1,45 €",KYREY
Cuidado personal,Cuidado corporal,Crema Corporal Nutritiva Reparadora 200 ml,"0,73 € / 100 ml","1,45 €",KYREY
Cuidado personal,Cuidado corporal,Crema Corporal Nutritiva Reparadora 200 ml,"0,73 € / 100 ml","1,45 €",KYREY
Cuidado personal,Cuidado corporal,Crema Corporal Nutritiva Reparadora 200 ml,"0,73 € / 100 ml","1,45 €",KYREY
Cuidado personal,Cuidado corporal,Crema Corporal Nutritiva Reparadora 200 ml,"0,73 € / 100 ml","1,45 €",KYREY
Cuidado personal,Cuidado corporal,Crema Corporal Nutritiva Reparadora 200 ml,"0,73 € / 100 ml","1,45 €",KYREY
Cuidado personal,Cuidado corporal,Crema Corporal Nutritiva Reparadora 200 ml,"0,73 € / 100 ml","1,45 €",KYREY
Cuidado personal,Cuidado corporal,Crema Corporal Nutritiva Reparadora 200 ml,"0,73 € / 100 ml","1,45 €",KYREY
Cuidado personal,Cuidado corporal,Crema Corporal Nutritiva Reparadora 200 ml,"0,73 € / 100 ml","1,45 €",KYREY
Cuidado personal,Cuidado corporal,Crema Corporal Nutritiva Reparadora 200 ml,"0,73 € / 100 ml","1,45 €",KYREY
Cuidado personal,Cuidado corporal,Crema Corporal Nutritiva Reparadora 200 ml,"0,73 € / 100 ml","1,45 €",KYREY
Cuidado personal,Cuidado corporal,Crema Corporal Nutritiva Reparadora 200 ml,"0,73 € / 100 ml","1,45 €",KYREY
Cuidado personal,Cuidado corporal,Crema Corporal Nutritiva Reparadora 200 ml,"0,73 € / 100 ml","1,45 €",KYREY
Cuidado personal,Cuidado corporal,Crema Corporal Nutritiva Reparadora 200 ml,"0,73 € / 100 ml","1,45 €",KYREY
Cuidado personal,Cuidado corporal,Jabón de Manos Jaboom Aroma Fresa y Nata 500 ml,"0,28 € / 100 ml","1,40 €",CONSUM KIDS
Cuidado personal,Cuidado corporal,Jabón de Manos Jaboom Aroma Fresa y Nata 500 ml,"0,28 € / 100 ml","1,40 €",CONSUM KIDS
Cuidado personal,Cuidado corporal,Jabón de Manos Jaboom Aroma Fresa y Nata 500 ml,"0,28 € / 100 ml","1,40 €",CONSUM KIDS
Cuidado personal,Cuidado corporal,Jabón de Manos Jaboom Aroma Fresa y Nata 500 ml,"0,28 € / 100 ml","1,40 €",CONSUM KIDS
Cuidado personal,Cuidado corporal,Jabón de Manos Jaboom Aroma Fresa y Nata 500 ml,"0,28 € / 100 ml","1,40 €",CONSUM KIDS
Cuidado personal,Cuidado corporal,Jabón de Manos Jaboom Aroma Fresa y Nata 500 ml,"0,28 € / 100 ml","1,40 €",CONSUM KIDS
Cuidado personal,Cuidado corporal,Jabón de Manos Jaboom Aroma Fresa y Nata 500 ml,"0,28 € / 100 ml","1,40 €",CONSUM KIDS
Cuidado personal,Cuidado corporal,Jabón de Manos Jaboom Aroma Fresa y Nata 500 ml,"0,28 € / 100 ml","1,40 €",CONSUM KIDS
Cuidado personal,Cuidado corporal,Jabón de Manos Jaboom Aroma Fresa y Nata 500 ml,"0,28 € / 100 ml","1,40 €",CONSUM KIDS
Cuidado personal,Cuidado corporal,Jabón de Manos Jaboom Aroma Fresa y Nata 500 ml,"0,28 € / 100 ml","1,40 €",CONSUM KIDS
Cuidado personal,Cuidado corporal,Jabón de Manos Jaboom Aroma Fresa y Nata 500 ml,"0,28 € / 100 ml","1,40 €",CONSUM KIDS
Cuidado personal,Cuidado corporal,Jabón de Manos Jaboom Aroma Fresa y Nata 500 ml,"0,28 € / 100 ml","1,40 €",CONSUM KIDS
Cuidado personal,Cuidado corporal,Jabón de Manos Jaboom Aroma Fresa y Nata 500 ml,"0,28 € / 100 ml","1,40 €",CONSUM KIDS
Cuidado personal,Cuidado corporal,Jabón de Manos Jaboom Aroma Fresa y Nata 500 ml,"0,28 € / 100 ml","1,40 €",CONSUM KIDS
Cuidado personal,Cuidado corporal,Jabón de Manos Jaboom Aroma Fresa y Nata 500 ml,"0,28 € / 100 ml","1,40 €",CONSUM KIDS
Cuidado personal,Cuidado corporal,Jabón de Manos Jaboom Aroma Fresa y Nata 500 ml,"0,28 € / 100 ml","1,40 €",CONSUM KIDS
Cuidado personal,Cuidado corporal,Jabón de Manos Jaboom Aroma Fresa y Nata 500 ml,"0,28 € / 100 ml","1,40 €",CONSUM KIDS
Cuidado personal,Cuidado corporal,Jabón de Manos Jaboom Aroma Fresa y Nata 500 ml,"0,28 € / 100 ml","1,40 €",CONSUM KIDS
Cuidado personal,Cuidado corporal,Jabón de Manos Jaboom Aroma Fresa y Nata 500 ml,"0,28 € / 100 ml","1,40 €",CONSUM KIDS
Cuidado personal,Cuidado corporal,Jabón de Manos Jaboom Aroma Fresa y Nata 500 ml,"0,28 € / 100 ml","1,40 €",CONSUM KIDS
Cuidado personal,Cuidado corporal,Loción Extra Hidratante Piel Normal Seca 330 ml,"1,47 € / 100 ml","4,85 €",NATURAL HONE
Cuidado personal,Cuidado facial,Crema Revitalift Día Antiarrugas más Firmeza 50 ml,"16,20 € / 100 ml","9,50 €
8,10 €",L'OREAL
Cuidado personal,Cuidado facial,Crema Revitalift Día Antiarrugas más Firmeza 50 ml,"16,20 € / 100 ml","9,50 €
8,10 €",L'OREAL
Cuidado personal,Cuidado facial,Crema Revitalift Día Antiarrugas más Firmeza 50 ml,"16,20 € / 100 ml","9,50 €
8,10 €",L'OREAL
Cuidado personal,Cuidado facial,Crema Revitalift Día Antiarrugas más Firmeza 50 ml,"16,20 € / 100 ml","9,50 €
8,10 €",L'OREAL
Cuidado personal,Cuidado facial,Crema Revitalift Día Antiarrugas más Firmeza 50 ml,"16,20 € / 100 ml","9,50 €
8,10 €",L'OREAL
Cuidado personal,Cuidado facial,Crema Revitalift Día Antiarrugas más Firmeza 50 ml,"16,20 € / 100 ml","9,50 €
8,10 €",L'OREAL
Cuidado personal,Cuidado facial,Crema Revitalift Día Antiarrugas más Firmeza 50 ml,"16,20 € / 100 ml","9,50 €
8,10 €",L'OREAL
Cuidado personal,Cuidado facial,Crema Revitalift Día Antiarrugas más Firmeza 50 ml,"16,20 € / 100 ml","9,50 €
8,10 €",L'OREAL
Cuidado personal,Cuidado facial,Crema Revitalift Día Antiarrugas más Firmeza 50 ml,"16,20 € / 100 ml","9,50 €
8,10 €",L'OREAL
Cuidado personal,Cuidado facial,Crema Revitalift Día Antiarrugas más Firmeza 50 ml,"16,20 € / 100 ml","9,50 €
8,10 €",L'OREAL
Cuidado personal,Cuidado facial,Crema Revitalift Día Antiarrugas más Firmeza 50 ml,"16,20 € / 100 ml","9,50 €
8,10 €",L'OREAL
Cuidado personal,Cuidado facial,Crema Revitalift Día Antiarrugas más Firmeza 50 ml,"16,20 € / 100 ml","9,50 €
8,10 €",L'OREAL
Cuidado personal,Cuidado facial,Crema Revitalift Día Antiarrugas más Firmeza 50 ml,"16,20 € / 100 ml","9,50 €
8,10 €",L'OREAL
Cuidado personal,Cuidado facial,Crema Revitalift Día Antiarrugas más Firmeza 50 ml,"16,20 € / 100 ml","9,50 €
8,10 €",L'OREAL
Cuidado personal,Cuidado facial,Crema Revitalift Día Antiarrugas más Firmeza 50 ml,"16,20 € / 100 ml","9,50 €
8,10 €",L'OREAL
Cuidado personal,Cuidado facial,Crema Revitalift Día Antiarrugas más Firmeza 50 ml,"16,20 € / 100 ml","9,50 €
8,10 €",L'OREAL
Cuidado personal,Cuidado facial,Crema Revitalift Día Antiarrugas más Firmeza 50 ml,"16,20 € / 100 ml","9,50 €
8,10 €",L'OREAL
Cuidado personal,Cuidado facial,Crema Revitalift Día Antiarrugas más Firmeza 50 ml,"16,20 € / 100 ml","9,50 €
8,10 €",L'OREAL
Cuidado personal,Cuidado facial,Crema Revitalift Día Antiarrugas más Firmeza 50 ml,"16,20 € / 100 ml","9,50 €
8,10 €",L'OREAL
Cuidado personal,Cuidado facial,Crema Revitalift Día Antiarrugas más Firmeza 50 ml,"16,20 € / 100 ml","9,50 €
8,10 €",L'OREAL
Cuidado personal,Cuidado facial,Sérum facial antiedad 30 ml,"19,97 € / 100 ml","5,99 €",THE RANGE
Cuidado personal,Cuidado facial,Sérum facial antiedad 30 ml,"19,97 € / 100 ml","5,99 €",THE RANGE
Cuidado personal,Cuidado facial,Sérum facial antiedad 30 ml,"19,97 € / 100 ml","5,99 €",THE RANGE
Cuidado personal,Cuidado facial,Sérum facial antiedad 30 ml,"19,97 € / 100 ml","5,99 €",THE RANGE
Cuidado personal,Cuidado facial,Sérum facial antiedad 30 ml,"19,97 € / 100 ml","5,99 €",THE RANGE
Cuidado personal,Cuidado facial,Sérum facial antiedad 30 ml,"19,97 € / 100 ml","5,99 €",THE RANGE
Cuidado personal,Cuidado facial,Sérum facial antiedad 30 ml,"19,97 € / 100 ml","5,99 €",THE RANGE
Cuidado personal,Cuidado facial,Sérum facial antiedad 30 ml,"19,97 € / 100 ml","5,99 €",THE RANGE
Cuidado personal,Cuidado facial,Sérum facial antiedad 30 ml,"19,97 € / 100 ml","5,99 €",THE RANGE
Cuidado personal,Cuidado facial,Sérum facial antiedad 30 ml,"19,97 € / 100 ml","5,99 €",THE RANGE
Cuidado personal,Cuidado facial,Sérum facial antiedad 30 ml,"19,97 € / 100 ml","5,99 €",THE RANGE
Cuidado personal,Cuidado facial,Sérum facial antiedad 30 ml,"19,97 € / 100 ml","5,99 €",THE RANGE
Cuidado personal,Cuidado facial,Sérum facial antiedad 30 ml,"19,97 € / 100 ml","5,99 €",THE RANGE
Cuidado personal,Cuidado facial,Sérum facial antiedad 30 ml,"19,97 € / 100 ml","5,99 €",THE RANGE
Cuidado personal,Cuidado facial,Sérum facial antiedad 30 ml,"19,97 € / 100 ml","5,99 €",THE RANGE
Cuidado personal,Cuidado facial,Sérum facial antiedad 30 ml,"19,97 € / 100 ml","5,99 €",THE RANGE
Cuidado personal,Cuidado facial,Sérum facial antiedad 30 ml,"19,97 € / 100 ml","5,99 €",THE RANGE
Cuidado personal,Cuidado facial,Sérum facial antiedad 30 ml,"19,97 € / 100 ml","5,99 €",THE RANGE
Cuidado personal,Cuidado facial,Sérum facial antiedad 30 ml,"19,97 € / 100 ml","5,99 €",THE RANGE
Cuidado personal,Cuidado facial,Sérum facial antiedad 30 ml,"19,97 € / 100 ml","5,99 €",THE RANGE
Cuidado personal,Cuidado facial,Protector Labial FP15 Aróma Fresa 1 U,"2,35 € / 1 U","2,35 €",PHARMADOCT
Cuidado personal,Cuidado facial,Protector Labial FP15 Aróma Fresa 1 U,"2,35 € / 1 U","2,35 €",PHARMADOCT
Cuidado personal,Cuidado facial,Protector Labial FP15 Aróma Fresa 1 U,"2,35 € / 1 U","2,35 €",PHARMADOCT
Cuidado personal,Cuidado facial,Protector Labial FP15 Aróma Fresa 1 U,"2,35 € / 1 U","2,35 €",PHARMADOCT
Cuidado personal,Cuidado facial,Protector Labial FP15 Aróma Fresa 1 U,"2,35 € / 1 U","2,35 €",PHARMADOCT
Cuidado personal,Cuidado facial,Protector Labial FP15 Aróma Fresa 1 U,"2,35 € / 1 U","2,35 €",PHARMADOCT
Cuidado personal,Cuidado facial,Protector Labial FP15 Aróma Fresa 1 U,"2,35 € / 1 U","2,35 €",PHARMADOCT
Cuidado personal,Cuidado facial,Protector Labial FP15 Aróma Fresa 1 U,"2,35 € / 1 U","2,35 €",PHARMADOCT
Cuidado personal,Cuidado facial,Protector Labial FP15 Aróma Fresa 1 U,"2,35 € / 1 U","2,35 €",PHARMADOCT
Cuidado personal,Cuidado facial,Protector Labial FP15 Aróma Fresa 1 U,"2,35 € / 1 U","2,35 €",PHARMADOCT
Cuidado personal,Cuidado facial,Protector Labial FP15 Aróma Fresa 1 U,"2,35 € / 1 U","2,35 €",PHARMADOCT
Cuidado personal,Cuidado facial,Protector Labial FP15 Aróma Fresa 1 U,"2,35 € / 1 U","2,35 €",PHARMADOCT
Cuidado personal,Cuidado facial,Protector Labial FP15 Aróma Fresa 1 U,"2,35 € / 1 U","2,35 €",PHARMADOCT
Cuidado personal,Cuidado facial,Protector Labial FP15 Aróma Fresa 1 U,"2,35 € / 1 U","2,35 €",PHARMADOCT
Cuidado personal,Cuidado facial,Protector Labial FP15 Aróma Fresa 1 U,"2,35 € / 1 U","2,35 €",PHARMADOCT
Cuidado personal,Cuidado facial,Protector Labial FP15 Aróma Fresa 1 U,"2,35 € / 1 U","2,35 €",PHARMADOCT
Cuidado personal,Cuidado facial,Protector Labial FP15 Aróma Fresa 1 U,"2,35 € / 1 U","2,35 €",PHARMADOCT
Cuidado personal,Cuidado facial,Protector Labial FP15 Aróma Fresa 1 U,"2,35 € / 1 U","2,35 €",PHARMADOCT
Cuidado personal,Cuidado facial,Protector Labial FP15 Aróma Fresa 1 U,"2,35 € / 1 U","2,35 €",PHARMADOCT
Cuidado personal,Cuidado facial,Protector Labial FP15 Aróma Fresa 1 U,"2,35 € / 1 U","2,35 €",PHARMADOCT
Cuidado personal,Cuidado facial,BB Cream Color Natural 35 ml,"10,00 € / 100 ml","3,50 €",KYREY
Cuidado personal,Cuidado facial,BB Cream Color Natural 35 ml,"10,00 € / 100 ml","3,50 €",KYREY
Cuidado personal,Cuidado facial,BB Cream Color Natural 35 ml,"10,00 € / 100 ml","3,50 €",KYREY
Cuidado personal,Cuidado facial,BB Cream Color Natural 35 ml,"10,00 € / 100 ml","3,50 €",KYREY
Cuidado personal,Cuidado facial,BB Cream Color Natural 35 ml,"10,00 € / 100 ml","3,50 €",KYREY
Cuidado personal,Cuidado facial,BB Cream Color Natural 35 ml,"10,00 € / 100 ml","3,50 €",KYREY
Cuidado personal,Cuidado facial,BB Cream Color Natural 35 ml,"10,00 € / 100 ml","3,50 €",KYREY
Cuidado personal,Cuidado facial,BB Cream Color Natural 35 ml,"10,00 € / 100 ml","3,50 €",KYREY
Cuidado personal,Cuidado facial,BB Cream Color Natural 35 ml,"10,00 € / 100 ml","3,50 €",KYREY
Cuidado personal,Cuidado facial,BB Cream Color Natural 35 ml,"10,00 € / 100 ml","3,50 €",KYREY
Cuidado personal,Cuidado facial,BB Cream Color Natural 35 ml,"10,00 € / 100 ml","3,50 €",KYREY
Cuidado personal,Cuidado facial,BB Cream Color Natural 35 ml,"10,00 € / 100 ml","3,50 €",KYREY
Cuidado personal,Cuidado facial,BB Cream Color Natural 35 ml,"10,00 € / 100 ml","3,50 €",KYREY
Cuidado personal,Cuidado facial,BB Cream Color Natural 35 ml,"10,00 € / 100 ml","3,50 €",KYREY
Cuidado personal,Cuidado facial,BB Cream Color Natural 35 ml,"10,00 € / 100 ml","3,50 €",KYREY
Cuidado personal,Cuidado facial,BB Cream Color Natural 35 ml,"10,00 € / 100 ml","3,50 €",KYREY
Cuidado personal,Cuidado facial,BB Cream Color Natural 35 ml,"10,00 € / 100 ml","3,50 €",KYREY
Cuidado personal,Cuidado facial,BB Cream Color Natural 35 ml,"10,00 € / 100 ml","3,50 €",KYREY
Cuidado personal,Cuidado facial,BB Cream Color Natural 35 ml,"10,00 € / 100 ml","3,50 €",KYREY
Cuidado personal,Cuidado facial,BB Cream Color Natural 35 ml,"10,00 € / 100 ml","3,50 €",KYREY
Cuidado personal,Cuidado facial,Desmaquillante Ojos Bifásico 1 U,"5,15 € / 1 U","5,15 €",NIVEA
Cuidado personal,Cuidado facial,Desmaquillante Ojos Bifásico 1 U,"5,15 € / 1 U","5,15 €",NIVEA
Cuidado personal,Cuidado facial,Desmaquillante Ojos Bifásico 1 U,"5,15 € / 1 U","5,15 €",NIVEA
Cuidado personal,Cuidado facial,Desmaquillante Ojos Bifásico 1 U,"5,15 € / 1 U","5,15 €",NIVEA
Cuidado personal,Cuidado facial,Desmaquillante Ojos Bifásico 1 U,"5,15 € / 1 U","5,15 €",NIVEA
Cuidado personal,Cuidado facial,Desmaquillante Ojos Bifásico 1 U,"5,15 € / 1 U","5,15 €",NIVEA
Cuidado personal,Cuidado facial,Desmaquillante Ojos Bifásico 1 U,"5,15 € / 1 U","5,15 €",NIVEA
Cuidado personal,Cuidado facial,Desmaquillante Ojos Bifásico 1 U,"5,15 € / 1 U","5,15 €",NIVEA
Cuidado personal,Cuidado facial,Desmaquillante Ojos Bifásico 1 U,"5,15 € / 1 U","5,15 €",NIVEA
Cuidado personal,Cuidado facial,Desmaquillante Ojos Bifásico 1 U,"5,15 € / 1 U","5,15 €",NIVEA
Cuidado personal,Cuidado facial,Desmaquillante Ojos Bifásico 1 U,"5,15 € / 1 U","5,15 €",NIVEA
Cuidado personal,Cuidado facial,Desmaquillante Ojos Bifásico 1 U,"5,15 € / 1 U","5,15 €",NIVEA
Cuidado personal,Cuidado facial,Desmaquillante Ojos Bifásico 1 U,"5,15 € / 1 U","5,15 €",NIVEA
Cuidado personal,Cuidado facial,Desmaquillante Ojos Bifásico 1 U,"5,15 € / 1 U","5,15 €",NIVEA
Cuidado personal,Cuidado facial,Desmaquillante Ojos Bifásico 1 U,"5,15 € / 1 U","5,15 €",NIVEA
Cuidado personal,Cuidado facial,Desmaquillante Ojos Bifásico 1 U,"5,15 € / 1 U","5,15 €",NIVEA
Cuidado personal,Cuidado facial,Desmaquillante Ojos Bifásico 1 U,"5,15 € / 1 U","5,15 €",NIVEA
Cuidado personal,Cuidado facial,Desmaquillante Ojos Bifásico 1 U,"5,15 € / 1 U","5,15 €",NIVEA
Cuidado personal,Cuidado facial,Desmaquillante Ojos Bifásico 1 U,"5,15 € / 1 U","5,15 €",NIVEA
Cuidado personal,Cuidado facial,Desmaquillante Ojos Bifásico 1 U,"5,15 € / 1 U","5,15 €",NIVEA
Cuidado personal,Cuidado facial,Toallitas Desmaquillantes Rostro Ojos y Labios 30 U,"0,10 € / 1 U","2,95 €",NAT.HONEY
Cuidado personal,Cuidado facial,Toallitas Desmaquillantes Rostro Ojos y Labios 30 U,"0,10 € / 1 U","2,95 €",NAT.HONEY
Cuidado personal,Cuidado facial,Toallitas Desmaquillantes Rostro Ojos y Labios 30 U,"0,10 € / 1 U","2,95 €",NAT.HONEY
Cuidado personal,Cuidado facial,Toallitas Desmaquillantes Rostro Ojos y Labios 30 U,"0,10 € / 1 U","2,95 €",NAT.HONEY
Cuidado personal,Cuidado facial,Toallitas Desmaquillantes Rostro Ojos y Labios 30 U,"0,10 € / 1 U","2,95 €",NAT.HONEY
Cuidado personal,Cuidado facial,Toallitas Desmaquillantes Rostro Ojos y Labios 30 U,"0,10 € / 1 U","2,95 €",NAT.HONEY
Cuidado personal,Cuidado facial,Toallitas Desmaquillantes Rostro Ojos y Labios 30 U,"0,10 € / 1 U","2,95 €",NAT.HONEY
Cuidado personal,Cuidado facial,Toallitas Desmaquillantes Rostro Ojos y Labios 30 U,"0,10 € / 1 U","2,95 €",NAT.HONEY
Cuidado personal,Cuidado facial,Toallitas Desmaquillantes Rostro Ojos y Labios 30 U,"0,10 € / 1 U","2,95 €",NAT.HONEY
Cuidado personal,Cuidado facial,Toallitas Desmaquillantes Rostro Ojos y Labios 30 U,"0,10 € / 1 U","2,95 €",NAT.HONEY
Cuidado personal,Cuidado facial,Toallitas Desmaquillantes Rostro Ojos y Labios 30 U,"0,10 € / 1 U","2,95 €",NAT.HONEY
Cuidado personal,Cuidado facial,Toallitas Desmaquillantes Rostro Ojos y Labios 30 U,"0,10 € / 1 U","2,95 €",NAT.HONEY
Cuidado personal,Cuidado facial,Toallitas Desmaquillantes Rostro Ojos y Labios 30 U,"0,10 € / 1 U","2,95 €",NAT.HONEY
Cuidado personal,Cuidado facial,Toallitas Desmaquillantes Rostro Ojos y Labios 30 U,"0,10 € / 1 U","2,95 €",NAT.HONEY
Cuidado personal,Cuidado facial,Toallitas Desmaquillantes Rostro Ojos y Labios 30 U,"0,10 € / 1 U","2,95 €",NAT.HONEY
Cuidado personal,Cuidado facial,Toallitas Desmaquillantes Rostro Ojos y Labios 30 U,"0,10 € / 1 U","2,95 €",NAT.HONEY
Cuidado personal,Cuidado facial,Toallitas Desmaquillantes Rostro Ojos y Labios 30 U,"0,10 € / 1 U","2,95 €",NAT.HONEY
Cuidado personal,Cuidado facial,Toallitas Desmaquillantes Rostro Ojos y Labios 30 U,"0,10 € / 1 U","2,95 €",NAT.HONEY
Cuidado personal,Cuidado facial,Toallitas Desmaquillantes Rostro Ojos y Labios 30 U,"0,10 € / 1 U","2,95 €",NAT.HONEY
Cuidado personal,Cuidado facial,Toallitas Desmaquillantes Rostro Ojos y Labios 30 U,"0,10 € / 1 U","2,95 €",NAT.HONEY
Cuidado personal,Cuidado facial,"Stick Labial Fresa 4,25 Gr","93,88 € / 100 Gr","3,99 €",CARMEX
Cuidado personal,Cuidado facial,"Stick Labial Fresa 4,25 Gr","93,88 € / 100 Gr","3,99 €",CARMEX
Cuidado personal,Cuidado facial,"Stick Labial Fresa 4,25 Gr","93,88 € / 100 Gr","3,99 €",CARMEX
Cuidado personal,Cuidado facial,"Stick Labial Fresa 4,25 Gr","93,88 € / 100 Gr","3,99 €",CARMEX
Cuidado personal,Cuidado facial,"Stick Labial Fresa 4,25 Gr","93,88 € / 100 Gr","3,99 €",CARMEX
Cuidado personal,Cuidado facial,"Stick Labial Fresa 4,25 Gr","93,88 € / 100 Gr","3,99 €",CARMEX
Cuidado personal,Cuidado facial,"Stick Labial Fresa 4,25 Gr","93,88 € / 100 Gr","3,99 €",CARMEX
Cuidado personal,Cuidado facial,"Stick Labial Fresa 4,25 Gr","93,88 € / 100 Gr","3,99 €",CARMEX
Cuidado personal,Cuidado facial,"Stick Labial Fresa 4,25 Gr","93,88 € / 100 Gr","3,99 €",CARMEX
Cuidado personal,Cuidado facial,"Stick Labial Fresa 4,25 Gr","93,88 € / 100 Gr","3,99 €",CARMEX
Cuidado personal,Cuidado facial,"Stick Labial Fresa 4,25 Gr","93,88 € / 100 Gr","3,99 €",CARMEX
Cuidado personal,Cuidado facial,"Stick Labial Fresa 4,25 Gr","93,88 € / 100 Gr","3,99 €",CARMEX
Cuidado personal,Cuidado facial,"Stick Labial Fresa 4,25 Gr","93,88 € / 100 Gr","3,99 €",CARMEX
Cuidado personal,Cuidado facial,"Stick Labial Fresa 4,25 Gr","93,88 € / 100 Gr","3,99 €",CARMEX
Cuidado personal,Cuidado facial,"Stick Labial Fresa 4,25 Gr","93,88 € / 100 Gr","3,99 €",CARMEX
Cuidado personal,Cuidado facial,"Stick Labial Fresa 4,25 Gr","93,88 € / 100 Gr","3,99 €",CARMEX
Cuidado personal,Cuidado facial,"Stick Labial Fresa 4,25 Gr","93,88 € / 100 Gr","3,99 €",CARMEX
Cuidado personal,Cuidado facial,"Stick Labial Fresa 4,25 Gr","93,88 € / 100 Gr","3,99 €",CARMEX
Cuidado personal,Cuidado facial,"Stick Labial Fresa 4,25 Gr","93,88 € / 100 Gr","3,99 €",CARMEX
Cuidado personal,Cuidado manos y pies,Crema Pies Pharma con Urea 125 ml,"0,96 € / 100 ml","1,50 €
1,20 €",KYREY PHARMA
Cuidado personal,Cuidado manos y pies,Crema Pies Pharma con Urea 125 ml,"0,96 € / 100 ml","1,50 €
1,20 €",KYREY PHARMA
Cuidado personal,Cuidado manos y pies,Crema Pies Pharma con Urea 125 ml,"0,96 € / 100 ml","1,50 €
1,20 €",KYREY PHARMA
Cuidado personal,Cuidado manos y pies,Crema Pies Pharma con Urea 125 ml,"0,96 € / 100 ml","1,50 €
1,20 €",KYREY PHARMA
Cuidado personal,Cuidado manos y pies,Crema Pies Pharma con Urea 125 ml,"0,96 € / 100 ml","1,50 €
1,20 €",KYREY PHARMA
Cuidado personal,Cuidado manos y pies,Crema Pies Pharma con Urea 125 ml,"0,96 € / 100 ml","1,50 €
1,20 €",KYREY PHARMA
Cuidado personal,Cuidado manos y pies,Crema Pies Pharma con Urea 125 ml,"0,96 € / 100 ml","1,50 €
1,20 €",KYREY PHARMA
Cuidado personal,Cuidado manos y pies,Crema Pies Pharma con Urea 125 ml,"0,96 € / 100 ml","1,50 €
1,20 €",KYREY PHARMA
Cuidado personal,Cuidado manos y pies,Crema Pies Pharma con Urea 125 ml,"0,96 € / 100 ml","1,50 €
1,20 €",KYREY PHARMA
Cuidado personal,Cuidado manos y pies,Crema Pies Pharma con Urea 125 ml,"0,96 € / 100 ml","1,50 €
1,20 €",KYREY PHARMA
Cuidado personal,Cuidado manos y pies,Crema Pies Pharma con Urea 125 ml,"0,96 € / 100 ml","1,50 €
1,20 €",KYREY PHARMA
Cuidado personal,Cuidado manos y pies,Crema Pies Pharma con Urea 125 ml,"0,96 € / 100 ml","1,50 €
1,20 €",KYREY PHARMA
Cuidado personal,Cuidado manos y pies,Crema Pies Pharma con Urea 125 ml,"0,96 € / 100 ml","1,50 €
1,20 €",KYREY PHARMA
Cuidado personal,Cuidado manos y pies,Crema Pies Pharma con Urea 125 ml,"0,96 € / 100 ml","1,50 €
1,20 €",KYREY PHARMA
Cuidado personal,Cuidado manos y pies,Crema Pies Pharma con Urea 125 ml,"0,96 € / 100 ml","1,50 €
1,20 €",KYREY PHARMA
Cuidado personal,Cuidado manos y pies,Crema Pies Pharma con Urea 125 ml,"0,96 € / 100 ml","1,50 €
1,20 €",KYREY PHARMA
Cuidado personal,Cuidado manos y pies,Crema Pies Pharma con Urea 125 ml,"0,96 € / 100 ml","1,50 €
1,20 €",KYREY PHARMA
Cuidado personal,Cuidado manos y pies,Crema Pies Pharma con Urea 125 ml,"0,96 € / 100 ml","1,50 €
1,20 €",KYREY PHARMA
Cuidado personal,Cuidado manos y pies,Crema Pies Pharma con Urea 125 ml,"0,96 € / 100 ml","1,50 €
1,20 €",KYREY PHARMA
Cuidado personal,Cuidado manos y pies,Crema Pies Pharma con Urea 125 ml,"0,96 € / 100 ml","1,50 €
1,20 €",KYREY PHARMA
Cuidado personal,Cuidado manos y pies,Cortacallos 1 U,"2,40 € / 1 U","2,40 €",PONETTE
Cuidado personal,Cuidado manos y pies,Cortacallos 1 U,"2,40 € / 1 U","2,40 €",PONETTE
Cuidado personal,Cuidado manos y pies,Cortacallos 1 U,"2,40 € / 1 U","2,40 €",PONETTE
Cuidado personal,Cuidado manos y pies,Cortacallos 1 U,"2,40 € / 1 U","2,40 €",PONETTE
Cuidado personal,Cuidado manos y pies,Cortacallos 1 U,"2,40 € / 1 U","2,40 €",PONETTE
Cuidado personal,Cuidado manos y pies,Cortacallos 1 U,"2,40 € / 1 U","2,40 €",PONETTE
Cuidado personal,Cuidado manos y pies,Cortacallos 1 U,"2,40 € / 1 U","2,40 €",PONETTE
Cuidado personal,Cuidado manos y pies,Cortacallos 1 U,"2,40 € / 1 U","2,40 €",PONETTE
Cuidado personal,Cuidado manos y pies,Cortacallos 1 U,"2,40 € / 1 U","2,40 €",PONETTE
Cuidado personal,Cuidado manos y pies,Cortacallos 1 U,"2,40 € / 1 U","2,40 €",PONETTE
Cuidado personal,Cuidado manos y pies,Cortacallos 1 U,"2,40 € / 1 U","2,40 €",PONETTE
Cuidado personal,Cuidado manos y pies,Cortacallos 1 U,"2,40 € / 1 U","2,40 €",PONETTE
Cuidado personal,Cuidado manos y pies,Cortacallos 1 U,"2,40 € / 1 U","2,40 €",PONETTE
Cuidado personal,Cuidado manos y pies,Cortacallos 1 U,"2,40 € / 1 U","2,40 €",PONETTE
Cuidado personal,Cuidado manos y pies,Cortacallos 1 U,"2,40 € / 1 U","2,40 €",PONETTE
Cuidado personal,Cuidado manos y pies,Cortacallos 1 U,"2,40 € / 1 U","2,40 €",PONETTE
Cuidado personal,Cuidado manos y pies,Cortacallos 1 U,"2,40 € / 1 U","2,40 €",PONETTE
Cuidado personal,Cuidado manos y pies,Cortacallos 1 U,"2,40 € / 1 U","2,40 €",PONETTE
Cuidado personal,Cuidado manos y pies,Cortacallos 1 U,"2,40 € / 1 U","2,40 €",PONETTE
Cuidado personal,Cuidado manos y pies,Cortacallos 1 U,"2,40 € / 1 U","2,40 €",PONETTE
Cuidado personal,Cuidado manos y pies,Pulidor Uñas 4 Fases 1 U,"1,60 € / 1 U","1,60 €",PONETTE
Cuidado personal,Cuidado manos y pies,Pulidor Uñas 4 Fases 1 U,"1,60 € / 1 U","1,60 €",PONETTE
Cuidado personal,Higiene corporal,Gel Baño Marine 550 ml,"0,62 € / 100 ml","3,40 €",MAGNO
Cuidado personal,Higiene corporal,Gel Baño Marine 550 ml,"0,62 € / 100 ml","3,40 €",MAGNO
Cuidado personal,Higiene corporal,Gel Baño Marine 550 ml,"0,62 € / 100 ml","3,40 €",MAGNO
Cuidado personal,Higiene corporal,Gel Baño Marine 550 ml,"0,62 € / 100 ml","3,40 €",MAGNO
Cuidado personal,Higiene corporal,Gel Baño Marine 550 ml,"0,62 € / 100 ml","3,40 €",MAGNO
Cuidado personal,Higiene corporal,Gel Baño Marine 550 ml,"0,62 € / 100 ml","3,40 €",MAGNO
Cuidado personal,Higiene corporal,Gel Baño Marine 550 ml,"0,62 € / 100 ml","3,40 €",MAGNO
Cuidado personal,Higiene corporal,Gel Baño Marine 550 ml,"0,62 € / 100 ml","3,40 €",MAGNO
Cuidado personal,Higiene corporal,Gel Baño Marine 550 ml,"0,62 € / 100 ml","3,40 €",MAGNO
Cuidado personal,Higiene corporal,Gel Baño Marine 550 ml,"0,62 € / 100 ml","3,40 €",MAGNO
Cuidado personal,Higiene corporal,Gel Baño Marine 550 ml,"0,62 € / 100 ml","3,40 €",MAGNO
Cuidado personal,Higiene corporal,Gel Baño Marine 550 ml,"0,62 € / 100 ml","3,40 €",MAGNO
Cuidado personal,Higiene corporal,Gel Baño Marine 550 ml,"0,62 € / 100 ml","3,40 €",MAGNO
Cuidado personal,Higiene corporal,Gel Baño Marine 550 ml,"0,62 € / 100 ml","3,40 €",MAGNO
Cuidado personal,Higiene corporal,Gel Baño Marine 550 ml,"0,62 € / 100 ml","3,40 €",MAGNO
Cuidado personal,Higiene corporal,Gel Baño Marine 550 ml,"0,62 € / 100 ml","3,40 €",MAGNO
Cuidado personal,Higiene corporal,Gel Baño Marine 550 ml,"0,62 € / 100 ml","3,40 €",MAGNO
Cuidado personal,Higiene corporal,Gel Baño Marine 550 ml,"0,62 € / 100 ml","3,40 €",MAGNO
Cuidado personal,Higiene corporal,Gel Baño Marine 550 ml,"0,62 € / 100 ml","3,40 €",MAGNO
Cuidado personal,Higiene corporal,Gel Baño Marine 550 ml,"0,62 € / 100 ml","3,40 €",MAGNO
Cuidado personal,Higiene corporal,Jabón Líquido Almendras 300 ml,"0,82 € / 100 ml","2,45 €",PALMOLIVE
Cuidado personal,Higiene corporal,Jabón Líquido Almendras 300 ml,"0,82 € / 100 ml","2,45 €",PALMOLIVE
Cuidado personal,Higiene corporal,Jabón Líquido Almendras 300 ml,"0,82 € / 100 ml","2,45 €",PALMOLIVE
Cuidado personal,Higiene corporal,Jabón Líquido Almendras 300 ml,"0,82 € / 100 ml","2,45 €",PALMOLIVE
Cuidado personal,Higiene corporal,Jabón Líquido Almendras 300 ml,"0,82 € / 100 ml","2,45 €",PALMOLIVE
Cuidado personal,Higiene corporal,Jabón Líquido Almendras 300 ml,"0,82 € / 100 ml","2,45 €",PALMOLIVE
Cuidado personal,Higiene corporal,Jabón Líquido Almendras 300 ml,"0,82 € / 100 ml","2,45 €",PALMOLIVE
Cuidado personal,Higiene corporal,Jabón Líquido Almendras 300 ml,"0,82 € / 100 ml","2,45 €",PALMOLIVE
Cuidado personal,Higiene corporal,Jabón Líquido Almendras 300 ml,"0,82 € / 100 ml","2,45 €",PALMOLIVE
Cuidado personal,Higiene corporal,Jabón Líquido Almendras 300 ml,"0,82 € / 100 ml","2,45 €",PALMOLIVE
Cuidado personal,Higiene corporal,Jabón Líquido Almendras 300 ml,"0,82 € / 100 ml","2,45 €",PALMOLIVE
Cuidado personal,Higiene corporal,Jabón Líquido Almendras 300 ml,"0,82 € / 100 ml","2,45 €",PALMOLIVE
Cuidado personal,Higiene corporal,Jabón Líquido Almendras 300 ml,"0,82 € / 100 ml","2,45 €",PALMOLIVE
Cuidado personal,Higiene corporal,Jabón Líquido Almendras 300 ml,"0,82 € / 100 ml","2,45 €",PALMOLIVE
Cuidado personal,Higiene corporal,Jabón Líquido Almendras 300 ml,"0,82 € / 100 ml","2,45 €",PALMOLIVE
Cuidado personal,Higiene corporal,Jabón Líquido Almendras 300 ml,"0,82 € / 100 ml","2,45 €",PALMOLIVE
Cuidado personal,Higiene corporal,Jabón Líquido Almendras 300 ml,"0,82 € / 100 ml","2,45 €",PALMOLIVE
Cuidado personal,Higiene corporal,Jabón Líquido Almendras 300 ml,"0,82 € / 100 ml","2,45 €",PALMOLIVE
Cuidado personal,Higiene corporal,Jabón Líquido Almendras 300 ml,"0,82 € / 100 ml","2,45 €",PALMOLIVE
Cuidado personal,Higiene corporal,Jabón Líquido Almendras 300 ml,"0,82 € / 100 ml","2,45 €",PALMOLIVE
Cuidado personal,Higiene corporal,Gel de Baño Oliva 750 ml,"0,19 € / 100 ml","1,45 €",KYREY
Cuidado personal,Higiene corporal,Gel de Baño Oliva 750 ml,"0,19 € / 100 ml","1,45 €",KYREY
Cuidado personal,Higiene corporal,Gel de Baño Oliva 750 ml,"0,19 € / 100 ml","1,45 €",KYREY
Cuidado personal,Higiene corporal,Gel de Baño Oliva 750 ml,"0,19 € / 100 ml","1,45 €",KYREY
Cuidado personal,Higiene corporal,Gel de Baño Oliva 750 ml,"0,19 € / 100 ml","1,45 €",KYREY
Cuidado personal,Higiene corporal,Gel de Baño Oliva 750 ml,"0,19 € / 100 ml","1,45 €",KYREY
Cuidado personal,Higiene corporal,Gel de Baño Oliva 750 ml,"0,19 € / 100 ml","1,45 €",KYREY
Cuidado personal,Higiene corporal,Gel de Baño Oliva 750 ml,"0,19 € / 100 ml","1,45 €",KYREY
Cuidado personal,Higiene corporal,Gel de Baño Oliva 750 ml,"0,19 € / 100 ml","1,45 €",KYREY
Cuidado personal,Higiene corporal,Gel de Baño Oliva 750 ml,"0,19 € / 100 ml","1,45 €",KYREY
Cuidado personal,Higiene corporal,Gel de Baño Oliva 750 ml,"0,19 € / 100 ml","1,45 €",KYREY
Cuidado personal,Higiene corporal,Gel de Baño Oliva 750 ml,"0,19 € / 100 ml","1,45 €",KYREY
Cuidado personal,Higiene corporal,Gel de Baño Oliva 750 ml,"0,19 € / 100 ml","1,45 €",KYREY
Cuidado personal,Higiene corporal,Gel de Baño Oliva 750 ml,"0,19 € / 100 ml","1,45 €",KYREY
Cuidado personal,Higiene corporal,Gel de Baño Oliva 750 ml,"0,19 € / 100 ml","1,45 €",KYREY
Cuidado personal,Higiene corporal,Gel de Baño Oliva 750 ml,"0,19 € / 100 ml","1,45 €",KYREY
Cuidado personal,Higiene corporal,Gel de Baño Oliva 750 ml,"0,19 € / 100 ml","1,45 €",KYREY
Cuidado personal,Higiene corporal,Gel de Baño Oliva 750 ml,"0,19 € / 100 ml","1,45 €",KYREY
Cuidado personal,Higiene corporal,Gel de Baño Oliva 750 ml,"0,19 € / 100 ml","1,45 €",KYREY
Cuidado personal,Higiene corporal,Gel de Baño Oliva 750 ml,"0,19 € / 100 ml","1,45 €",KYREY
Cuidado personal,Higiene corporal,Gel Urea 1250 ml,"0,20 € / 100 ml","2,55 €",INST.ESPAÑOL
Cuidado personal,Higiene corporal,Gel Urea 1250 ml,"0,20 € / 100 ml","2,55 €",INST.ESPAÑOL
Cuidado personal,Higiene corporal,Gel Urea 1250 ml,"0,20 € / 100 ml","2,55 €",INST.ESPAÑOL
Cuidado personal,Higiene corporal,Gel Urea 1250 ml,"0,20 € / 100 ml","2,55 €",INST.ESPAÑOL
Cuidado personal,Higiene corporal,Gel Urea 1250 ml,"0,20 € / 100 ml","2,55 €",INST.ESPAÑOL
Cuidado personal,Higiene corporal,Gel Urea 1250 ml,"0,20 € / 100 ml","2,55 €",INST.ESPAÑOL
Cuidado personal,Higiene corporal,Gel Urea 1250 ml,"0,20 € / 100 ml","2,55 €",INST.ESPAÑOL
Cuidado personal,Higiene corporal,Gel Urea 1250 ml,"0,20 € / 100 ml","2,55 €",INST.ESPAÑOL
Cuidado personal,Higiene corporal,Gel Urea 1250 ml,"0,20 € / 100 ml","2,55 €",INST.ESPAÑOL
Cuidado personal,Higiene corporal,Gel Urea 1250 ml,"0,20 € / 100 ml","2,55 €",INST.ESPAÑOL
Cuidado personal,Higiene corporal,Gel Urea 1250 ml,"0,20 € / 100 ml","2,55 €",INST.ESPAÑOL
Cuidado personal,Higiene corporal,Gel Urea 1250 ml,"0,20 € / 100 ml","2,55 €",INST.ESPAÑOL
Cuidado personal,Higiene corporal,Gel Urea 1250 ml,"0,20 € / 100 ml","2,55 €",INST.ESPAÑOL
Cuidado personal,Higiene corporal,Gel Urea 1250 ml,"0,20 € / 100 ml","2,55 €",INST.ESPAÑOL
Cuidado personal,Higiene corporal,Gel Urea 1250 ml,"0,20 € / 100 ml","2,55 €",INST.ESPAÑOL
Cuidado personal,Higiene corporal,Gel Urea 1250 ml,"0,20 € / 100 ml","2,55 €",INST.ESPAÑOL
Cuidado personal,Higiene corporal,Gel Urea 1250 ml,"0,20 € / 100 ml","2,55 €",INST.ESPAÑOL
Cuidado personal,Higiene corporal,Gel Urea 1250 ml,"0,20 € / 100 ml","2,55 €",INST.ESPAÑOL
Cuidado personal,Higiene corporal,Gel Urea 1250 ml,"0,20 € / 100 ml","2,55 €",INST.ESPAÑOL
Cuidado personal,Higiene corporal,Gel Urea 1250 ml,"0,20 € / 100 ml","2,55 €",INST.ESPAÑOL
Cuidado personal,Higiene corporal,Gel Dermo Familiar 1 L,"1,10 € / 1 L","1,10 €",KYREY
Cuidado personal,Higiene corporal,Gel Dermo Familiar 1 L,"1,10 € / 1 L","1,10 €",KYREY
Cuidado personal,Higiene corporal,Gel Dermo Familiar 1 L,"1,10 € / 1 L","1,10 €",KYREY
Cuidado personal,Higiene corporal,Gel Dermo Familiar 1 L,"1,10 € / 1 L","1,10 €",KYREY
Cuidado personal,Higiene corporal,Gel Dermo Familiar 1 L,"1,10 € / 1 L","1,10 €",KYREY
Cuidado personal,Higiene corporal,Gel Dermo Familiar 1 L,"1,10 € / 1 L","1,10 €",KYREY
Cuidado personal,Higiene corporal,Gel Dermo Familiar 1 L,"1,10 € / 1 L","1,10 €",KYREY
Cuidado personal,Desodorante,Desodorante Spray Tacto Puro N.B. 200 ml,"1,50 € / 100 ml","2,99 €",PALMOLIVE
Cuidado personal,Desodorante,Desodorante Spray Tacto Puro N.B. 200 ml,"1,50 € / 100 ml","2,99 €",PALMOLIVE
Cuidado personal,Desodorante,Desodorante Spray Tacto Puro N.B. 200 ml,"1,50 € / 100 ml","2,99 €",PALMOLIVE
Cuidado personal,Desodorante,Desodorante Spray Tacto Puro N.B. 200 ml,"1,50 € / 100 ml","2,99 €",PALMOLIVE
Cuidado personal,Desodorante,Desodorante Spray Tacto Puro N.B. 200 ml,"1,50 € / 100 ml","2,99 €",PALMOLIVE
Cuidado personal,Desodorante,Desodorante Spray Tacto Puro N.B. 200 ml,"1,50 € / 100 ml","2,99 €",PALMOLIVE
Cuidado personal,Desodorante,Desodorante Spray Tacto Puro N.B. 200 ml,"1,50 € / 100 ml","2,99 €",PALMOLIVE
Cuidado personal,Desodorante,Desodorante Spray Tacto Puro N.B. 200 ml,"1,50 € / 100 ml","2,99 €",PALMOLIVE
Cuidado personal,Desodorante,Desodorante Spray Tacto Puro N.B. 200 ml,"1,50 € / 100 ml","2,99 €",PALMOLIVE
Cuidado personal,Desodorante,Desodorante Spray Tacto Puro N.B. 200 ml,"1,50 € / 100 ml","2,99 €",PALMOLIVE
Cuidado personal,Desodorante,Desodorante Spray Tacto Puro N.B. 200 ml,"1,50 € / 100 ml","2,99 €",PALMOLIVE
Cuidado personal,Desodorante,Desodorante Spray Tacto Puro N.B. 200 ml,"1,50 € / 100 ml","2,99 €",PALMOLIVE
Cuidado personal,Desodorante,Desodorante Spray Tacto Puro N.B. 200 ml,"1,50 € / 100 ml","2,99 €",PALMOLIVE
Cuidado personal,Desodorante,Desodorante Spray Tacto Puro N.B. 200 ml,"1,50 € / 100 ml","2,99 €",PALMOLIVE
Cuidado personal,Desodorante,Desodorante Spray Tacto Puro N.B. 200 ml,"1,50 € / 100 ml","2,99 €",PALMOLIVE
Cuidado personal,Desodorante,Desodorante Spray Tacto Puro N.B. 200 ml,"1,50 € / 100 ml","2,99 €",PALMOLIVE
Cuidado personal,Desodorante,Desodorante Spray Tacto Puro N.B. 200 ml,"1,50 € / 100 ml","2,99 €",PALMOLIVE
Cuidado personal,Desodorante,Desodorante Spray Tacto Puro N.B. 200 ml,"1,50 € / 100 ml","2,99 €",PALMOLIVE
Cuidado personal,Desodorante,Desodorante Spray Tacto Puro N.B. 200 ml,"1,50 € / 100 ml","2,99 €",PALMOLIVE
Cuidado personal,Desodorante,Desodorante Spray Tacto Puro N.B. 200 ml,"1,50 € / 100 ml","2,99 €",PALMOLIVE
Cuidado personal,Desodorante,Desodorante Roll-On Dry Comfort 50 ml,"4,70 € / 100 ml","2,35 €",NIVEA
Cuidado personal,Desodorante,Desodorante Roll-On Dry Comfort 50 ml,"4,70 € / 100 ml","2,35 €",NIVEA
Cuidado personal,Desodorante,Desodorante Roll-On Dry Comfort 50 ml,"4,70 € / 100 ml","2,35 €",NIVEA
Cuidado personal,Desodorante,Desodorante Roll-On Dry Comfort 50 ml,"4,70 € / 100 ml","2,35 €",NIVEA
Cuidado personal,Desodorante,Desodorante Roll-On Dry Comfort 50 ml,"4,70 € / 100 ml","2,35 €",NIVEA
Cuidado personal,Desodorante,Desodorante Roll-On Dry Comfort 50 ml,"4,70 € / 100 ml","2,35 €",NIVEA
Cuidado personal,Desodorante,Desodorante Roll-On Dry Comfort 50 ml,"4,70 € / 100 ml","2,35 €",NIVEA
Cuidado personal,Desodorante,Desodorante Roll-On Dry Comfort 50 ml,"4,70 € / 100 ml","2,35 €",NIVEA
Cuidado personal,Desodorante,Desodorante Roll-On Dry Comfort 50 ml,"4,70 € / 100 ml","2,35 €",NIVEA
Cuidado personal,Desodorante,Desodorante Roll-On Dry Comfort 50 ml,"4,70 € / 100 ml","2,35 €",NIVEA
Cuidado personal,Desodorante,Desodorante Roll-On Dry Comfort 50 ml,"4,70 € / 100 ml","2,35 €",NIVEA
Cuidado personal,Desodorante,Desodorante Roll-On Dry Comfort 50 ml,"4,70 € / 100 ml","2,35 €",NIVEA
Cuidado personal,Desodorante,Desodorante Roll-On Dry Comfort 50 ml,"4,70 € / 100 ml","2,35 €",NIVEA
Cuidado personal,Desodorante,Desodorante Roll-On Dry Comfort 50 ml,"4,70 € / 100 ml","2,35 €",NIVEA
Cuidado personal,Desodorante,Desodorante Roll-On Dry Comfort 50 ml,"4,70 € / 100 ml","2,35 €",NIVEA
Cuidado personal,Desodorante,Desodorante Roll-On Dry Comfort 50 ml,"4,70 € / 100 ml","2,35 €",NIVEA
Cuidado personal,Desodorante,Desodorante Roll-On Dry Comfort 50 ml,"4,70 € / 100 ml","2,35 €",NIVEA
Cuidado personal,Desodorante,Desodorante Roll-On Dry Comfort 50 ml,"4,70 € / 100 ml","2,35 €",NIVEA
Cuidado personal,Desodorante,Desodorante Roll-On Dry Comfort 50 ml,"4,70 € / 100 ml","2,35 €",NIVEA
Cuidado personal,Desodorante,Desodorante Roll-On Dry Comfort 50 ml,"4,70 € / 100 ml","2,35 €",NIVEA
Cuidado personal,Desodorante,Deo Dove Crema 50 ml,"4,00 € / 100 ml","2,00 €",DOVE
Cuidado personal,Desodorante,Deo Dove Crema 50 ml,"4,00 € / 100 ml","2,00 €",DOVE
Cuidado personal,Desodorante,Deo Dove Crema 50 ml,"4,00 € / 100 ml","2,00 €",DOVE
Cuidado personal,Desodorante,Deo Dove Crema 50 ml,"4,00 € / 100 ml","2,00 €",DOVE
Cuidado personal,Desodorante,Deo Dove Crema 50 ml,"4,00 € / 100 ml","2,00 €",DOVE
Cuidado personal,Desodorante,Deo Dove Crema 50 ml,"4,00 € / 100 ml","2,00 €",DOVE
Cuidado personal,Desodorante,Deo Dove Crema 50 ml,"4,00 € / 100 ml","2,00 €",DOVE
Cuidado personal,Desodorante,Deo Dove Crema 50 ml,"4,00 € / 100 ml","2,00 €",DOVE
Cuidado personal,Desodorante,Deo Dove Crema 50 ml,"4,00 € / 100 ml","2,00 €",DOVE
Cuidado personal,Desodorante,Deo Dove Crema 50 ml,"4,00 € / 100 ml","2,00 €",DOVE
Cuidado personal,Desodorante,Deo Dove Crema 50 ml,"4,00 € / 100 ml","2,00 €",DOVE
Cuidado personal,Desodorante,Deo Dove Crema 50 ml,"4,00 € / 100 ml","2,00 €",DOVE
Cuidado personal,Desodorante,Deo Dove Crema 50 ml,"4,00 € / 100 ml","2,00 €",DOVE
Cuidado personal,Desodorante,Deo Dove Crema 50 ml,"4,00 € / 100 ml","2,00 €",DOVE
Cuidado personal,Desodorante,Deo Dove Crema 50 ml,"4,00 € / 100 ml","2,00 €",DOVE
Cuidado personal,Desodorante,Deo Dove Crema 50 ml,"4,00 € / 100 ml","2,00 €",DOVE
Cuidado personal,Desodorante,Deo Dove Crema 50 ml,"4,00 € / 100 ml","2,00 €",DOVE
Cuidado personal,Desodorante,Deo Dove Crema 50 ml,"4,00 € / 100 ml","2,00 €",DOVE
Cuidado personal,Desodorante,Deo Dove Crema 50 ml,"4,00 € / 100 ml","2,00 €",DOVE
Cuidado personal,Desodorante,Deo Dove Crema 50 ml,"4,00 € / 100 ml","2,00 €",DOVE
Cuidado personal,Desodorante,Desodorante Spray Marine 150 ml,"2,50 € / 100 ml","3,75 €",AXE
Cuidado personal,Desodorante,Desodorante Spray Marine 150 ml,"2,50 € / 100 ml","3,75 €",AXE
Cuidado personal,Desodorante,Desodorante Spray Marine 150 ml,"2,50 € / 100 ml","3,75 €",AXE
Cuidado personal,Desodorante,Desodorante Spray Marine 150 ml,"2,50 € / 100 ml","3,75 €",AXE
Cuidado personal,Desodorante,Desodorante Spray Marine 150 ml,"2,50 € / 100 ml","3,75 €",AXE
Cuidado personal,Desodorante,Desodorante Spray Marine 150 ml,"2,50 € / 100 ml","3,75 €",AXE
Cuidado personal,Desodorante,Desodorante Spray Marine 150 ml,"2,50 € / 100 ml","3,75 €",AXE
Cuidado personal,Desodorante,Desodorante Spray Marine 150 ml,"2,50 € / 100 ml","3,75 €",AXE
Cuidado personal,Desodorante,Desodorante Spray Marine 150 ml,"2,50 € / 100 ml","3,75 €",AXE
Cuidado personal,Desodorante,Desodorante Spray Marine 150 ml,"2,50 € / 100 ml","3,75 €",AXE
Cuidado personal,Desodorante,Desodorante Spray Marine 150 ml,"2,50 € / 100 ml","3,75 €",AXE
Cuidado personal,Desodorante,Desodorante Spray Marine 150 ml,"2,50 € / 100 ml","3,75 €",AXE
Cuidado personal,Desodorante,Desodorante Spray Marine 150 ml,"2,50 € / 100 ml","3,75 €",AXE
Cuidado personal,Desodorante,Desodorante Spray Marine 150 ml,"2,50 € / 100 ml","3,75 €",AXE
Cuidado personal,Desodorante,Desodorante Spray Marine 150 ml,"2,50 € / 100 ml","3,75 €",AXE
Cuidado personal,Desodorante,Desodorante Spray Marine 150 ml,"2,50 € / 100 ml","3,75 €",AXE
Cuidado personal,Desodorante,Desodorante Spray Marine 150 ml,"2,50 € / 100 ml","3,75 €",AXE
Cuidado personal,Desodorante,Desodorante Spray Marine 150 ml,"2,50 € / 100 ml","3,75 €",AXE
Cuidado personal,Desodorante,Desodorante Spray Marine 150 ml,"2,50 € / 100 ml","3,75 €",AXE
Cuidado personal,Desodorante,Desodorante Spray Marine 150 ml,"2,50 € / 100 ml","3,75 €",AXE
Cuidado personal,Desodorante,Desodorante Spray Aloe Vera 200 ml,"1,70 € / 100 ml","3,40 €",REXONA
Cuidado personal,Desodorante,Desodorante Spray Aloe Vera 200 ml,"1,70 € / 100 ml","3,40 €",REXONA
Cuidado personal,Desodorante,Desodorante Spray Aloe Vera 200 ml,"1,70 € / 100 ml","3,40 €",REXONA
Cuidado personal,Desodorante,Desodorante Spray Aloe Vera 200 ml,"1,70 € / 100 ml","3,40 €",REXONA
Cuidado personal,Desodorante,Desodorante Spray Aloe Vera 200 ml,"1,70 € / 100 ml","3,40 €",REXONA
Cuidado personal,Higiene íntima,Compresas Incontinencia Maxi Discreet 15 U,"0,33 € / 1 U","5,99 €
4,99 €",INDASEC
Cuidado personal,Higiene íntima,Compresas Incontinencia Maxi Discreet 15 U,"0,33 € / 1 U","5,99 €
4,99 €",INDASEC
Cuidado personal,Higiene íntima,Compresas Incontinencia Maxi Discreet 15 U,"0,33 € / 1 U","5,99 €
4,99 €",INDASEC
Cuidado personal,Higiene íntima,Compresas Incontinencia Maxi Discreet 15 U,"0,33 € / 1 U","5,99 €
4,99 €",INDASEC
Cuidado personal,Higiene íntima,Compresas Incontinencia Maxi Discreet 15 U,"0,33 € / 1 U","5,99 €
4,99 €",INDASEC
Cuidado personal,Higiene íntima,Compresas Incontinencia Maxi Discreet 15 U,"0,33 € / 1 U","5,99 €
4,99 €",INDASEC
Cuidado personal,Higiene íntima,Compresas Incontinencia Maxi Discreet 15 U,"0,33 € / 1 U","5,99 €
4,99 €",INDASEC
Cuidado personal,Higiene íntima,Compresas Incontinencia Maxi Discreet 15 U,"0,33 € / 1 U","5,99 €
4,99 €",INDASEC
Cuidado personal,Higiene íntima,Compresas Incontinencia Maxi Discreet 15 U,"0,33 € / 1 U","5,99 €
4,99 €",INDASEC
Cuidado personal,Higiene íntima,Compresas Incontinencia Maxi Discreet 15 U,"0,33 € / 1 U","5,99 €
4,99 €",INDASEC
Cuidado personal,Higiene íntima,Compresas Incontinencia Maxi Discreet 15 U,"0,33 € / 1 U","5,99 €
4,99 €",INDASEC
Cuidado personal,Higiene íntima,Compresas Incontinencia Maxi Discreet 15 U,"0,33 € / 1 U","5,99 €
4,99 €",INDASEC
Cuidado personal,Higiene íntima,Compresas Incontinencia Maxi Discreet 15 U,"0,33 € / 1 U","5,99 €
4,99 €",INDASEC
Cuidado personal,Higiene íntima,Compresas Incontinencia Maxi Discreet 15 U,"0,33 € / 1 U","5,99 €
4,99 €",INDASEC
Cuidado personal,Higiene íntima,Compresas Incontinencia Maxi Discreet 15 U,"0,33 € / 1 U","5,99 €
4,99 €",INDASEC
Cuidado personal,Higiene íntima,Compresas Incontinencia Maxi Discreet 15 U,"0,33 € / 1 U","5,99 €
4,99 €",INDASEC
Cuidado personal,Higiene íntima,Compresas Incontinencia Maxi Discreet 15 U,"0,33 € / 1 U","5,99 €
4,99 €",INDASEC
Cuidado personal,Higiene íntima,Compresas Incontinencia Maxi Discreet 15 U,"0,33 € / 1 U","5,99 €
4,99 €",INDASEC
Cuidado personal,Higiene íntima,Compresas Incontinencia Maxi Discreet 15 U,"0,33 € / 1 U","5,99 €
4,99 €",INDASEC
Cuidado personal,Higiene íntima,Compresas Incontinencia Maxi Discreet 15 U,"0,33 € / 1 U","5,99 €
4,99 €",INDASEC
Cuidado personal,Higiene íntima,Compresa Noche 18 U,"0,27 € / 1 U","4,89 €",EVAX
Cuidado personal,Higiene íntima,Compresa Noche 18 U,"0,27 € / 1 U","4,89 €",EVAX
Cuidado personal,Higiene íntima,Compresa Noche 18 U,"0,27 € / 1 U","4,89 €",EVAX
Cuidado personal,Higiene íntima,Compresa Noche 18 U,"0,27 € / 1 U","4,89 €",EVAX
Cuidado personal,Higiene íntima,Compresa Noche 18 U,"0,27 € / 1 U","4,89 €",EVAX
Cuidado personal,Higiene íntima,Compresa Noche 18 U,"0,27 € / 1 U","4,89 €",EVAX
Cuidado personal,Higiene íntima,Compresa Noche 18 U,"0,27 € / 1 U","4,89 €",EVAX
Cuidado personal,Higiene íntima,Compresa Noche 18 U,"0,27 € / 1 U","4,89 €",EVAX
Cuidado personal,Higiene íntima,Compresa Noche 18 U,"0,27 € / 1 U","4,89 €",EVAX
Cuidado personal,Higiene íntima,Compresa Noche 18 U,"0,27 € / 1 U","4,89 €",EVAX
Cuidado personal,Higiene íntima,Compresa Noche 18 U,"0,27 € / 1 U","4,89 €",EVAX
Cuidado personal,Higiene íntima,Compresa Noche 18 U,"0,27 € / 1 U","4,89 €",EVAX
Cuidado personal,Higiene íntima,Compresa Noche 18 U,"0,27 € / 1 U","4,89 €",EVAX
Cuidado personal,Higiene íntima,Compresa Noche 18 U,"0,27 € / 1 U","4,89 €",EVAX
Cuidado personal,Higiene íntima,Compresa Noche 18 U,"0,27 € / 1 U","4,89 €",EVAX
Cuidado personal,Higiene íntima,Compresa Noche 18 U,"0,27 € / 1 U","4,89 €",EVAX
Cuidado personal,Higiene íntima,Compresa Noche 18 U,"0,27 € / 1 U","4,89 €",EVAX
Cuidado personal,Higiene íntima,Compresa Noche 18 U,"0,27 € / 1 U","4,89 €",EVAX
Cuidado personal,Higiene íntima,Compresa Noche 18 U,"0,27 € / 1 U","4,89 €",EVAX
Cuidado personal,Higiene íntima,Compresa Noche 18 U,"0,27 € / 1 U","4,89 €",EVAX
Cuidado personal,Higiene íntima,Gel Íntimo Delicado 250 ml,"1,82 € / 100 ml","4,55 €",CHILLY
Cuidado personal,Higiene íntima,Gel Íntimo Delicado 250 ml,"1,82 € / 100 ml","4,55 €",CHILLY
Cuidado personal,Higiene íntima,Gel Íntimo Delicado 250 ml,"1,82 € / 100 ml","4,55 €",CHILLY
Cuidado personal,Higiene íntima,Gel Íntimo Delicado 250 ml,"1,82 € / 100 ml","4,55 €",CHILLY
Cuidado personal,Higiene íntima,Gel Íntimo Delicado 250 ml,"1,82 € / 100 ml","4,55 €",CHILLY
Cuidado personal,Higiene íntima,Gel Íntimo Delicado 250 ml,"1,82 € / 100 ml","4,55 €",CHILLY
Cuidado personal,Higiene íntima,Gel Íntimo Delicado 250 ml,"1,82 € / 100 ml","4,55 €",CHILLY
Cuidado personal,Higiene íntima,Gel Íntimo Delicado 250 ml,"1,82 € / 100 ml","4,55 €",CHILLY
Cuidado personal,Higiene íntima,Gel Íntimo Delicado 250 ml,"1,82 € / 100 ml","4,55 €",CHILLY
Cuidado personal,Higiene íntima,Gel Íntimo Delicado 250 ml,"1,82 € / 100 ml","4,55 €",CHILLY
Cuidado personal,Higiene íntima,Gel Íntimo Delicado 250 ml,"1,82 € / 100 ml","4,55 €",CHILLY
Cuidado personal,Higiene íntima,Gel Íntimo Delicado 250 ml,"1,82 € / 100 ml","4,55 €",CHILLY
Cuidado personal,Higiene íntima,Gel Íntimo Delicado 250 ml,"1,82 € / 100 ml","4,55 €",CHILLY
Cuidado personal,Higiene íntima,Gel Íntimo Delicado 250 ml,"1,82 € / 100 ml","4,55 €",CHILLY
Cuidado personal,Higiene íntima,Gel Íntimo Delicado 250 ml,"1,82 € / 100 ml","4,55 €",CHILLY
Cuidado personal,Higiene íntima,Gel Íntimo Delicado 250 ml,"1,82 € / 100 ml","4,55 €",CHILLY
Cuidado personal,Higiene íntima,Gel Íntimo Delicado 250 ml,"1,82 € / 100 ml","4,55 €",CHILLY
Cuidado personal,Higiene íntima,Gel Íntimo Delicado 250 ml,"1,82 € / 100 ml","4,55 €",CHILLY
Cuidado personal,Higiene íntima,Gel Íntimo Delicado 250 ml,"1,82 € / 100 ml","4,55 €",CHILLY
Cuidado personal,Higiene íntima,Gel Íntimo Delicado 250 ml,"1,82 € / 100 ml","4,55 €",CHILLY
Cuidado personal,Higiene íntima,Compresas Cottonlike Súper con Alas 14 U,"0,21 € / 1 U","2,89 €",EVAX
Cuidado personal,Higiene íntima,Compresas Cottonlike Súper con Alas 14 U,"0,21 € / 1 U","2,89 €",EVAX
Cuidado personal,Higiene íntima,Compresas Cottonlike Súper con Alas 14 U,"0,21 € / 1 U","2,89 €",EVAX
Cuidado personal,Higiene íntima,Compresas Cottonlike Súper con Alas 14 U,"0,21 € / 1 U","2,89 €",EVAX
Cuidado personal,Higiene íntima,Compresas Cottonlike Súper con Alas 14 U,"0,21 € / 1 U","2,89 €",EVAX
Cuidado personal,Higiene íntima,Compresas Cottonlike Súper con Alas 14 U,"0,21 € / 1 U","2,89 €",EVAX
Cuidado personal,Higiene íntima,Compresas Cottonlike Súper con Alas 14 U,"0,21 € / 1 U","2,89 €",EVAX
Cuidado personal,Higiene íntima,Compresas Cottonlike Súper con Alas 14 U,"0,21 € / 1 U","2,89 €",EVAX
Cuidado personal,Higiene íntima,Compresas Cottonlike Súper con Alas 14 U,"0,21 € / 1 U","2,89 €",EVAX
Cuidado personal,Higiene íntima,Compresas Cottonlike Súper con Alas 14 U,"0,21 € / 1 U","2,89 €",EVAX
Cuidado personal,Higiene íntima,Compresas Cottonlike Súper con Alas 14 U,"0,21 € / 1 U","2,89 €",EVAX
Cuidado personal,Higiene íntima,Compresas Cottonlike Súper con Alas 14 U,"0,21 € / 1 U","2,89 €",EVAX
Cuidado personal,Higiene íntima,Compresas Cottonlike Súper con Alas 14 U,"0,21 € / 1 U","2,89 €",EVAX
Cuidado personal,Higiene íntima,Compresas Cottonlike Súper con Alas 14 U,"0,21 € / 1 U","2,89 €",EVAX
Cuidado personal,Higiene íntima,Compresas Cottonlike Súper con Alas 14 U,"0,21 € / 1 U","2,89 €",EVAX
Cuidado personal,Higiene íntima,Compresas Cottonlike Súper con Alas 14 U,"0,21 € / 1 U","2,89 €",EVAX
Cuidado personal,Higiene íntima,Compresas Cottonlike Súper con Alas 14 U,"0,21 € / 1 U","2,89 €",EVAX
Cuidado personal,Higiene íntima,Compresas Cottonlike Súper con Alas 14 U,"0,21 € / 1 U","2,89 €",EVAX
Cuidado personal,Higiene íntima,Compresas Cottonlike Súper con Alas 14 U,"0,21 € / 1 U","2,89 €",EVAX
Cuidado personal,Higiene íntima,Compresas Cottonlike Súper con Alas 14 U,"0,21 € / 1 U","2,89 €",EVAX
Cuidado personal,Higiene íntima,Gel Higiene Íntima Sensitive 500 ml,"2,05 € / 100 ml","10,25 €",VAGISIL
Cuidado personal,Higiene íntima,Gel Higiene Íntima Sensitive 500 ml,"2,05 € / 100 ml","10,25 €",VAGISIL
Cuidado personal,Higiene íntima,Gel Higiene Íntima Sensitive 500 ml,"2,05 € / 100 ml","10,25 €",VAGISIL
Cuidado personal,Higiene íntima,Gel Higiene Íntima Sensitive 500 ml,"2,05 € / 100 ml","10,25 €",VAGISIL
Cuidado personal,Higiene íntima,Gel Higiene Íntima Sensitive 500 ml,"2,05 € / 100 ml","10,25 €",VAGISIL
Cuidado personal,Higiene bucal,Dentífrico Protección Diaria 75 ml,"3,94 € / 100 ml","3,95 €
2,95 €",SENSODYNE
Cuidado personal,Higiene bucal,Dentífrico Protección Diaria 75 ml,"3,94 € / 100 ml","3,95 €
2,95 €",SENSODYNE
Cuidado personal,Higiene bucal,Dentífrico Protección Diaria 75 ml,"3,94 € / 100 ml","3,95 €
2,95 €",SENSODYNE
Cuidado personal,Higiene bucal,Dentífrico Protección Diaria 75 ml,"3,94 € / 100 ml","3,95 €
2,95 €",SENSODYNE
Cuidado personal,Higiene bucal,Dentífrico Protección Diaria 75 ml,"3,94 € / 100 ml","3,95 €
2,95 €",SENSODYNE
Cuidado personal,Higiene bucal,Dentífrico Protección Diaria 75 ml,"3,94 € / 100 ml","3,95 €
2,95 €",SENSODYNE
Cuidado personal,Higiene bucal,Dentífrico Protección Diaria 75 ml,"3,94 € / 100 ml","3,95 €
2,95 €",SENSODYNE
Cuidado personal,Higiene bucal,Dentífrico Protección Diaria 75 ml,"3,94 € / 100 ml","3,95 €
2,95 €",SENSODYNE
Cuidado personal,Higiene bucal,Dentífrico Protección Diaria 75 ml,"3,94 € / 100 ml","3,95 €
2,95 €",SENSODYNE
Cuidado personal,Higiene bucal,Dentífrico Protección Diaria 75 ml,"3,94 € / 100 ml","3,95 €
2,95 €",SENSODYNE
Cuidado personal,Higiene bucal,Dentífrico Protección Diaria 75 ml,"3,94 € / 100 ml","3,95 €
2,95 €",SENSODYNE
Cuidado personal,Higiene bucal,Dentífrico Protección Diaria 75 ml,"3,94 € / 100 ml","3,95 €
2,95 €",SENSODYNE
Cuidado personal,Higiene bucal,Dentífrico Protección Diaria 75 ml,"3,94 € / 100 ml","3,95 €
2,95 €",SENSODYNE
Cuidado personal,Higiene bucal,Dentífrico Protección Diaria 75 ml,"3,94 € / 100 ml","3,95 €
2,95 €",SENSODYNE
Cuidado personal,Higiene bucal,Dentífrico Protección Diaria 75 ml,"3,94 € / 100 ml","3,95 €
2,95 €",SENSODYNE
Cuidado personal,Higiene bucal,Dentífrico Protección Diaria 75 ml,"3,94 € / 100 ml","3,95 €
2,95 €",SENSODYNE
Cuidado personal,Higiene bucal,Dentífrico Protección Diaria 75 ml,"3,94 € / 100 ml","3,95 €
2,95 €",SENSODYNE
Cuidado personal,Higiene bucal,Dentífrico Protección Diaria 75 ml,"3,94 € / 100 ml","3,95 €
2,95 €",SENSODYNE
Cuidado personal,Higiene bucal,Dentífrico Protección Diaria 75 ml,"3,94 € / 100 ml","3,95 €
2,95 €",SENSODYNE
Cuidado personal,Higiene bucal,Dentífrico Protección Diaria 75 ml,"3,94 € / 100 ml","3,95 €
2,95 €",SENSODYNE
Cuidado personal,Higiene bucal,Dentífrico Antimanchas 50 ml,"4,38 € / 100 ml","2,19 €",DENIVIT
Cuidado personal,Higiene bucal,Dentífrico Antimanchas 50 ml,"4,38 € / 100 ml","2,19 €",DENIVIT
Cuidado personal,Higiene bucal,Dentífrico Antimanchas 50 ml,"4,38 € / 100 ml","2,19 €",DENIVIT
Cuidado personal,Higiene bucal,Dentífrico Antimanchas 50 ml,"4,38 € / 100 ml","2,19 €",DENIVIT
Cuidado personal,Higiene bucal,Dentífrico Antimanchas 50 ml,"4,38 € / 100 ml","2,19 €",DENIVIT
Cuidado personal,Higiene bucal,Dentífrico Antimanchas 50 ml,"4,38 € / 100 ml","2,19 €",DENIVIT
Cuidado personal,Higiene bucal,Dentífrico Antimanchas 50 ml,"4,38 € / 100 ml","2,19 €",DENIVIT
Cuidado personal,Higiene bucal,Dentífrico Antimanchas 50 ml,"4,38 € / 100 ml","2,19 €",DENIVIT
Cuidado personal,Higiene bucal,Dentífrico Antimanchas 50 ml,"4,38 € / 100 ml","2,19 €",DENIVIT
Cuidado personal,Higiene bucal,Dentífrico Antimanchas 50 ml,"4,38 € / 100 ml","2,19 €",DENIVIT
Cuidado personal,Higiene bucal,Dentífrico Antimanchas 50 ml,"4,38 € / 100 ml","2,19 €",DENIVIT
Cuidado personal,Higiene bucal,Dentífrico Antimanchas 50 ml,"4,38 € / 100 ml","2,19 €",DENIVIT
Cuidado personal,Higiene bucal,Dentífrico Antimanchas 50 ml,"4,38 € / 100 ml","2,19 €",DENIVIT
Cuidado personal,Higiene bucal,Dentífrico Antimanchas 50 ml,"4,38 € / 100 ml","2,19 €",DENIVIT
Cuidado personal,Higiene bucal,Dentífrico Antimanchas 50 ml,"4,38 € / 100 ml","2,19 €",DENIVIT
Cuidado personal,Higiene bucal,Dentífrico Antimanchas 50 ml,"4,38 € / 100 ml","2,19 €",DENIVIT
Cuidado personal,Higiene bucal,Dentífrico Antimanchas 50 ml,"4,38 € / 100 ml","2,19 €",DENIVIT
Cuidado personal,Higiene bucal,Dentífrico Antimanchas 50 ml,"4,38 € / 100 ml","2,19 €",DENIVIT
Cuidado personal,Higiene bucal,Dentífrico Antimanchas 50 ml,"4,38 € / 100 ml","2,19 €",DENIVIT
Cuidado personal,Higiene bucal,Dentífrico Antimanchas 50 ml,"4,38 € / 100 ml","2,19 €",DENIVIT
Cuidado personal,Higiene bucal,Arcos Dentales 30 U,"0,03 € / 1 U","0,95 €",KYREY
Cuidado personal,Higiene bucal,Arcos Dentales 30 U,"0,03 € / 1 U","0,95 €",KYREY
Cuidado personal,Higiene bucal,Arcos Dentales 30 U,"0,03 € / 1 U","0,95 €",KYREY
Cuidado personal,Higiene bucal,Arcos Dentales 30 U,"0,03 € / 1 U","0,95 €",KYREY
Cuidado personal,Higiene bucal,Arcos Dentales 30 U,"0,03 € / 1 U","0,95 €",KYREY
Cuidado personal,Higiene bucal,Arcos Dentales 30 U,"0,03 € / 1 U","0,95 €",KYREY
Cuidado personal,Higiene bucal,Arcos Dentales 30 U,"0,03 € / 1 U","0,95 €",KYREY
Cuidado personal,Higiene bucal,Arcos Dentales 30 U,"0,03 € / 1 U","0,95 €",KYREY
Cuidado personal,Higiene bucal,Arcos Dentales 30 U,"0,03 € / 1 U","0,95 €",KYREY
Cuidado personal,Higiene bucal,Arcos Dentales 30 U,"0,03 € / 1 U","0,95 €",KYREY
Cuidado personal,Higiene bucal,Arcos Dentales 30 U,"0,03 € / 1 U","0,95 €",KYREY
Cuidado personal,Higiene bucal,Arcos Dentales 30 U,"0,03 € / 1 U","0,95 €",KYREY
Cuidado personal,Higiene bucal,Arcos Dentales 30 U,"0,03 € / 1 U","0,95 €",KYREY
Cuidado personal,Higiene bucal,Arcos Dentales 30 U,"0,03 € / 1 U","0,95 €",KYREY
Cuidado personal,Higiene bucal,Arcos Dentales 30 U,"0,03 € / 1 U","0,95 €",KYREY
Cuidado personal,Higiene bucal,Arcos Dentales 30 U,"0,03 € / 1 U","0,95 €",KYREY
Cuidado personal,Higiene bucal,Arcos Dentales 30 U,"0,03 € / 1 U","0,95 €",KYREY
Cuidado personal,Higiene bucal,Arcos Dentales 30 U,"0,03 € / 1 U","0,95 €",KYREY
Cuidado personal,Higiene bucal,Arcos Dentales 30 U,"0,03 € / 1 U","0,95 €",KYREY
Cuidado personal,Higiene bucal,Arcos Dentales 30 U,"0,03 € / 1 U","0,95 €",KYREY
Cuidado personal,Higiene bucal,Crema Fijadora Prótesis Extra Fuerte sin Sabor 70 ml,"192,86 € / 1 Kg","13,50 €",COREGA
Cuidado personal,Higiene bucal,Crema Fijadora Prótesis Extra Fuerte sin Sabor 70 ml,"192,86 € / 1 Kg","13,50 €",COREGA
Cuidado personal,Higiene bucal,Crema Fijadora Prótesis Extra Fuerte sin Sabor 70 ml,"192,86 € / 1 Kg","13,50 €",COREGA
Cuidado personal,Higiene bucal,Crema Fijadora Prótesis Extra Fuerte sin Sabor 70 ml,"192,86 € / 1 Kg","13,50 €",COREGA
Cuidado personal,Higiene bucal,Crema Fijadora Prótesis Extra Fuerte sin Sabor 70 ml,"192,86 € / 1 Kg","13,50 €",COREGA
Cuidado personal,Higiene bucal,Crema Fijadora Prótesis Extra Fuerte sin Sabor 70 ml,"192,86 € / 1 Kg","13,50 €",COREGA
Cuidado personal,Higiene bucal,Crema Fijadora Prótesis Extra Fuerte sin Sabor 70 ml,"192,86 € / 1 Kg","13,50 €",COREGA
Cuidado personal,Higiene bucal,Crema Fijadora Prótesis Extra Fuerte sin Sabor 70 ml,"192,86 € / 1 Kg","13,50 €",COREGA
Cuidado personal,Higiene bucal,Crema Fijadora Prótesis Extra Fuerte sin Sabor 70 ml,"192,86 € / 1 Kg","13,50 €",COREGA
Cuidado personal,Higiene bucal,Crema Fijadora Prótesis Extra Fuerte sin Sabor 70 ml,"192,86 € / 1 Kg","13,50 €",COREGA
Cuidado personal,Higiene bucal,Crema Fijadora Prótesis Extra Fuerte sin Sabor 70 ml,"192,86 € / 1 Kg","13,50 €",COREGA
Cuidado personal,Higiene bucal,Crema Fijadora Prótesis Extra Fuerte sin Sabor 70 ml,"192,86 € / 1 Kg","13,50 €",COREGA
Cuidado personal,Higiene bucal,Crema Fijadora Prótesis Extra Fuerte sin Sabor 70 ml,"192,86 € / 1 Kg","13,50 €",COREGA
Cuidado personal,Higiene bucal,Crema Fijadora Prótesis Extra Fuerte sin Sabor 70 ml,"192,86 € / 1 Kg","13,50 €",COREGA
Cuidado personal,Higiene bucal,Crema Fijadora Prótesis Extra Fuerte sin Sabor 70 ml,"192,86 € / 1 Kg","13,50 €",COREGA
Cuidado personal,Higiene bucal,Crema Fijadora Prótesis Extra Fuerte sin Sabor 70 ml,"192,86 € / 1 Kg","13,50 €",COREGA
Cuidado personal,Higiene bucal,Crema Fijadora Prótesis Extra Fuerte sin Sabor 70 ml,"192,86 € / 1 Kg","13,50 €",COREGA
Cuidado personal,Higiene bucal,Crema Fijadora Prótesis Extra Fuerte sin Sabor 70 ml,"192,86 € / 1 Kg","13,50 €",COREGA
Cuidado personal,Higiene bucal,Crema Fijadora Prótesis Extra Fuerte sin Sabor 70 ml,"192,86 € / 1 Kg","13,50 €",COREGA
Cuidado personal,Higiene bucal,Crema Fijadora Prótesis Extra Fuerte sin Sabor 70 ml,"192,86 € / 1 Kg","13,50 €",COREGA
Cuidado personal,Higiene bucal,Dentífrico Triple Acción 100 ml,"1,95 € / 100 ml","1,95 €",COLGATE
Cuidado personal,Higiene bucal,Dentífrico Triple Acción 100 ml,"1,95 € / 100 ml","1,95 €",COLGATE
Cuidado personal,Higiene bucal,Dentífrico Triple Acción 100 ml,"1,95 € / 100 ml","1,95 €",COLGATE
Cuidado personal,Higiene bucal,Dentífrico Triple Acción 100 ml,"1,95 € / 100 ml","1,95 €",COLGATE
Cuidado personal,Higiene bucal,Dentífrico Triple Acción 100 ml,"1,95 € / 100 ml","1,95 €",COLGATE
Cuidado personal,Higiene bucal,Dentífrico Triple Acción 100 ml,"1,95 € / 100 ml","1,95 €",COLGATE
Cuidado personal,Higiene bucal,Dentífrico Triple Acción 100 ml,"1,95 € / 100 ml","1,95 €",COLGATE
Cuidado personal,Higiene bucal,Dentífrico Triple Acción 100 ml,"1,95 € / 100 ml","1,95 €",COLGATE
Cuidado personal,Higiene bucal,Dentífrico Triple Acción 100 ml,"1,95 € / 100 ml","1,95 €",COLGATE
Cuidado personal,Higiene bucal,Dentífrico Triple Acción 100 ml,"1,95 € / 100 ml","1,95 €",COLGATE
Cuidado personal,Higiene bucal,Dentífrico Triple Acción 100 ml,"1,95 € / 100 ml","1,95 €",COLGATE
Cuidado personal,Higiene bucal,Dentífrico Triple Acción 100 ml,"1,95 € / 100 ml","1,95 €",COLGATE
Cuidado personal,Higiene bucal,Dentífrico Triple Acción 100 ml,"1,95 € / 100 ml","1,95 €",COLGATE
Cuidado personal,Higiene bucal,Dentífrico Triple Acción 100 ml,"1,95 € / 100 ml","1,95 €",COLGATE
Cuidado personal,Higiene bucal,Dentífrico Triple Acción 100 ml,"1,95 € / 100 ml","1,95 €",COLGATE
Cuidado personal,Higiene bucal,Dentífrico Triple Acción 100 ml,"1,95 € / 100 ml","1,95 €",COLGATE
Cuidado personal,Higiene bucal,Dentífrico Triple Acción 100 ml,"1,95 € / 100 ml","1,95 €",COLGATE
Cuidado personal,Higiene bucal,Dentífrico Triple Acción 100 ml,"1,95 € / 100 ml","1,95 €",COLGATE
Cuidado personal,Higiene bucal,Dentífrico Triple Acción 100 ml,"1,95 € / 100 ml","1,95 €",COLGATE
Cuidado personal,Higiene bucal,Dentífrico Triple Acción 100 ml,"1,95 € / 100 ml","1,95 €",COLGATE
Cuidado personal,Higiene bucal,Pasta Junior Fresa Fluor + Calcio Tubo 75 ml,"6,12 € / 100 ml","4,59 €",LACER
Cuidado personal,Higiene bucal,Pasta Junior Fresa Fluor + Calcio Tubo 75 ml,"6,12 € / 100 ml","4,59 €",LACER
Cuidado personal,Higiene bucal,Pasta Junior Fresa Fluor + Calcio Tubo 75 ml,"6,12 € / 100 ml","4,59 €",LACER
Cuidado personal,Higiene bucal,Pasta Junior Fresa Fluor + Calcio Tubo 75 ml,"6,12 € / 100 ml","4,59 €",LACER
Cuidado personal,Higiene bucal,Pasta Junior Fresa Fluor + Calcio Tubo 75 ml,"6,12 € / 100 ml","4,59 €",LACER
Cuidado personal,Higiene bucal,Pasta Junior Fresa Fluor + Calcio Tubo 75 ml,"6,12 € / 100 ml","4,59 €",LACER
Cuidado personal,Higiene bucal,Pasta Junior Fresa Fluor + Calcio Tubo 75 ml,"6,12 € / 100 ml","4,59 €",LACER
Cuidado personal,Higiene bucal,Pasta Junior Fresa Fluor + Calcio Tubo 75 ml,"6,12 € / 100 ml","4,59 €",LACER
Cuidado personal,Higiene bucal,Pasta Junior Fresa Fluor + Calcio Tubo 75 ml,"6,12 € / 100 ml","4,59 €",LACER
Cuidado personal,Higiene bucal,Pasta Junior Fresa Fluor + Calcio Tubo 75 ml,"6,12 € / 100 ml","4,59 €",LACER
Cuidado personal,Higiene bucal,Pasta Junior Fresa Fluor + Calcio Tubo 75 ml,"6,12 € / 100 ml","4,59 €",LACER
Cuidado personal,Higiene bucal,Pasta Junior Fresa Fluor + Calcio Tubo 75 ml,"6,12 € / 100 ml","4,59 €",LACER
Cuidado personal,Higiene bucal,Pasta Junior Fresa Fluor + Calcio Tubo 75 ml,"6,12 € / 100 ml","4,59 €",LACER
Cuidado personal,Higiene bucal,Pasta Junior Fresa Fluor + Calcio Tubo 75 ml,"6,12 € / 100 ml","4,59 €",LACER
Cuidado personal,Higiene bucal,Pasta Junior Fresa Fluor + Calcio Tubo 75 ml,"6,12 € / 100 ml","4,59 €",LACER
Cuidado personal,Higiene bucal,Pasta Junior Fresa Fluor + Calcio Tubo 75 ml,"6,12 € / 100 ml","4,59 €",LACER
Cuidado personal,Higiene bucal,Pasta Junior Fresa Fluor + Calcio Tubo 75 ml,"6,12 € / 100 ml","4,59 €",LACER
Cuidado personal,Higiene bucal,Pasta Junior Fresa Fluor + Calcio Tubo 75 ml,"6,12 € / 100 ml","4,59 €",LACER
Cuidado personal,Higiene bucal,Pasta Junior Fresa Fluor + Calcio Tubo 75 ml,"6,12 € / 100 ml","4,59 €",LACER
Cuidado personal,Afeitado y cuidado masculino,Crema Power Age Men Expert 50 ml,"17,90 € / 100 ml","8,95 €",L'OREAL
Cuidado personal,Afeitado y cuidado masculino,Crema Power Age Men Expert 50 ml,"17,90 € / 100 ml","8,95 €",L'OREAL
Cuidado personal,Afeitado y cuidado masculino,Crema Power Age Men Expert 50 ml,"17,90 € / 100 ml","8,95 €",L'OREAL
Cuidado personal,Afeitado y cuidado masculino,Crema Power Age Men Expert 50 ml,"17,90 € / 100 ml","8,95 €",L'OREAL
Cuidado personal,Afeitado y cuidado masculino,Crema Power Age Men Expert 50 ml,"17,90 € / 100 ml","8,95 €",L'OREAL
Cuidado personal,Afeitado y cuidado masculino,Crema Power Age Men Expert 50 ml,"17,90 € / 100 ml","8,95 €",L'OREAL
Cuidado personal,Afeitado y cuidado masculino,Crema Power Age Men Expert 50 ml,"17,90 € / 100 ml","8,95 €",L'OREAL
Cuidado personal,Afeitado y cuidado masculino,Crema Power Age Men Expert 50 ml,"17,90 € / 100 ml","8,95 €",L'OREAL
Cuidado personal,Afeitado y cuidado masculino,Crema Power Age Men Expert 50 ml,"17,90 € / 100 ml","8,95 €",L'OREAL
Cuidado personal,Afeitado y cuidado masculino,Crema Power Age Men Expert 50 ml,"17,90 € / 100 ml","8,95 €",L'OREAL
Cuidado personal,Afeitado y cuidado masculino,Crema Power Age Men Expert 50 ml,"17,90 € / 100 ml","8,95 €",L'OREAL
Cuidado personal,Afeitado y cuidado masculino,Crema Power Age Men Expert 50 ml,"17,90 € / 100 ml","8,95 €",L'OREAL
Cuidado personal,Afeitado y cuidado masculino,Crema Power Age Men Expert 50 ml,"17,90 € / 100 ml","8,95 €",L'OREAL
Cuidado personal,Afeitado y cuidado masculino,Crema Power Age Men Expert 50 ml,"17,90 € / 100 ml","8,95 €",L'OREAL
Cuidado personal,Afeitado y cuidado masculino,Crema Power Age Men Expert 50 ml,"17,90 € / 100 ml","8,95 €",L'OREAL
Cuidado personal,Afeitado y cuidado masculino,Crema Power Age Men Expert 50 ml,"17,90 € / 100 ml","8,95 €",L'OREAL
Cuidado personal,Afeitado y cuidado masculino,Crema Power Age Men Expert 50 ml,"17,90 € / 100 ml","8,95 €",L'OREAL
Cuidado personal,Afeitado y cuidado masculino,Crema Power Age Men Expert 50 ml,"17,90 € / 100 ml","8,95 €",L'OREAL
Cuidado personal,Afeitado y cuidado masculino,Crema Power Age Men Expert 50 ml,"17,90 € / 100 ml","8,95 €",L'OREAL
Cuidado personal,Afeitado y cuidado masculino,Crema Power Age Men Expert 50 ml,"17,90 € / 100 ml","8,95 €",L'OREAL
Cuidado personal,Afeitado y cuidado masculino,Espuma de Afeitar Piel Sensible 300 ml,"1,00 € / 100 ml","2,99 €",GILLETTE
Cuidado personal,Afeitado y cuidado masculino,Espuma de Afeitar Piel Sensible 300 ml,"1,00 € / 100 ml","2,99 €",GILLETTE
Cuidado personal,Afeitado y cuidado masculino,Espuma de Afeitar Piel Sensible 300 ml,"1,00 € / 100 ml","2,99 €",GILLETTE
Cuidado personal,Afeitado y cuidado masculino,Espuma de Afeitar Piel Sensible 300 ml,"1,00 € / 100 ml","2,99 €",GILLETTE
Cuidado personal,Afeitado y cuidado masculino,Espuma de Afeitar Piel Sensible 300 ml,"1,00 € / 100 ml","2,99 €",GILLETTE
Cuidado personal,Afeitado y cuidado masculino,Espuma de Afeitar Piel Sensible 300 ml,"1,00 € / 100 ml","2,99 €",GILLETTE
Cuidado personal,Afeitado y cuidado masculino,Espuma de Afeitar Piel Sensible 300 ml,"1,00 € / 100 ml","2,99 €",GILLETTE
Cuidado personal,Afeitado y cuidado masculino,Espuma de Afeitar Piel Sensible 300 ml,"1,00 € / 100 ml","2,99 €",GILLETTE
Cuidado personal,Afeitado y cuidado masculino,Espuma de Afeitar Piel Sensible 300 ml,"1,00 € / 100 ml","2,99 €",GILLETTE
Cuidado personal,Afeitado y cuidado masculino,Espuma de Afeitar Piel Sensible 300 ml,"1,00 € / 100 ml","2,99 €",GILLETTE
Cuidado personal,Afeitado y cuidado masculino,Espuma de Afeitar Piel Sensible 300 ml,"1,00 € / 100 ml","2,99 €",GILLETTE
Cuidado personal,Afeitado y cuidado masculino,Espuma de Afeitar Piel Sensible 300 ml,"1,00 € / 100 ml","2,99 €",GILLETTE
Cuidado personal,Afeitado y cuidado masculino,Espuma de Afeitar Piel Sensible 300 ml,"1,00 € / 100 ml","2,99 €",GILLETTE
Cuidado personal,Afeitado y cuidado masculino,Espuma de Afeitar Piel Sensible 300 ml,"1,00 € / 100 ml","2,99 €",GILLETTE
Cuidado personal,Afeitado y cuidado masculino,Espuma de Afeitar Piel Sensible 300 ml,"1,00 € / 100 ml","2,99 €",GILLETTE
Cuidado personal,Afeitado y cuidado masculino,Espuma de Afeitar Piel Sensible 300 ml,"1,00 € / 100 ml","2,99 €",GILLETTE
Cuidado personal,Afeitado y cuidado masculino,Espuma de Afeitar Piel Sensible 300 ml,"1,00 € / 100 ml","2,99 €",GILLETTE
Cuidado personal,Afeitado y cuidado masculino,Espuma de Afeitar Piel Sensible 300 ml,"1,00 € / 100 ml","2,99 €",GILLETTE
Cuidado personal,Afeitado y cuidado masculino,Espuma de Afeitar Piel Sensible 300 ml,"1,00 € / 100 ml","2,99 €",GILLETTE
Cuidado personal,Afeitado y cuidado masculino,Espuma de Afeitar Piel Sensible 300 ml,"1,00 € / 100 ml","2,99 €",GILLETTE
Cuidado personal,Afeitado y cuidado masculino,Maquinilla Desechable Sensor 3 Cool 4 U,"1,25 € / 1 U","4,99 €",GILLETTE
Cuidado personal,Afeitado y cuidado masculino,Maquinilla Desechable Sensor 3 Cool 4 U,"1,25 € / 1 U","4,99 €",GILLETTE
Cuidado personal,Afeitado y cuidado masculino,Maquinilla Desechable Sensor 3 Cool 4 U,"1,25 € / 1 U","4,99 €",GILLETTE
Cuidado personal,Afeitado y cuidado masculino,Maquinilla Desechable Sensor 3 Cool 4 U,"1,25 € / 1 U","4,99 €",GILLETTE
Cuidado personal,Afeitado y cuidado masculino,Maquinilla Desechable Sensor 3 Cool 4 U,"1,25 € / 1 U","4,99 €",GILLETTE
Cuidado personal,Afeitado y cuidado masculino,Maquinilla Desechable Sensor 3 Cool 4 U,"1,25 € / 1 U","4,99 €",GILLETTE
Cuidado personal,Afeitado y cuidado masculino,Maquinilla Desechable Sensor 3 Cool 4 U,"1,25 € / 1 U","4,99 €",GILLETTE
Cuidado personal,Afeitado y cuidado masculino,Maquinilla Desechable Sensor 3 Cool 4 U,"1,25 € / 1 U","4,99 €",GILLETTE
Cuidado personal,Afeitado y cuidado masculino,Maquinilla Desechable Sensor 3 Cool 4 U,"1,25 € / 1 U","4,99 €",GILLETTE
Cuidado personal,Afeitado y cuidado masculino,Maquinilla Desechable Sensor 3 Cool 4 U,"1,25 € / 1 U","4,99 €",GILLETTE
Cuidado personal,Afeitado y cuidado masculino,Maquinilla Desechable Sensor 3 Cool 4 U,"1,25 € / 1 U","4,99 €",GILLETTE
Cuidado personal,Afeitado y cuidado masculino,Maquinilla Desechable Sensor 3 Cool 4 U,"1,25 € / 1 U","4,99 €",GILLETTE
Cuidado personal,Afeitado y cuidado masculino,Maquinilla Desechable Sensor 3 Cool 4 U,"1,25 € / 1 U","4,99 €",GILLETTE
Cuidado personal,Afeitado y cuidado masculino,Maquinilla Desechable Sensor 3 Cool 4 U,"1,25 € / 1 U","4,99 €",GILLETTE
Cuidado personal,Afeitado y cuidado masculino,Maquinilla Desechable Sensor 3 Cool 4 U,"1,25 € / 1 U","4,99 €",GILLETTE
Cuidado personal,Afeitado y cuidado masculino,Maquinilla Desechable Sensor 3 Cool 4 U,"1,25 € / 1 U","4,99 €",GILLETTE
Cuidado personal,Afeitado y cuidado masculino,Maquinilla Desechable Sensor 3 Cool 4 U,"1,25 € / 1 U","4,99 €",GILLETTE
Cuidado personal,Afeitado y cuidado masculino,Maquinilla Desechable Sensor 3 Cool 4 U,"1,25 € / 1 U","4,99 €",GILLETTE
Cuidado personal,Afeitado y cuidado masculino,Maquinilla Desechable Sensor 3 Cool 4 U,"1,25 € / 1 U","4,99 €",GILLETTE
Cuidado personal,Afeitado y cuidado masculino,Maquinilla Desechable Sensor 3 Cool 4 U,"1,25 € / 1 U","4,99 €",GILLETTE
Cuidado personal,Afeitado y cuidado masculino,Recambio Maquinilla Mach 3 Hojas 4 U,"3,24 € / 1 U","12,95 €",GILLETTE
Cuidado personal,Afeitado y cuidado masculino,Recambio Maquinilla Mach 3 Hojas 4 U,"3,24 € / 1 U","12,95 €",GILLETTE
Cuidado personal,Solares,Crema Solar Facial FP 50 Antiedad Antimanchas 50 ml,"23,98 € / 100 ml","11,99 €",NIVEA
Cuidado personal,Solares,Crema Solar Facial FP 50 Antiedad Antimanchas 50 ml,"23,98 € / 100 ml","11,99 €",NIVEA
Cuidado personal,Solares,Crema Solar Facial FP 50 Antiedad Antimanchas 50 ml,"23,98 € / 100 ml","11,99 €",NIVEA
Cuidado personal,Solares,Crema Solar Facial FP 50 Antiedad Antimanchas 50 ml,"23,98 € / 100 ml","11,99 €",NIVEA
Cuidado personal,Solares,Crema Solar Facial FP 50 Antiedad Antimanchas 50 ml,"23,98 € / 100 ml","11,99 €",NIVEA
Cuidado personal,Solares,Crema Solar Facial FP 50 Antiedad Antimanchas 50 ml,"23,98 € / 100 ml","11,99 €",NIVEA
Cuidado personal,Solares,Crema Solar Facial FP 50 Antiedad Antimanchas 50 ml,"23,98 € / 100 ml","11,99 €",NIVEA
Cuidado personal,Solares,Crema Solar Facial FP 50 Antiedad Antimanchas 50 ml,"23,98 € / 100 ml","11,99 €",NIVEA
Cuidado personal,Solares,Crema Solar Facial FP 50 Antiedad Antimanchas 50 ml,"23,98 € / 100 ml","11,99 €",NIVEA
Cuidado personal,Solares,Crema Solar Facial FP 50 Antiedad Antimanchas 50 ml,"23,98 € / 100 ml","11,99 €",NIVEA
Cuidado personal,Solares,Crema Solar Facial FP 50 Antiedad Antimanchas 50 ml,"23,98 € / 100 ml","11,99 €",NIVEA
Cuidado personal,Solares,Crema Solar Facial FP 50 Antiedad Antimanchas 50 ml,"23,98 € / 100 ml","11,99 €",NIVEA
Cuidado personal,Solares,Crema Solar Facial FP 50 Antiedad Antimanchas 50 ml,"23,98 € / 100 ml","11,99 €",NIVEA
Cuidado personal,Maquillaje,Laca de Uñas 20 Gel Envy 1 U,"5,65 € / 1 U","8,65 €
5,65 €",REVLON
Cuidado personal,Maquillaje,Laca de Uñas 20 Gel Envy 1 U,"5,65 € / 1 U","8,65 €
5,65 €",REVLON
Cuidado personal,Maquillaje,Laca de Uñas 20 Gel Envy 1 U,"5,65 € / 1 U","8,65 €
5,65 €",REVLON
Cuidado personal,Maquillaje,Laca de Uñas 20 Gel Envy 1 U,"5,65 € / 1 U","8,65 €
5,65 €",REVLON
Cuidado personal,Maquillaje,Laca de Uñas 20 Gel Envy 1 U,"5,65 € / 1 U","8,65 €
5,65 €",REVLON
Cuidado personal,Maquillaje,Laca de Uñas 20 Gel Envy 1 U,"5,65 € / 1 U","8,65 €
5,65 €",REVLON
Cuidado personal,Maquillaje,Laca de Uñas 20 Gel Envy 1 U,"5,65 € / 1 U","8,65 €
5,65 €",REVLON
Cuidado personal,Maquillaje,Laca de Uñas 20 Gel Envy 1 U,"5,65 € / 1 U","8,65 €
5,65 €",REVLON
Cuidado personal,Maquillaje,Laca de Uñas 20 Gel Envy 1 U,"5,65 € / 1 U","8,65 €
5,65 €",REVLON
Cuidado personal,Maquillaje,Laca de Uñas 20 Gel Envy 1 U,"5,65 € / 1 U","8,65 €
5,65 €",REVLON
Cuidado personal,Maquillaje,Laca de Uñas 20 Gel Envy 1 U,"5,65 € / 1 U","8,65 €
5,65 €",REVLON
Cuidado personal,Maquillaje,Laca de Uñas 20 Gel Envy 1 U,"5,65 € / 1 U","8,65 €
5,65 €",REVLON
Cuidado personal,Maquillaje,Laca de Uñas 20 Gel Envy 1 U,"5,65 € / 1 U","8,65 €
5,65 €",REVLON
Cuidado personal,Maquillaje,Laca de Uñas 20 Gel Envy 1 U,"5,65 € / 1 U","8,65 €
5,65 €",REVLON
Cuidado personal,Maquillaje,Laca de Uñas 20 Gel Envy 1 U,"5,65 € / 1 U","8,65 €
5,65 €",REVLON
Cuidado personal,Maquillaje,Laca de Uñas 20 Gel Envy 1 U,"5,65 € / 1 U","8,65 €
5,65 €",REVLON
Cuidado personal,Maquillaje,Laca de Uñas 20 Gel Envy 1 U,"5,65 € / 1 U","8,65 €
5,65 €",REVLON
Cuidado personal,Maquillaje,Laca de Uñas 20 Gel Envy 1 U,"5,65 € / 1 U","8,65 €
5,65 €",REVLON
Cuidado personal,Maquillaje,Laca de Uñas 20 Gel Envy 1 U,"5,65 € / 1 U","8,65 €
5,65 €",REVLON
Cuidado personal,Maquillaje,Laca de Uñas 20 Gel Envy 1 U,"5,65 € / 1 U","8,65 €
5,65 €",REVLON
Cuidado personal,Maquillaje,Laca Uñas HDSnap Cool 1 U,"5,85 € / 1 U","8,99 €
5,85 €",REVLON
Cuidado personal,Maquillaje,Laca Uñas HDSnap Cool 1 U,"5,85 € / 1 U","8,99 €
5,85 €",REVLON
Cuidado personal,Maquillaje,Laca Uñas HDSnap Cool 1 U,"5,85 € / 1 U","8,99 €
5,85 €",REVLON
Cuidado personal,Maquillaje,Laca Uñas HDSnap Cool 1 U,"5,85 € / 1 U","8,99 €
5,85 €",REVLON
Cuidado personal,Maquillaje,Laca Uñas HDSnap Cool 1 U,"5,85 € / 1 U","8,99 €
5,85 €",REVLON
Cuidado personal,Maquillaje,Laca Uñas HDSnap Cool 1 U,"5,85 € / 1 U","8,99 €
5,85 €",REVLON
Cuidado personal,Maquillaje,Laca Uñas HDSnap Cool 1 U,"5,85 € / 1 U","8,99 €
5,85 €",REVLON
Cuidado personal,Maquillaje,Laca Uñas HDSnap Cool 1 U,"5,85 € / 1 U","8,99 €
5,85 €",REVLON
Cuidado personal,Maquillaje,Laca Uñas HDSnap Cool 1 U,"5,85 € / 1 U","8,99 €
5,85 €",REVLON
Cuidado personal,Maquillaje,Laca Uñas HDSnap Cool 1 U,"5,85 € / 1 U","8,99 €
5,85 €",REVLON
Cuidado personal,Maquillaje,Laca Uñas HDSnap Cool 1 U,"5,85 € / 1 U","8,99 €
5,85 €",REVLON
Cuidado personal,Maquillaje,Laca Uñas HDSnap Cool 1 U,"5,85 € / 1 U","8,99 €
5,85 €",REVLON
Cuidado personal,Maquillaje,Laca Uñas HDSnap Cool 1 U,"5,85 € / 1 U","8,99 €
5,85 €",REVLON
Cuidado personal,Maquillaje,Laca Uñas HDSnap Cool 1 U,"5,85 € / 1 U","8,99 €
5,85 €",REVLON
Cuidado personal,Maquillaje,Laca Uñas HDSnap Cool 1 U,"5,85 € / 1 U","8,99 €
5,85 €",REVLON
Cuidado personal,Maquillaje,Laca Uñas HDSnap Cool 1 U,"5,85 € / 1 U","8,99 €
5,85 €",REVLON
Cuidado personal,Maquillaje,Laca Uñas HDSnap Cool 1 U,"5,85 € / 1 U","8,99 €
5,85 €",REVLON
Cuidado personal,Maquillaje,Laca Uñas HDSnap Cool 1 U,"5,85 € / 1 U","8,99 €
5,85 €",REVLON
Cuidado personal,Maquillaje,Laca Uñas HDSnap Cool 1 U,"5,85 € / 1 U","8,99 €
5,85 €",REVLON
Cuidado personal,Maquillaje,Laca Uñas HDSnap Cool 1 U,"5,85 € / 1 U","8,99 €
5,85 €",REVLON
Cuidado personal,Maquillaje,Uñas Postizas 1 U,"4,55 € / 1 U","4,55 €",PONETTE
Cuidado personal,Maquillaje,Uñas Postizas 1 U,"4,55 € / 1 U","4,55 €",PONETTE
Cuidado personal,Maquillaje,Uñas Postizas 1 U,"4,55 € / 1 U","4,55 €",PONETTE
Cuidado personal,Maquillaje,Uñas Postizas 1 U,"4,55 € / 1 U","4,55 €",PONETTE
Cuidado personal,Maquillaje,Uñas Postizas 1 U,"4,55 € / 1 U","4,55 €",PONETTE
Cuidado personal,Maquillaje,Uñas Postizas 1 U,"4,55 € / 1 U","4,55 €",PONETTE
Cuidado personal,Maquillaje,Uñas Postizas 1 U,"4,55 € / 1 U","4,55 €",PONETTE
Cuidado personal,Maquillaje,Uñas Postizas 1 U,"4,55 € / 1 U","4,55 €",PONETTE
Cuidado personal,Maquillaje,Uñas Postizas 1 U,"4,55 € / 1 U","4,55 €",PONETTE
Cuidado personal,Maquillaje,Uñas Postizas 1 U,"4,55 € / 1 U","4,55 €",PONETTE
Cuidado personal,Maquillaje,Uñas Postizas 1 U,"4,55 € / 1 U","4,55 €",PONETTE
Cuidado personal,Maquillaje,Uñas Postizas 1 U,"4,55 € / 1 U","4,55 €",PONETTE
Cuidado personal,Maquillaje,Uñas Postizas 1 U,"4,55 € / 1 U","4,55 €",PONETTE
Cuidado personal,Maquillaje,Uñas Postizas 1 U,"4,55 € / 1 U","4,55 €",PONETTE
Cuidado personal,Maquillaje,Uñas Postizas 1 U,"4,55 € / 1 U","4,55 €",PONETTE
Cuidado personal,Maquillaje,Uñas Postizas 1 U,"4,55 € / 1 U","4,55 €",PONETTE
Cuidado personal,Maquillaje,Uñas Postizas 1 U,"4,55 € / 1 U","4,55 €",PONETTE
Cuidado personal,Maquillaje,Uñas Postizas 1 U,"4,55 € / 1 U","4,55 €",PONETTE
Cuidado personal,Maquillaje,Uñas Postizas 1 U,"4,55 € / 1 U","4,55 €",PONETTE
Cuidado personal,Maquillaje,Uñas Postizas 1 U,"4,55 € / 1 U","4,55 €",PONETTE
Cuidado personal,Maquillaje,Laca de Uñas Nº25 Superstay 7 Días 1 U,"5,25 € / 1 U","5,25 €",MAYBELLINE
Cuidado personal,Maquillaje,Laca de Uñas Nº25 Superstay 7 Días 1 U,"5,25 € / 1 U","5,25 €",MAYBELLINE
Cuidado personal,Maquillaje,Laca de Uñas Nº25 Superstay 7 Días 1 U,"5,25 € / 1 U","5,25 €",MAYBELLINE
Cuidado personal,Maquillaje,Laca de Uñas Nº25 Superstay 7 Días 1 U,"5,25 € / 1 U","5,25 €",MAYBELLINE
Cuidado personal,Maquillaje,Laca de Uñas Nº25 Superstay 7 Días 1 U,"5,25 € / 1 U","5,25 €",MAYBELLINE
Cuidado personal,Maquillaje,Laca de Uñas Nº25 Superstay 7 Días 1 U,"5,25 € / 1 U","5,25 €",MAYBELLINE
Cuidado personal,Maquillaje,Laca de Uñas Nº25 Superstay 7 Días 1 U,"5,25 € / 1 U","5,25 €",MAYBELLINE
Cuidado personal,Maquillaje,Laca de Uñas Nº25 Superstay 7 Días 1 U,"5,25 € / 1 U","5,25 €",MAYBELLINE
Cuidado personal,Maquillaje,Laca de Uñas Nº25 Superstay 7 Días 1 U,"5,25 € / 1 U","5,25 €",MAYBELLINE
Cuidado personal,Maquillaje,Laca de Uñas Nº25 Superstay 7 Días 1 U,"5,25 € / 1 U","5,25 €",MAYBELLINE
Cuidado personal,Maquillaje,Laca de Uñas Nº25 Superstay 7 Días 1 U,"5,25 € / 1 U","5,25 €",MAYBELLINE
Cuidado personal,Maquillaje,Laca de Uñas Nº25 Superstay 7 Días 1 U,"5,25 € / 1 U","5,25 €",MAYBELLINE
Cuidado personal,Maquillaje,Laca de Uñas Nº25 Superstay 7 Días 1 U,"5,25 € / 1 U","5,25 €",MAYBELLINE
Cuidado personal,Maquillaje,Laca de Uñas Nº25 Superstay 7 Días 1 U,"5,25 € / 1 U","5,25 €",MAYBELLINE
Cuidado personal,Maquillaje,Laca de Uñas Nº25 Superstay 7 Días 1 U,"5,25 € / 1 U","5,25 €",MAYBELLINE
Cuidado personal,Maquillaje,Laca de Uñas Nº25 Superstay 7 Días 1 U,"5,25 € / 1 U","5,25 €",MAYBELLINE
Cuidado personal,Maquillaje,Laca de Uñas Nº25 Superstay 7 Días 1 U,"5,25 € / 1 U","5,25 €",MAYBELLINE
Cuidado personal,Maquillaje,Laca de Uñas Nº25 Superstay 7 Días 1 U,"5,25 € / 1 U","5,25 €",MAYBELLINE
Cuidado personal,Maquillaje,Laca de Uñas Nº25 Superstay 7 Días 1 U,"5,25 € / 1 U","5,25 €",MAYBELLINE
Cuidado personal,Maquillaje,Laca de Uñas Nº25 Superstay 7 Días 1 U,"5,25 € / 1 U","5,25 €",MAYBELLINE
Cuidado personal,Maquillaje,Maquillaje mate 320 Fit Me 1 U,"5,95 € / 1 U","5,95 €",MAYBELLINE
Cuidado personal,Maquillaje,Maquillaje mate 320 Fit Me 1 U,"5,95 € / 1 U","5,95 €",MAYBELLINE
Cuidado personal,Maquillaje,Maquillaje mate 320 Fit Me 1 U,"5,95 € / 1 U","5,95 €",MAYBELLINE
Cuidado personal,Maquillaje,Maquillaje mate 320 Fit Me 1 U,"5,95 € / 1 U","5,95 €",MAYBELLINE
Cuidado personal,Maquillaje,Maquillaje mate 320 Fit Me 1 U,"5,95 € / 1 U","5,95 €",MAYBELLINE
Cuidado personal,Maquillaje,Maquillaje mate 320 Fit Me 1 U,"5,95 € / 1 U","5,95 €",MAYBELLINE
Cuidado personal,Maquillaje,Maquillaje mate 320 Fit Me 1 U,"5,95 € / 1 U","5,95 €",MAYBELLINE
Cuidado personal,Maquillaje,Maquillaje mate 320 Fit Me 1 U,"5,95 € / 1 U","5,95 €",MAYBELLINE
Cuidado personal,Maquillaje,Maquillaje mate 320 Fit Me 1 U,"5,95 € / 1 U","5,95 €",MAYBELLINE
Cuidado personal,Maquillaje,Maquillaje mate 320 Fit Me 1 U,"5,95 € / 1 U","5,95 €",MAYBELLINE
Cuidado personal,Maquillaje,Maquillaje mate 320 Fit Me 1 U,"5,95 € / 1 U","5,95 €",MAYBELLINE
Cuidado personal,Maquillaje,Maquillaje mate 320 Fit Me 1 U,"5,95 € / 1 U","5,95 €",MAYBELLINE
Cuidado personal,Maquillaje,Maquillaje mate 320 Fit Me 1 U,"5,95 € / 1 U","5,95 €",MAYBELLINE
Cuidado personal,Maquillaje,Maquillaje mate 320 Fit Me 1 U,"5,95 € / 1 U","5,95 €",MAYBELLINE
Cuidado personal,Maquillaje,Maquillaje mate 320 Fit Me 1 U,"5,95 € / 1 U","5,95 €",MAYBELLINE
Cuidado personal,Maquillaje,Maquillaje mate 320 Fit Me 1 U,"5,95 € / 1 U","5,95 €",MAYBELLINE
Cuidado personal,Maquillaje,Maquillaje mate 320 Fit Me 1 U,"5,95 € / 1 U","5,95 €",MAYBELLINE
Cuidado personal,Maquillaje,Maquillaje mate 320 Fit Me 1 U,"5,95 € / 1 U","5,95 €",MAYBELLINE
Cuidado personal,Maquillaje,Maquillaje mate 320 Fit Me 1 U,"5,95 € / 1 U","5,95 €",MAYBELLINE
Cuidado personal,Maquillaje,Maquillaje mate 320 Fit Me 1 U,"5,95 € / 1 U","5,95 €",MAYBELLINE
Cuidado personal,Maquillaje,Eyeliner Líquido Negro Colorstay 1 U,"8,29 € / 1 U","8,29 €",REVLON
Cuidado personal,Maquillaje,Eyeliner Líquido Negro Colorstay 1 U,"8,29 € / 1 U","8,29 €",REVLON
Cuidado personal,Maquillaje,Eyeliner Líquido Negro Colorstay 1 U,"8,29 € / 1 U","8,29 €",REVLON
Cuidado personal,Maquillaje,Eyeliner Líquido Negro Colorstay 1 U,"8,29 € / 1 U","8,29 €",REVLON
Cuidado personal,Maquillaje,Eyeliner Líquido Negro Colorstay 1 U,"8,29 € / 1 U","8,29 €",REVLON
Cuidado personal,Maquillaje,Eyeliner Líquido Negro Colorstay 1 U,"8,29 € / 1 U","8,29 €",REVLON
Cuidado personal,Maquillaje,Eyeliner Líquido Negro Colorstay 1 U,"8,29 € / 1 U","8,29 €",REVLON
Cuidado personal,Maquillaje,Eyeliner Líquido Negro Colorstay 1 U,"8,29 € / 1 U","8,29 €",REVLON
Cuidado personal,Maquillaje,Eyeliner Líquido Negro Colorstay 1 U,"8,29 € / 1 U","8,29 €",REVLON
Cuidado personal,Maquillaje,Eyeliner Líquido Negro Colorstay 1 U,"8,29 € / 1 U","8,29 €",REVLON
Cuidado personal,Maquillaje,Eyeliner Líquido Negro Colorstay 1 U,"8,29 € / 1 U","8,29 €",REVLON
Cuidado personal,Maquillaje,Eyeliner Líquido Negro Colorstay 1 U,"8,29 € / 1 U","8,29 €",REVLON
Cuidado personal,Maquillaje,Eyeliner Líquido Negro Colorstay 1 U,"8,29 € / 1 U","8,29 €",REVLON
Cuidado personal,Maquillaje,Eyeliner Líquido Negro Colorstay 1 U,"8,29 € / 1 U","8,29 €",REVLON
Cuidado personal,Maquillaje,Eyeliner Líquido Negro Colorstay 1 U,"8,29 € / 1 U","8,29 €",REVLON
Cuidado personal,Maquillaje,Eyeliner Líquido Negro Colorstay 1 U,"8,29 € / 1 U","8,29 €",REVLON
Cuidado personal,Maquillaje,Eyeliner Líquido Negro Colorstay 1 U,"8,29 € / 1 U","8,29 €",REVLON
Cuidado personal,Maquillaje,Eyeliner Líquido Negro Colorstay 1 U,"8,29 € / 1 U","8,29 €",REVLON
Cuidado personal,Maquillaje,Eyeliner Líquido Negro Colorstay 1 U,"8,29 € / 1 U","8,29 €",REVLON
Cuidado personal,Maquillaje,Eyeliner Líquido Negro Colorstay 1 U,"8,29 € / 1 U","8,29 €",REVLON
Cuidado personal,Maquillaje,Maquillaje 240 M.Beige Colorstay 1 U,"12,95 € / 1 U","12,95 €",REVLON
Cuidado personal,Maquillaje,Maquillaje 240 M.Beige Colorstay 1 U,"12,95 € / 1 U","12,95 €",REVLON
Cuidado personal,Maquillaje,Maquillaje 240 M.Beige Colorstay 1 U,"12,95 € / 1 U","12,95 €",REVLON
Cuidado personal,Maquillaje,Maquillaje 240 M.Beige Colorstay 1 U,"12,95 € / 1 U","12,95 €",REVLON
Cuidado personal,Maquillaje,Maquillaje 240 M.Beige Colorstay 1 U,"12,95 € / 1 U","12,95 €",REVLON
Cuidado personal,Maquillaje,Maquillaje 240 M.Beige Colorstay 1 U,"12,95 € / 1 U","12,95 €",REVLON
Cuidado personal,Maquillaje,Maquillaje 240 M.Beige Colorstay 1 U,"12,95 € / 1 U","12,95 €",REVLON
Cuidado personal,Maquillaje,Maquillaje 240 M.Beige Colorstay 1 U,"12,95 € / 1 U","12,95 €",REVLON
Cuidado personal,Maquillaje,Maquillaje 240 M.Beige Colorstay 1 U,"12,95 € / 1 U","12,95 €",REVLON
Cuidado personal,Maquillaje,Maquillaje 240 M.Beige Colorstay 1 U,"12,95 € / 1 U","12,95 €",REVLON
Cuidado personal,Maquillaje,Maquillaje 240 M.Beige Colorstay 1 U,"12,95 € / 1 U","12,95 €",REVLON
Cuidado personal,Maquillaje,Maquillaje 240 M.Beige Colorstay 1 U,"12,95 € / 1 U","12,95 €",REVLON
Cuidado personal,Maquillaje,Maquillaje 240 M.Beige Colorstay 1 U,"12,95 € / 1 U","12,95 €",REVLON
Cuidado personal,Maquillaje,Maquillaje 240 M.Beige Colorstay 1 U,"12,95 € / 1 U","12,95 €",REVLON
Cuidado personal,Maquillaje,Maquillaje 240 M.Beige Colorstay 1 U,"12,95 € / 1 U","12,95 €",REVLON
Cuidado personal,Maquillaje,Maquillaje 240 M.Beige Colorstay 1 U,"12,95 € / 1 U","12,95 €",REVLON
Cuidado personal,Maquillaje,Maquillaje 240 M.Beige Colorstay 1 U,"12,95 € / 1 U","12,95 €",REVLON
Cuidado personal,Maquillaje,Maquillaje 240 M.Beige Colorstay 1 U,"12,95 € / 1 U","12,95 €",REVLON
Cuidado personal,Maquillaje,Maquillaje 240 M.Beige Colorstay 1 U,"12,95 € / 1 U","12,95 €",REVLON
Cuidado personal,Maquillaje,Maquillaje 240 M.Beige Colorstay 1 U,"12,95 € / 1 U","12,95 €",REVLON
Cuidado personal,Maquillaje,Lápiz Labios Ink Mate 50 1 U,"8,25 € / 1 U","8,25 €",MAYBELLINE
Cuidado personal,Maquillaje,Lápiz Labios Ink Mate 50 1 U,"8,25 € / 1 U","8,25 €",MAYBELLINE
Cuidado personal,Maquillaje,Lápiz Labios Ink Mate 50 1 U,"8,25 € / 1 U","8,25 €",MAYBELLINE
Cuidado personal,Maquillaje,Lápiz Labios Ink Mate 50 1 U,"8,25 € / 1 U","8,25 €",MAYBELLINE
Cuidado personal,Maquillaje,Lápiz Labios Ink Mate 50 1 U,"8,25 € / 1 U","8,25 €",MAYBELLINE
Cuidado personal,Maquillaje,Lápiz Labios Ink Mate 50 1 U,"8,25 € / 1 U","8,25 €",MAYBELLINE
Cuidado personal,Maquillaje,Lápiz Labios Ink Mate 50 1 U,"8,25 € / 1 U","8,25 €",MAYBELLINE
Cuidado personal,Maquillaje,Lápiz Labios Ink Mate 50 1 U,"8,25 € / 1 U","8,25 €",MAYBELLINE
Cuidado personal,Maquillaje,Lápiz Labios Ink Mate 50 1 U,"8,25 € / 1 U","8,25 €",MAYBELLINE
Cuidado personal,Maquillaje,Lápiz Labios Ink Mate 50 1 U,"8,25 € / 1 U","8,25 €",MAYBELLINE
Cuidado personal,Maquillaje,Lápiz Labios Ink Mate 50 1 U,"8,25 € / 1 U","8,25 €",MAYBELLINE
Cuidado personal,Maquillaje,Lápiz Labios Ink Mate 50 1 U,"8,25 € / 1 U","8,25 €",MAYBELLINE
Cuidado personal,Maquillaje,Lápiz Labios Ink Mate 50 1 U,"8,25 € / 1 U","8,25 €",MAYBELLINE
Cuidado personal,Maquillaje,Lápiz Labios Ink Mate 50 1 U,"8,25 € / 1 U","8,25 €",MAYBELLINE
Cuidado personal,Maquillaje,Lápiz Labios Ink Mate 50 1 U,"8,25 € / 1 U","8,25 €",MAYBELLINE
Cuidado personal,Maquillaje,Lápiz Labios Ink Mate 50 1 U,"8,25 € / 1 U","8,25 €",MAYBELLINE
Cuidado personal,Maquillaje,Lápiz Labios Ink Mate 50 1 U,"8,25 € / 1 U","8,25 €",MAYBELLINE
Cuidado personal,Maquillaje,Lápiz Labios Ink Mate 50 1 U,"8,25 € / 1 U","8,25 €",MAYBELLINE
Cuidado personal,Maquillaje,Lápiz Labios Ink Mate 50 1 U,"8,25 € / 1 U","8,25 €",MAYBELLINE
Cuidado personal,Maquillaje,Lápiz Labios Ink Mate 50 1 U,"8,25 € / 1 U","8,25 €",MAYBELLINE
Cuidado personal,Maquillaje,Pestañas Postizas Magnéticas 1 U,"4,99 € / 1 U","4,99 €",PONETTE
Cuidado personal,Maquillaje,Pestañas Postizas Magnéticas 1 U,"4,99 € / 1 U","4,99 €",PONETTE
Cuidado personal,Maquillaje,Pestañas Postizas Magnéticas 1 U,"4,99 € / 1 U","4,99 €",PONETTE
Cuidado personal,Maquillaje,Pestañas Postizas Magnéticas 1 U,"4,99 € / 1 U","4,99 €",PONETTE
Cuidado personal,Maquillaje,Pestañas Postizas Magnéticas 1 U,"4,99 € / 1 U","4,99 €",PONETTE
Cuidado personal,Maquillaje,Pestañas Postizas Magnéticas 1 U,"4,99 € / 1 U","4,99 €",PONETTE
Cuidado personal,Maquillaje,Pestañas Postizas Magnéticas 1 U,"4,99 € / 1 U","4,99 €",PONETTE
Cuidado personal,Maquillaje,Pestañas Postizas Magnéticas 1 U,"4,99 € / 1 U","4,99 €",PONETTE
Cuidado personal,Maquillaje,Pestañas Postizas Magnéticas 1 U,"4,99 € / 1 U","4,99 €",PONETTE
Cuidado personal,Maquillaje,Pestañas Postizas Magnéticas 1 U,"4,99 € / 1 U","4,99 €",PONETTE
Cuidado personal,Maquillaje,Pestañas Postizas Magnéticas 1 U,"4,99 € / 1 U","4,99 €",PONETTE
Cuidado personal,Maquillaje,Pestañas Postizas Magnéticas 1 U,"4,99 € / 1 U","4,99 €",PONETTE
Cuidado personal,Maquillaje,Pestañas Postizas Magnéticas 1 U,"4,99 € / 1 U","4,99 €",PONETTE
Cuidado personal,Maquillaje,Pestañas Postizas Magnéticas 1 U,"4,99 € / 1 U","4,99 €",PONETTE
Cuidado personal,Maquillaje,Pestañas Postizas Magnéticas 1 U,"4,99 € / 1 U","4,99 €",PONETTE
Cuidado personal,Maquillaje,Pestañas Postizas Magnéticas 1 U,"4,99 € / 1 U","4,99 €",PONETTE
Cuidado personal,Maquillaje,Pestañas Postizas Magnéticas 1 U,"4,99 € / 1 U","4,99 €",PONETTE
Cuidado personal,Maquillaje,Pestañas Postizas Magnéticas 1 U,"4,99 € / 1 U","4,99 €",PONETTE
Cuidado personal,Maquillaje,Pestañas Postizas Magnéticas 1 U,"4,99 € / 1 U","4,99 €",PONETTE
Cuidado personal,Maquillaje,Pestañas Postizas Magnéticas 1 U,"4,99 € / 1 U","4,99 €",PONETTE
Cuidado personal,Maquillaje,Perfilador de Cejas Slim 01 1 U,"6,99 € / 1 U","6,99 €",MAYBELLINE
Cuidado personal,Maquillaje,Perfilador de Cejas Slim 01 1 U,"6,99 € / 1 U","6,99 €",MAYBELLINE
Cuidado personal,Maquillaje,Perfilador de Cejas Slim 01 1 U,"6,99 € / 1 U","6,99 €",MAYBELLINE
Cuidado personal,Maquillaje,Perfilador de Cejas Slim 01 1 U,"6,99 € / 1 U","6,99 €",MAYBELLINE
Cuidado personal,Maquillaje,Perfilador de Cejas Slim 01 1 U,"6,99 € / 1 U","6,99 €",MAYBELLINE
Cuidado personal,Maquillaje,Perfilador de Cejas Slim 01 1 U,"6,99 € / 1 U","6,99 €",MAYBELLINE
Cuidado personal,Maquillaje,Perfilador de Cejas Slim 01 1 U,"6,99 € / 1 U","6,99 €",MAYBELLINE
Cuidado personal,Maquillaje,Perfilador de Cejas Slim 01 1 U,"6,99 € / 1 U","6,99 €",MAYBELLINE
Cuidado personal,Maquillaje,Perfilador de Cejas Slim 01 1 U,"6,99 € / 1 U","6,99 €",MAYBELLINE
Cuidado personal,Maquillaje,Perfilador de Cejas Slim 01 1 U,"6,99 € / 1 U","6,99 €",MAYBELLINE
Cuidado personal,Maquillaje,Perfilador de Cejas Slim 01 1 U,"6,99 € / 1 U","6,99 €",MAYBELLINE
Cuidado personal,Maquillaje,Perfilador de Cejas Slim 01 1 U,"6,99 € / 1 U","6,99 €",MAYBELLINE
Cuidado personal,Maquillaje,Perfilador de Cejas Slim 01 1 U,"6,99 € / 1 U","6,99 €",MAYBELLINE
Cuidado personal,Maquillaje,Perfilador de Cejas Slim 01 1 U,"6,99 € / 1 U","6,99 €",MAYBELLINE
Cuidado personal,Maquillaje,Perfilador de Cejas Slim 01 1 U,"6,99 € / 1 U","6,99 €",MAYBELLINE
Cuidado personal,Maquillaje,Perfilador de Cejas Slim 01 1 U,"6,99 € / 1 U","6,99 €",MAYBELLINE
Cuidado personal,Maquillaje,Perfilador de Cejas Slim 01 1 U,"6,99 € / 1 U","6,99 €",MAYBELLINE
Cuidado personal,Maquillaje,Perfilador de Cejas Slim 01 1 U,"6,99 € / 1 U","6,99 €",MAYBELLINE
Cuidado personal,Maquillaje,Perfilador de Cejas Slim 01 1 U,"6,99 € / 1 U","6,99 €",MAYBELLINE
Cuidado personal,Maquillaje,Perfilador de Cejas Slim 01 1 U,"6,99 € / 1 U","6,99 €",MAYBELLINE
Cuidado personal,Maquillaje,Maquillaje Superstay Fundation 30H Nº10 1 U,"12,95 € / 1 U","12,95 €",MAYBELLINE
Cuidado personal,Maquillaje,Maquillaje Superstay Fundation 30H Nº10 1 U,"12,95 € / 1 U","12,95 €",MAYBELLINE
Cuidado personal,Maquillaje,Maquillaje Superstay Fundation 30H Nº10 1 U,"12,95 € / 1 U","12,95 €",MAYBELLINE
Cuidado personal,Maquillaje,Maquillaje Superstay Fundation 30H Nº10 1 U,"12,95 € / 1 U","12,95 €",MAYBELLINE
Cuidado personal,Maquillaje,Maquillaje Superstay Fundation 30H Nº10 1 U,"12,95 € / 1 U","12,95 €",MAYBELLINE
Cuidado personal,Maquillaje,Maquillaje Superstay Fundation 30H Nº10 1 U,"12,95 € / 1 U","12,95 €",MAYBELLINE
Cuidado personal,Maquillaje,Maquillaje Superstay Fundation 30H Nº10 1 U,"12,95 € / 1 U","12,95 €",MAYBELLINE
Cuidado personal,Maquillaje,Maquillaje Superstay Fundation 30H Nº10 1 U,"12,95 € / 1 U","12,95 €",MAYBELLINE
Cuidado personal,Maquillaje,Maquillaje Superstay Fundation 30H Nº10 1 U,"12,95 € / 1 U","12,95 €",MAYBELLINE
Cuidado personal,Maquillaje,Maquillaje Superstay Fundation 30H Nº10 1 U,"12,95 € / 1 U","12,95 €",MAYBELLINE
Cuidado personal,Maquillaje,Maquillaje Superstay Fundation 30H Nº10 1 U,"12,95 € / 1 U","12,95 €",MAYBELLINE
Cuidado personal,Maquillaje,Maquillaje Superstay Fundation 30H Nº10 1 U,"12,95 € / 1 U","12,95 €",MAYBELLINE
Cuidado personal,Maquillaje,Maquillaje Superstay Fundation 30H Nº10 1 U,"12,95 € / 1 U","12,95 €",MAYBELLINE
Cuidado personal,Maquillaje,Maquillaje Superstay Fundation 30H Nº10 1 U,"12,95 € / 1 U","12,95 €",MAYBELLINE
Cuidado personal,Maquillaje,Maquillaje Superstay Fundation 30H Nº10 1 U,"12,95 € / 1 U","12,95 €",MAYBELLINE
Cuidado personal,Maquillaje,Maquillaje Superstay Fundation 30H Nº10 1 U,"12,95 € / 1 U","12,95 €",MAYBELLINE
Cuidado personal,Maquillaje,Maquillaje Superstay Fundation 30H Nº10 1 U,"12,95 € / 1 U","12,95 €",MAYBELLINE
Cuidado personal,Maquillaje,Maquillaje Superstay Fundation 30H Nº10 1 U,"12,95 € / 1 U","12,95 €",MAYBELLINE
Cuidado personal,Maquillaje,Maquillaje Superstay Fundation 30H Nº10 1 U,"12,95 € / 1 U","12,95 €",MAYBELLINE
Cuidado personal,Maquillaje,Maquillaje Superstay Fundation 30H Nº10 1 U,"12,95 € / 1 U","12,95 €",MAYBELLINE
Cuidado personal,Maquillaje,Labial Satin Ink Mauvey 1 U,"9,89 € / 1 U","9,89 €",REVLON
Cuidado personal,Maquillaje,Labial Satin Ink Mauvey 1 U,"9,89 € / 1 U","9,89 €",REVLON
Cuidado personal,Maquillaje,Labial Satin Ink Mauvey 1 U,"9,89 € / 1 U","9,89 €",REVLON
Cuidado personal,Maquillaje,Labial Satin Ink Mauvey 1 U,"9,89 € / 1 U","9,89 €",REVLON
Cuidado personal,Maquillaje,Labial Satin Ink Mauvey 1 U,"9,89 € / 1 U","9,89 €",REVLON
Cuidado personal,Maquillaje,Labial Satin Ink Mauvey 1 U,"9,89 € / 1 U","9,89 €",REVLON
Cuidado personal,Maquillaje,Labial Satin Ink Mauvey 1 U,"9,89 € / 1 U","9,89 €",REVLON
Cuidado personal,Maquillaje,Labial Satin Ink Mauvey 1 U,"9,89 € / 1 U","9,89 €",REVLON
Cuidado personal,Maquillaje,Labial Satin Ink Mauvey 1 U,"9,89 € / 1 U","9,89 €",REVLON
Cuidado personal,Maquillaje,Labial Satin Ink Mauvey 1 U,"9,89 € / 1 U","9,89 €",REVLON
Cuidado personal,Maquillaje,Labial Satin Ink Mauvey 1 U,"9,89 € / 1 U","9,89 €",REVLON
Cuidado personal,Maquillaje,Labial Satin Ink Mauvey 1 U,"9,89 € / 1 U","9,89 €",REVLON
Cuidado personal,Maquillaje,Labial Satin Ink Mauvey 1 U,"9,89 € / 1 U","9,89 €",REVLON
Cuidado personal,Maquillaje,Labial Satin Ink Mauvey 1 U,"9,89 € / 1 U","9,89 €",REVLON
Cuidado personal,Maquillaje,Labial Satin Ink Mauvey 1 U,"9,89 € / 1 U","9,89 €",REVLON
Cuidado personal,Maquillaje,Labial Satin Ink Mauvey 1 U,"9,89 € / 1 U","9,89 €",REVLON
Cuidado personal,Maquillaje,Labial Satin Ink Mauvey 1 U,"9,89 € / 1 U","9,89 €",REVLON
Cuidado personal,Maquillaje,Labial Satin Ink Mauvey 1 U,"9,89 € / 1 U","9,89 €",REVLON
Cuidado personal,Maquillaje,Labial Satin Ink Mauvey 1 U,"9,89 € / 1 U","9,89 €",REVLON
Cuidado personal,Maquillaje,Labial Satin Ink Mauvey 1 U,"9,89 € / 1 U","9,89 €",REVLON
Cuidado personal,Maquillaje,Sombra Ojos 5 Verde Vegan 1 U,"2,55 € / 1 U","2,55 €",GIO GIOVANNI
Cuidado personal,Maquillaje,Sombra Ojos 5 Verde Vegan 1 U,"2,55 € / 1 U","2,55 €",GIO GIOVANNI
Cuidado personal,Maquillaje,Sombra Ojos 5 Verde Vegan 1 U,"2,55 € / 1 U","2,55 €",GIO GIOVANNI
Cuidado personal,Maquillaje,Sombra Ojos 5 Verde Vegan 1 U,"2,55 € / 1 U","2,55 €",GIO GIOVANNI
Cuidado personal,Maquillaje,Sombra Ojos 5 Verde Vegan 1 U,"2,55 € / 1 U","2,55 €",GIO GIOVANNI
Cuidado personal,Maquillaje,Sombra Ojos 5 Verde Vegan 1 U,"2,55 € / 1 U","2,55 €",GIO GIOVANNI
Cuidado personal,Maquillaje,Sombra Ojos 5 Verde Vegan 1 U,"2,55 € / 1 U","2,55 €",GIO GIOVANNI
Cuidado personal,Maquillaje,Sombra Ojos 5 Verde Vegan 1 U,"2,55 € / 1 U","2,55 €",GIO GIOVANNI
Cuidado personal,Maquillaje,Sombra Ojos 5 Verde Vegan 1 U,"2,55 € / 1 U","2,55 €",GIO GIOVANNI
Cuidado personal,Maquillaje,Sombra Ojos 5 Verde Vegan 1 U,"2,55 € / 1 U","2,55 €",GIO GIOVANNI
Cuidado personal,Maquillaje,Sombra Ojos 5 Verde Vegan 1 U,"2,55 € / 1 U","2,55 €",GIO GIOVANNI
Cuidado personal,Maquillaje,Sombra Ojos 5 Verde Vegan 1 U,"2,55 € / 1 U","2,55 €",GIO GIOVANNI
Cuidado personal,Maquillaje,Sombra Ojos 5 Verde Vegan 1 U,"2,55 € / 1 U","2,55 €",GIO GIOVANNI
Cuidado personal,Maquillaje,Sombra Ojos 5 Verde Vegan 1 U,"2,55 € / 1 U","2,55 €",GIO GIOVANNI
Cuidado personal,Maquillaje,Sombra Ojos 5 Verde Vegan 1 U,"2,55 € / 1 U","2,55 €",GIO GIOVANNI
Cuidado personal,Maquillaje,Sombra Ojos 5 Verde Vegan 1 U,"2,55 € / 1 U","2,55 €",GIO GIOVANNI
Cuidado personal,Maquillaje,Sombra Ojos 5 Verde Vegan 1 U,"2,55 € / 1 U","2,55 €",GIO GIOVANNI
Cuidado personal,Maquillaje,Sombra Ojos 5 Verde Vegan 1 U,"2,55 € / 1 U","2,55 €",GIO GIOVANNI
Cuidado personal,Maquillaje,Sombra Ojos 5 Verde Vegan 1 U,"2,55 € / 1 U","2,55 €",GIO GIOVANNI
Cuidado personal,Maquillaje,Sombra Ojos 5 Verde Vegan 1 U,"2,55 € / 1 U","2,55 €",GIO GIOVANNI
Cuidado personal,Maquillaje,Spray Fijador Maquillaje Acabado Mate 80 ml,"6,24 € / 100 ml","4,99 €",GIO GIOVANNI
Cuidado personal,Maquillaje,Spray Fijador Maquillaje Acabado Mate 80 ml,"6,24 € / 100 ml","4,99 €",GIO GIOVANNI
Cuidado personal,Maquillaje,Spray Fijador Maquillaje Acabado Mate 80 ml,"6,24 € / 100 ml","4,99 €",GIO GIOVANNI
Cuidado personal,Maquillaje,Spray Fijador Maquillaje Acabado Mate 80 ml,"6,24 € / 100 ml","4,99 €",GIO GIOVANNI
Cuidado personal,Maquillaje,Spray Fijador Maquillaje Acabado Mate 80 ml,"6,24 € / 100 ml","4,99 €",GIO GIOVANNI
Cuidado personal,Maquillaje,Spray Fijador Maquillaje Acabado Mate 80 ml,"6,24 € / 100 ml","4,99 €",GIO GIOVANNI
Cuidado personal,Maquillaje,Spray Fijador Maquillaje Acabado Mate 80 ml,"6,24 € / 100 ml","4,99 €",GIO GIOVANNI
Cuidado personal,Maquillaje,Spray Fijador Maquillaje Acabado Mate 80 ml,"6,24 € / 100 ml","4,99 €",GIO GIOVANNI
Cuidado personal,Maquillaje,Spray Fijador Maquillaje Acabado Mate 80 ml,"6,24 € / 100 ml","4,99 €",GIO GIOVANNI
Cuidado personal,Maquillaje,Spray Fijador Maquillaje Acabado Mate 80 ml,"6,24 € / 100 ml","4,99 €",GIO GIOVANNI
Cuidado personal,Maquillaje,Spray Fijador Maquillaje Acabado Mate 80 ml,"6,24 € / 100 ml","4,99 €",GIO GIOVANNI
Cuidado personal,Maquillaje,Spray Fijador Maquillaje Acabado Mate 80 ml,"6,24 € / 100 ml","4,99 €",GIO GIOVANNI
Cuidado personal,Maquillaje,Spray Fijador Maquillaje Acabado Mate 80 ml,"6,24 € / 100 ml","4,99 €",GIO GIOVANNI
Cuidado personal,Maquillaje,Spray Fijador Maquillaje Acabado Mate 80 ml,"6,24 € / 100 ml","4,99 €",GIO GIOVANNI
Cuidado personal,Maquillaje,Spray Fijador Maquillaje Acabado Mate 80 ml,"6,24 € / 100 ml","4,99 €",GIO GIOVANNI
Cuidado personal,Maquillaje,Spray Fijador Maquillaje Acabado Mate 80 ml,"6,24 € / 100 ml","4,99 €",GIO GIOVANNI
Cuidado personal,Maquillaje,Spray Fijador Maquillaje Acabado Mate 80 ml,"6,24 € / 100 ml","4,99 €",GIO GIOVANNI
Cuidado personal,Maquillaje,Spray Fijador Maquillaje Acabado Mate 80 ml,"6,24 € / 100 ml","4,99 €",GIO GIOVANNI
Cuidado personal,Maquillaje,Spray Fijador Maquillaje Acabado Mate 80 ml,"6,24 € / 100 ml","4,99 €",GIO GIOVANNI
Cuidado personal,Maquillaje,Spray Fijador Maquillaje Acabado Mate 80 ml,"6,24 € / 100 ml","4,99 €",GIO GIOVANNI
Cuidado personal,Maquillaje,Laca Uñas Fast Gel 2 Vegana Secado Rápido 1 U,"2,99 € / 1 U","2,99 €",MAYBELLINE
Cuidado personal,Maquillaje,Laca Uñas Fast Gel 2 Vegana Secado Rápido 1 U,"2,99 € / 1 U","2,99 €",MAYBELLINE
Cuidado personal,Maquillaje,Laca Uñas Fast Gel 2 Vegana Secado Rápido 1 U,"2,99 € / 1 U","2,99 €",MAYBELLINE
Cuidado personal,Maquillaje,Laca Uñas Fast Gel 2 Vegana Secado Rápido 1 U,"2,99 € / 1 U","2,99 €",MAYBELLINE
Cuidado personal,Maquillaje,Laca Uñas Fast Gel 2 Vegana Secado Rápido 1 U,"2,99 € / 1 U","2,99 €",MAYBELLINE
Cuidado personal,Maquillaje,Laca Uñas Fast Gel 2 Vegana Secado Rápido 1 U,"2,99 € / 1 U","2,99 €",MAYBELLINE
Cuidado personal,Maquillaje,Laca Uñas Fast Gel 2 Vegana Secado Rápido 1 U,"2,99 € / 1 U","2,99 €",MAYBELLINE
Cuidado personal,Maquillaje,Laca Uñas Fast Gel 2 Vegana Secado Rápido 1 U,"2,99 € / 1 U","2,99 €",MAYBELLINE
Cuidado personal,Maquillaje,Laca Uñas Fast Gel 2 Vegana Secado Rápido 1 U,"2,99 € / 1 U","2,99 €",MAYBELLINE
Cuidado personal,Maquillaje,Laca Uñas Fast Gel 2 Vegana Secado Rápido 1 U,"2,99 € / 1 U","2,99 €",MAYBELLINE
Cuidado personal,Maquillaje,Laca Uñas Fast Gel 2 Vegana Secado Rápido 1 U,"2,99 € / 1 U","2,99 €",MAYBELLINE
Cuidado personal,Maquillaje,Laca Uñas Fast Gel 2 Vegana Secado Rápido 1 U,"2,99 € / 1 U","2,99 €",MAYBELLINE
Cuidado personal,Maquillaje,Laca Uñas Fast Gel 2 Vegana Secado Rápido 1 U,"2,99 € / 1 U","2,99 €",MAYBELLINE
Cuidado personal,Maquillaje,Laca Uñas Fast Gel 2 Vegana Secado Rápido 1 U,"2,99 € / 1 U","2,99 €",MAYBELLINE
Cuidado personal,Maquillaje,Laca Uñas Fast Gel 2 Vegana Secado Rápido 1 U,"2,99 € / 1 U","2,99 €",MAYBELLINE
Cuidado personal,Maquillaje,Laca Uñas Fast Gel 2 Vegana Secado Rápido 1 U,"2,99 € / 1 U","2,99 €",MAYBELLINE
Cuidado personal,Maquillaje,Laca Uñas Fast Gel 2 Vegana Secado Rápido 1 U,"2,99 € / 1 U","2,99 €",MAYBELLINE
Cuidado personal,Maquillaje,Laca Uñas Fast Gel 2 Vegana Secado Rápido 1 U,"2,99 € / 1 U","2,99 €",MAYBELLINE
Cuidado personal,Maquillaje,Laca Uñas Fast Gel 2 Vegana Secado Rápido 1 U,"2,99 € / 1 U","2,99 €",MAYBELLINE
Cuidado personal,Maquillaje,Laca Uñas Fast Gel 2 Vegana Secado Rápido 1 U,"2,99 € / 1 U","2,99 €",MAYBELLINE
Cuidado personal,Maquillaje,Labial Rum Rum Raisin 1 U,"12,50 € / 1 U","12,50 €",REVLON
Cuidado personal,Maquillaje,Labial Rum Rum Raisin 1 U,"12,50 € / 1 U","12,50 €",REVLON
Cuidado personal,Maquillaje,Labial Rum Rum Raisin 1 U,"12,50 € / 1 U","12,50 €",REVLON
Cuidado personal,Maquillaje,Labial Rum Rum Raisin 1 U,"12,50 € / 1 U","12,50 €",REVLON
Cuidado personal,Maquillaje,Labial Rum Rum Raisin 1 U,"12,50 € / 1 U","12,50 €",REVLON
Cuidado personal,Maquillaje,Labial Rum Rum Raisin 1 U,"12,50 € / 1 U","12,50 €",REVLON
Cuidado personal,Maquillaje,Labial Rum Rum Raisin 1 U,"12,50 € / 1 U","12,50 €",REVLON
Cuidado personal,Maquillaje,Labial Rum Rum Raisin 1 U,"12,50 € / 1 U","12,50 €",REVLON
Cuidado personal,Maquillaje,Labial Rum Rum Raisin 1 U,"12,50 € / 1 U","12,50 €",REVLON
Cuidado personal,Maquillaje,Labial Rum Rum Raisin 1 U,"12,50 € / 1 U","12,50 €",REVLON
Cuidado personal,Maquillaje,Labial Rum Rum Raisin 1 U,"12,50 € / 1 U","12,50 €",REVLON
Cuidado personal,Maquillaje,Labial Rum Rum Raisin 1 U,"12,50 € / 1 U","12,50 €",REVLON
Cuidado personal,Maquillaje,Labial Rum Rum Raisin 1 U,"12,50 € / 1 U","12,50 €",REVLON
Cuidado personal,Maquillaje,Labial Rum Rum Raisin 1 U,"12,50 € / 1 U","12,50 €",REVLON
Cuidado personal,Maquillaje,Labial Rum Rum Raisin 1 U,"12,50 € / 1 U","12,50 €",REVLON
Cuidado personal,Maquillaje,Labial Rum Rum Raisin 1 U,"12,50 € / 1 U","12,50 €",REVLON
Cuidado personal,Maquillaje,Labial Rum Rum Raisin 1 U,"12,50 € / 1 U","12,50 €",REVLON
Cuidado personal,Maquillaje,Labial Rum Rum Raisin 1 U,"12,50 € / 1 U","12,50 €",REVLON
Cuidado personal,Maquillaje,Labial Rum Rum Raisin 1 U,"12,50 € / 1 U","12,50 €",REVLON
Cuidado personal,Maquillaje,Labial Rum Rum Raisin 1 U,"12,50 € / 1 U","12,50 €",REVLON
Cuidado personal,Maquillaje,Maquillaje Mate Nº112 Fit Me 1 U,"7,49 € / 1 U","7,49 €",MAYBELLINE
Cuidado personal,Maquillaje,Maquillaje Mate Nº112 Fit Me 1 U,"7,49 € / 1 U","7,49 €",MAYBELLINE
Cuidado personal,Maquillaje,Maquillaje Mate Nº112 Fit Me 1 U,"7,49 € / 1 U","7,49 €",MAYBELLINE
Cuidado personal,Maquillaje,Maquillaje Mate Nº112 Fit Me 1 U,"7,49 € / 1 U","7,49 €",MAYBELLINE
Cuidado personal,Maquillaje,Maquillaje Mate Nº112 Fit Me 1 U,"7,49 € / 1 U","7,49 €",MAYBELLINE
Cuidado personal,Maquillaje,Maquillaje Mate Nº112 Fit Me 1 U,"7,49 € / 1 U","7,49 €",MAYBELLINE
Cuidado personal,Maquillaje,Maquillaje Mate Nº112 Fit Me 1 U,"7,49 € / 1 U","7,49 €",MAYBELLINE
Cuidado personal,Maquillaje,Maquillaje Mate Nº112 Fit Me 1 U,"7,49 € / 1 U","7,49 €",MAYBELLINE
Cuidado personal,Maquillaje,Maquillaje Mate Nº112 Fit Me 1 U,"7,49 € / 1 U","7,49 €",MAYBELLINE
Cuidado personal,Maquillaje,Maquillaje Mate Nº112 Fit Me 1 U,"7,49 € / 1 U","7,49 €",MAYBELLINE
Cuidado personal,Maquillaje,Maquillaje Mate Nº112 Fit Me 1 U,"7,49 € / 1 U","7,49 €",MAYBELLINE
Cuidado personal,Maquillaje,Maquillaje Mate Nº112 Fit Me 1 U,"7,49 € / 1 U","7,49 €",MAYBELLINE
Cuidado personal,Maquillaje,Maquillaje Mate Nº112 Fit Me 1 U,"7,49 € / 1 U","7,49 €",MAYBELLINE
Cuidado personal,Maquillaje,Maquillaje Mate Nº112 Fit Me 1 U,"7,49 € / 1 U","7,49 €",MAYBELLINE
Cuidado personal,Maquillaje,Maquillaje Mate Nº112 Fit Me 1 U,"7,49 € / 1 U","7,49 €",MAYBELLINE
Cuidado personal,Maquillaje,Maquillaje Mate Nº112 Fit Me 1 U,"7,49 € / 1 U","7,49 €",MAYBELLINE
Cuidado personal,Maquillaje,Maquillaje Mate Nº112 Fit Me 1 U,"7,49 € / 1 U","7,49 €",MAYBELLINE
Cuidado personal,Maquillaje,Maquillaje Mate Nº112 Fit Me 1 U,"7,49 € / 1 U","7,49 €",MAYBELLINE
Cuidado personal,Maquillaje,Maquillaje Mate Nº112 Fit Me 1 U,"7,49 € / 1 U","7,49 €",MAYBELLINE
Cuidado personal,Maquillaje,Maquillaje Mate Nº112 Fit Me 1 U,"7,49 € / 1 U","7,49 €",MAYBELLINE
Cuidado personal,Maquillaje,Quitaesmalte sin Acetona 200 ml,"0,60 € / 100 ml","1,20 €",KYREY
Cuidado personal,Maquillaje,Quitaesmalte sin Acetona 200 ml,"0,60 € / 100 ml","1,20 €",KYREY
Cuidado personal,Maquillaje,Quitaesmalte sin Acetona 200 ml,"0,60 € / 100 ml","1,20 €",KYREY
Cuidado personal,Maquillaje,Quitaesmalte sin Acetona 200 ml,"0,60 € / 100 ml","1,20 €",KYREY
Cuidado personal,Maquillaje,Quitaesmalte sin Acetona 200 ml,"0,60 € / 100 ml","1,20 €",KYREY
Cuidado personal,Maquillaje,Quitaesmalte sin Acetona 200 ml,"0,60 € / 100 ml","1,20 €",KYREY
Cuidado personal,Maquillaje,Quitaesmalte sin Acetona 200 ml,"0,60 € / 100 ml","1,20 €",KYREY
Cuidado personal,Maquillaje,Quitaesmalte sin Acetona 200 ml,"0,60 € / 100 ml","1,20 €",KYREY
Cuidado personal,Maquillaje,Quitaesmalte sin Acetona 200 ml,"0,60 € / 100 ml","1,20 €",KYREY
Cuidado personal,Depilación,Máquina Depilatoria 5H Intuition 1 U,"6,15 € / 1 U","6,15 €",WILKINSON
Cuidado personal,Depilación,Máquina Depilatoria 5H Intuition 1 U,"6,15 € / 1 U","6,15 €",WILKINSON
Cuidado personal,Depilación,Máquina Depilatoria 5H Intuition 1 U,"6,15 € / 1 U","6,15 €",WILKINSON
Cuidado personal,Depilación,Máquina Depilatoria 5H Intuition 1 U,"6,15 € / 1 U","6,15 €",WILKINSON
Cuidado personal,Depilación,Máquina Depilatoria 5H Intuition 1 U,"6,15 € / 1 U","6,15 €",WILKINSON
Cuidado personal,Depilación,Máquina Depilatoria 5H Intuition 1 U,"6,15 € / 1 U","6,15 €",WILKINSON
Cuidado personal,Depilación,Máquina Depilatoria 5H Intuition 1 U,"6,15 € / 1 U","6,15 €",WILKINSON
Cuidado personal,Depilación,Máquina Depilatoria 5H Intuition 1 U,"6,15 € / 1 U","6,15 €",WILKINSON
Cuidado personal,Depilación,Máquina Depilatoria 5H Intuition 1 U,"6,15 € / 1 U","6,15 €",WILKINSON
Cuidado personal,Depilación,Máquina Depilatoria 5H Intuition 1 U,"6,15 € / 1 U","6,15 €",WILKINSON
Cuidado personal,Depilación,Máquina Depilatoria 5H Intuition 1 U,"6,15 € / 1 U","6,15 €",WILKINSON
Cuidado personal,Depilación,Máquina Depilatoria 5H Intuition 1 U,"6,15 € / 1 U","6,15 €",WILKINSON
Cuidado personal,Depilación,Máquina Depilatoria 5H Intuition 1 U,"6,15 € / 1 U","6,15 €",WILKINSON
Cuidado personal,Depilación,Máquina Depilatoria 5H Intuition 1 U,"6,15 € / 1 U","6,15 €",WILKINSON
Cuidado personal,Depilación,Máquina Depilatoria 5H Intuition 1 U,"6,15 € / 1 U","6,15 €",WILKINSON
Cuidado personal,Depilación,Máquina Depilatoria 5H Intuition 1 U,"6,15 € / 1 U","6,15 €",WILKINSON
Cuidado personal,Depilación,Máquina Depilatoria 5H Intuition 1 U,"6,15 € / 1 U","6,15 €",WILKINSON
Cuidado personal,Depilación,Máquina Depilatoria 5H Intuition 1 U,"6,15 € / 1 U","6,15 €",WILKINSON
Cuidado personal,Depilación,Máquina Depilatoria 5H Intuition 1 U,"6,15 € / 1 U","6,15 €",WILKINSON
Cuidado personal,Depilación,Máquina Depilatoria 5H Intuition 1 U,"6,15 € / 1 U","6,15 €",WILKINSON
Cuidado personal,Depilación,Recambio Maquinilla Intuition 4 U,"2,50 € / 1 U","9,99 €",WILKINSON
Cuidado personal,Depilación,Recambio Maquinilla Intuition 4 U,"2,50 € / 1 U","9,99 €",WILKINSON
Cuidado personal,Depilación,Recambio Maquinilla Intuition 4 U,"2,50 € / 1 U","9,99 €",WILKINSON
Cuidado personal,Depilación,Recambio Maquinilla Intuition 4 U,"2,50 € / 1 U","9,99 €",WILKINSON
Cuidado personal,Depilación,Recambio Maquinilla Intuition 4 U,"2,50 € / 1 U","9,99 €",WILKINSON
Cuidado personal,Depilación,Recambio Maquinilla Intuition 4 U,"2,50 € / 1 U","9,99 €",WILKINSON
Cuidado personal,Depilación,Recambio Maquinilla Intuition 4 U,"2,50 € / 1 U","9,99 €",WILKINSON
Cuidado personal,Depilación,Recambio Maquinilla Intuition 4 U,"2,50 € / 1 U","9,99 €",WILKINSON
Cuidado personal,Depilación,Recambio Maquinilla Intuition 4 U,"2,50 € / 1 U","9,99 €",WILKINSON
Cuidado personal,Depilación,Recambio Maquinilla Intuition 4 U,"2,50 € / 1 U","9,99 €",WILKINSON
Cuidado personal,Depilación,Recambio Maquinilla Intuition 4 U,"2,50 € / 1 U","9,99 €",WILKINSON
Cuidado personal,Depilación,Recambio Maquinilla Intuition 4 U,"2,50 € / 1 U","9,99 €",WILKINSON
Cuidado personal,Depilación,Recambio Maquinilla Intuition 4 U,"2,50 € / 1 U","9,99 €",WILKINSON
Cuidado personal,Depilación,Recambio Maquinilla Intuition 4 U,"2,50 € / 1 U","9,99 €",WILKINSON
Cuidado personal,Depilación,Recambio Maquinilla Intuition 4 U,"2,50 € / 1 U","9,99 €",WILKINSON
Cuidado personal,Depilación,Recambio Maquinilla Intuition 4 U,"2,50 € / 1 U","9,99 €",WILKINSON
Cuidado personal,Depilación,Recambio Maquinilla Intuition 4 U,"2,50 € / 1 U","9,99 €",WILKINSON
Cuidado personal,Depilación,Recambio Maquinilla Intuition 4 U,"2,50 € / 1 U","9,99 €",WILKINSON
Cuidado personal,Colonias y perfumes,Colonia Masculina Nº66 150 ml,"7,30 € / 100 ml","10,95 €",CARAVAN
Cuidado personal,Colonias y perfumes,Colonia Masculina Nº66 150 ml,"7,30 € / 100 ml","10,95 €",CARAVAN
Cuidado personal,Colonias y perfumes,Colonia Masculina Nº66 150 ml,"7,30 € / 100 ml","10,95 €",CARAVAN
Cuidado personal,Colonias y perfumes,Colonia Masculina Nº66 150 ml,"7,30 € / 100 ml","10,95 €",CARAVAN
Cuidado personal,Colonias y perfumes,Colonia Masculina Nº66 150 ml,"7,30 € / 100 ml","10,95 €",CARAVAN
Cuidado personal,Colonias y perfumes,Colonia Masculina Nº66 150 ml,"7,30 € / 100 ml","10,95 €",CARAVAN
Cuidado personal,Colonias y perfumes,Colonia Masculina Nº66 150 ml,"7,30 € / 100 ml","10,95 €",CARAVAN
Cuidado personal,Colonias y perfumes,Colonia Masculina Nº66 150 ml,"7,30 € / 100 ml","10,95 €",CARAVAN
Cuidado personal,Colonias y perfumes,Colonia Masculina Nº66 150 ml,"7,30 € / 100 ml","10,95 €",CARAVAN
Cuidado personal,Colonias y perfumes,Colonia Masculina Nº66 150 ml,"7,30 € / 100 ml","10,95 €",CARAVAN
Cuidado personal,Colonias y perfumes,Colonia Masculina Nº66 150 ml,"7,30 € / 100 ml","10,95 €",CARAVAN
Cuidado personal,Colonias y perfumes,Colonia Masculina Nº66 150 ml,"7,30 € / 100 ml","10,95 €",CARAVAN
Cuidado personal,Colonias y perfumes,Colonia Masculina Nº66 150 ml,"7,30 € / 100 ml","10,95 €",CARAVAN
Cuidado personal,Colonias y perfumes,Colonia Masculina Nº66 150 ml,"7,30 € / 100 ml","10,95 €",CARAVAN
Cuidado personal,Colonias y perfumes,Colonia Masculina Nº66 150 ml,"7,30 € / 100 ml","10,95 €",CARAVAN
Cuidado personal,Colonias y perfumes,Colonia Masculina Nº66 150 ml,"7,30 € / 100 ml","10,95 €",CARAVAN
Cuidado personal,Colonias y perfumes,Colonia Masculina Nº66 150 ml,"7,30 € / 100 ml","10,95 €",CARAVAN
Cuidado personal,Colonias y perfumes,Colonia Masculina Nº66 150 ml,"7,30 € / 100 ml","10,95 €",CARAVAN
Cuidado personal,Colonias y perfumes,Colonia Masculina Nº66 150 ml,"7,30 € / 100 ml","10,95 €",CARAVAN
Cuidado personal,Colonias y perfumes,Colonia Masculina Nº66 150 ml,"7,30 € / 100 ml","10,95 €",CARAVAN
Cuidado personal,Colonias y perfumes,Colonia Femenina Nº9 150 ml,"7,30 € / 100 ml","10,95 €",CARAVAN
Cuidado personal,Colonias y perfumes,Colonia Femenina Nº9 150 ml,"7,30 € / 100 ml","10,95 €",CARAVAN
Cuidado personal,Colonias y perfumes,Colonia Femenina Nº9 150 ml,"7,30 € / 100 ml","10,95 €",CARAVAN
Cuidado personal,Colonias y perfumes,Colonia Femenina Nº9 150 ml,"7,30 € / 100 ml","10,95 €",CARAVAN
Cuidado personal,Colonias y perfumes,Colonia Femenina Nº9 150 ml,"7,30 € / 100 ml","10,95 €",CARAVAN
Cuidado personal,Colonias y perfumes,Colonia Femenina Nº9 150 ml,"7,30 € / 100 ml","10,95 €",CARAVAN
Cuidado personal,Colonias y perfumes,Colonia Femenina Nº9 150 ml,"7,30 € / 100 ml","10,95 €",CARAVAN
Cuidado personal,Colonias y perfumes,Colonia Femenina Nº9 150 ml,"7,30 € / 100 ml","10,95 €",CARAVAN
Cuidado personal,Colonias y perfumes,Colonia Femenina Nº9 150 ml,"7,30 € / 100 ml","10,95 €",CARAVAN
Cuidado personal,Colonias y perfumes,Colonia Femenina Nº9 150 ml,"7,30 € / 100 ml","10,95 €",CARAVAN
Cuidado personal,Colonias y perfumes,Colonia Femenina Nº9 150 ml,"7,30 € / 100 ml","10,95 €",CARAVAN
Cuidado personal,Colonias y perfumes,Colonia Femenina Nº9 150 ml,"7,30 € / 100 ml","10,95 €",CARAVAN
Cuidado personal,Colonias y perfumes,Colonia Femenina Nº9 150 ml,"7,30 € / 100 ml","10,95 €",CARAVAN
Cuidado personal,Colonias y perfumes,Colonia Femenina Nº9 150 ml,"7,30 € / 100 ml","10,95 €",CARAVAN
Cuidado personal,Colonias y perfumes,Colonia Femenina Nº9 150 ml,"7,30 € / 100 ml","10,95 €",CARAVAN
Cuidado personal,Colonias y perfumes,Colonia Femenina Nº9 150 ml,"7,30 € / 100 ml","10,95 €",CARAVAN
Cuidado personal,Colonias y perfumes,Colonia Femenina Nº9 150 ml,"7,30 € / 100 ml","10,95 €",CARAVAN
Cuidado personal,Colonias y perfumes,Colonia Femenina Nº9 150 ml,"7,30 € / 100 ml","10,95 €",CARAVAN
Cuidado personal,Colonias y perfumes,Colonia Femenina Nº9 150 ml,"7,30 € / 100 ml","10,95 €",CARAVAN
Cuidado personal,Colonias y perfumes,Colonia Femenina Nº9 150 ml,"7,30 € / 100 ml","10,95 €",CARAVAN
Cuidado personal,Colonias y perfumes,Colonia Femenina Nº43 150 ml,"7,30 € / 100 ml","10,95 €",CARAVAN
Cuidado personal,Colonias y perfumes,Colonia Femenina Nº43 150 ml,"7,30 € / 100 ml","10,95 €",CARAVAN
Cuidado personal,Colonias y perfumes,Colonia Femenina Nº43 150 ml,"7,30 € / 100 ml","10,95 €",CARAVAN
Cuidado personal,Colonias y perfumes,Colonia Femenina Nº43 150 ml,"7,30 € / 100 ml","10,95 €",CARAVAN
Cuidado personal,Colonias y perfumes,Colonia Femenina Nº43 150 ml,"7,30 € / 100 ml","10,95 €",CARAVAN
Cuidado personal,Colonias y perfumes,Colonia Femenina Nº43 150 ml,"7,30 € / 100 ml","10,95 €",CARAVAN
Cuidado personal,Colonias y perfumes,Colonia Femenina Nº43 150 ml,"7,30 € / 100 ml","10,95 €",CARAVAN
Cuidado personal,Colonias y perfumes,Colonia Femenina Nº43 150 ml,"7,30 € / 100 ml","10,95 €",CARAVAN
Cuidado personal,Colonias y perfumes,Colonia Femenina Nº43 150 ml,"7,30 € / 100 ml","10,95 €",CARAVAN
Cuidado personal,Colonias y perfumes,Colonia Femenina Nº43 150 ml,"7,30 € / 100 ml","10,95 €",CARAVAN
Cuidado personal,Colonias y perfumes,Colonia Femenina Nº43 150 ml,"7,30 € / 100 ml","10,95 €",CARAVAN
Cuidado personal,Colonias y perfumes,Colonia Femenina Nº43 150 ml,"7,30 € / 100 ml","10,95 €",CARAVAN
Cuidado personal,Colonias y perfumes,Colonia Femenina Nº43 150 ml,"7,30 € / 100 ml","10,95 €",CARAVAN
Cuidado personal,Colonias y perfumes,Colonia Femenina Nº43 150 ml,"7,30 € / 100 ml","10,95 €",CARAVAN
Cuidado personal,Colonias y perfumes,Colonia Femenina Nº43 150 ml,"7,30 € / 100 ml","10,95 €",CARAVAN
Cuidado personal,Colonias y perfumes,Colonia Femenina Nº43 150 ml,"7,30 € / 100 ml","10,95 €",CARAVAN
Cuidado personal,Colonias y perfumes,Colonia Femenina Nº43 150 ml,"7,30 € / 100 ml","10,95 €",CARAVAN
Cuidado personal,Colonias y perfumes,Colonia Femenina Nº43 150 ml,"7,30 € / 100 ml","10,95 €",CARAVAN
Cuidado personal,Colonias y perfumes,Colonia Femenina Nº43 150 ml,"7,30 € / 100 ml","10,95 €",CARAVAN
Cuidado personal,Colonias y perfumes,Colonia Femenina Nº43 150 ml,"7,30 € / 100 ml","10,95 €",CARAVAN
Cuidado personal,Colonias y perfumes,Colonia Masculina Nº19 150 ml,"7,30 € / 100 ml","10,95 €",CARAVAN
Cuidado personal,Colonias y perfumes,Colonia Masculina Nº19 150 ml,"7,30 € / 100 ml","10,95 €",CARAVAN
Cuidado personal,Colonias y perfumes,Colonia Masculina Nº19 150 ml,"7,30 € / 100 ml","10,95 €",CARAVAN
Cuidado personal,Colonias y perfumes,Colonia Masculina Nº19 150 ml,"7,30 € / 100 ml","10,95 €",CARAVAN
Cuidado personal,Colonias y perfumes,Colonia Masculina Nº19 150 ml,"7,30 € / 100 ml","10,95 €",CARAVAN
Cuidado personal,Colonias y perfumes,Colonia Masculina Nº19 150 ml,"7,30 € / 100 ml","10,95 €",CARAVAN
Cuidado personal,Colonias y perfumes,Colonia Masculina Nº19 150 ml,"7,30 € / 100 ml","10,95 €",CARAVAN
Cuidado personal,Colonias y perfumes,Colonia Masculina Nº19 150 ml,"7,30 € / 100 ml","10,95 €",CARAVAN
Cuidado personal,Colonias y perfumes,Colonia Masculina Nº19 150 ml,"7,30 € / 100 ml","10,95 €",CARAVAN
Cuidado personal,Colonias y perfumes,Colonia Masculina Nº19 150 ml,"7,30 € / 100 ml","10,95 €",CARAVAN
Cuidado personal,Colonias y perfumes,Colonia Masculina Nº19 150 ml,"7,30 € / 100 ml","10,95 €",CARAVAN
Cuidado personal,Colonias y perfumes,Colonia Masculina Nº19 150 ml,"7,30 € / 100 ml","10,95 €",CARAVAN
Cuidado personal,Colonias y perfumes,Colonia Masculina Nº19 150 ml,"7,30 € / 100 ml","10,95 €",CARAVAN
Cuidado personal,Colonias y perfumes,Colonia Masculina Nº19 150 ml,"7,30 € / 100 ml","10,95 €",CARAVAN
Cuidado personal,Colonias y perfumes,Colonia Masculina Nº19 150 ml,"7,30 € / 100 ml","10,95 €",CARAVAN
Cuidado personal,Colonias y perfumes,Colonia Masculina Nº19 150 ml,"7,30 € / 100 ml","10,95 €",CARAVAN
Cuidado personal,Colonias y perfumes,Colonia Masculina Nº19 150 ml,"7,30 € / 100 ml","10,95 €",CARAVAN
Cuidado personal,Colonias y perfumes,Colonia Masculina Nº19 150 ml,"7,30 € / 100 ml","10,95 €",CARAVAN
Cuidado personal,Colonias y perfumes,Colonia Masculina Nº19 150 ml,"7,30 € / 100 ml","10,95 €",CARAVAN
Cuidado personal,Colonias y perfumes,Colonia Masculina Nº19 150 ml,"7,30 € / 100 ml","10,95 €",CARAVAN
Cuidado personal,Colonias y perfumes,Colonia Mujer Vaporizador 200 ml,"4,98 € / 100 ml","9,95 €",AZUR DE PUIG
Cuidado personal,Colonias y perfumes,Colonia Mujer Vaporizador 200 ml,"4,98 € / 100 ml","9,95 €",AZUR DE PUIG
Cuidado personal,Colonias y perfumes,Colonia Mujer Vaporizador 200 ml,"4,98 € / 100 ml","9,95 €",AZUR DE PUIG
Cuidado personal,Colonias y perfumes,Colonia Mujer Vaporizador 200 ml,"4,98 € / 100 ml","9,95 €",AZUR DE PUIG
Cuidado personal,Colonias y perfumes,Colonia Mujer Vaporizador 200 ml,"4,98 € / 100 ml","9,95 €",AZUR DE PUIG
Cuidado personal,Colonias y perfumes,Colonia Mujer Vaporizador 200 ml,"4,98 € / 100 ml","9,95 €",AZUR DE PUIG
Cuidado personal,Colonias y perfumes,Colonia Mujer Vaporizador 200 ml,"4,98 € / 100 ml","9,95 €",AZUR DE PUIG
Cuidado personal,Colonias y perfumes,Colonia Mujer Vaporizador 200 ml,"4,98 € / 100 ml","9,95 €",AZUR DE PUIG
Cuidado personal,Colonias y perfumes,Colonia Mujer Vaporizador 200 ml,"4,98 € / 100 ml","9,95 €",AZUR DE PUIG
Cuidado personal,Colonias y perfumes,Colonia Mujer Vaporizador 200 ml,"4,98 € / 100 ml","9,95 €",AZUR DE PUIG
Cuidado personal,Colonias y perfumes,Colonia Mujer Vaporizador 200 ml,"4,98 € / 100 ml","9,95 €",AZUR DE PUIG
Cuidado personal,Colonias y perfumes,Colonia Mujer Vaporizador 200 ml,"4,98 € / 100 ml","9,95 €",AZUR DE PUIG
Cuidado personal,Colonias y perfumes,Colonia Mujer Vaporizador 200 ml,"4,98 € / 100 ml","9,95 €",AZUR DE PUIG
Cuidado personal,Colonias y perfumes,Colonia Mujer Vaporizador 200 ml,"4,98 € / 100 ml","9,95 €",AZUR DE PUIG
Cuidado personal,Colonias y perfumes,Colonia Mujer Vaporizador 200 ml,"4,98 € / 100 ml","9,95 €",AZUR DE PUIG
Cuidado personal,Colonias y perfumes,Colonia Mujer Vaporizador 200 ml,"4,98 € / 100 ml","9,95 €",AZUR DE PUIG
Cuidado personal,Colonias y perfumes,Colonia Mujer Vaporizador 200 ml,"4,98 € / 100 ml","9,95 €",AZUR DE PUIG
Cuidado personal,Colonias y perfumes,Colonia Mujer Vaporizador 200 ml,"4,98 € / 100 ml","9,95 €",AZUR DE PUIG
Cuidado personal,Colonias y perfumes,Colonia Mujer Vaporizador 200 ml,"4,98 € / 100 ml","9,95 €",AZUR DE PUIG
Cuidado personal,Colonias y perfumes,Colonia Mujer Vaporizador 200 ml,"4,98 € / 100 ml","9,95 €",AZUR DE PUIG
Cuidado personal,Colonias y perfumes,Colonia Mini Mujer Nº28 30 ml,"11,67 € / 100 ml","3,50 €",CARAVAN
Cuidado personal,Colonias y perfumes,Colonia Mini Mujer Nº28 30 ml,"11,67 € / 100 ml","3,50 €",CARAVAN
Cuidado personal,Colonias y perfumes,Colonia Mini Mujer Nº28 30 ml,"11,67 € / 100 ml","3,50 €",CARAVAN
Cuidado personal,Colonias y perfumes,Colonia Mini Mujer Nº28 30 ml,"11,67 € / 100 ml","3,50 €",CARAVAN
Cuidado personal,Colonias y perfumes,Colonia Mini Mujer Nº28 30 ml,"11,67 € / 100 ml","3,50 €",CARAVAN
Cuidado personal,Colonias y perfumes,Colonia Mini Mujer Nº28 30 ml,"11,67 € / 100 ml","3,50 €",CARAVAN
Cuidado personal,Colonias y perfumes,Colonia Mini Mujer Nº28 30 ml,"11,67 € / 100 ml","3,50 €",CARAVAN
Cuidado personal,Colonias y perfumes,Colonia Mini Mujer Nº28 30 ml,"11,67 € / 100 ml","3,50 €",CARAVAN
Cuidado personal,Colonias y perfumes,Colonia Mini Mujer Nº28 30 ml,"11,67 € / 100 ml","3,50 €",CARAVAN
Cuidado personal,Colonias y perfumes,Colonia Mini Mujer Nº28 30 ml,"11,67 € / 100 ml","3,50 €",CARAVAN
Cuidado personal,Colonias y perfumes,Colonia Mini Mujer Nº28 30 ml,"11,67 € / 100 ml","3,50 €",CARAVAN
Cuidado personal,Colonias y perfumes,Colonia Mini Mujer Nº28 30 ml,"11,67 € / 100 ml","3,50 €",CARAVAN
Cuidado personal,Colonias y perfumes,Colonia Mini Mujer Nº28 30 ml,"11,67 € / 100 ml","3,50 €",CARAVAN
Cuidado personal,Colonias y perfumes,Colonia Mini Mujer Nº28 30 ml,"11,67 € / 100 ml","3,50 €",CARAVAN
Cuidado personal,Colonias y perfumes,Colonia Mini Mujer Nº28 30 ml,"11,67 € / 100 ml","3,50 €",CARAVAN
Cuidado personal,Colonias y perfumes,Colonia Mini Mujer Nº28 30 ml,"11,67 € / 100 ml","3,50 €",CARAVAN
Cuidado personal,Colonias y perfumes,Colonia Mini Mujer Nº28 30 ml,"11,67 € / 100 ml","3,50 €",CARAVAN
Cuidado personal,Colonias y perfumes,Colonia Mini Mujer Nº28 30 ml,"11,67 € / 100 ml","3,50 €",CARAVAN
Cuidado personal,Colonias y perfumes,Colonia Mini Mujer Nº28 30 ml,"11,67 € / 100 ml","3,50 €",CARAVAN
Cuidado personal,Colonias y perfumes,Colonia Mini Mujer Nº28 30 ml,"11,67 € / 100 ml","3,50 €",CARAVAN
Cuidado personal,Colonias y perfumes,Body Spray Citronela 150 ml,"1,30 € / 100 ml","1,95 €",LAISEVEN
Cuidado personal,Colonias y perfumes,Body Spray Citronela 150 ml,"1,30 € / 100 ml","1,95 €",LAISEVEN
Cuidado personal,Colonias y perfumes,Body Spray Citronela 150 ml,"1,30 € / 100 ml","1,95 €",LAISEVEN
Cuidado personal,Colonias y perfumes,Body Spray Citronela 150 ml,"1,30 € / 100 ml","1,95 €",LAISEVEN
Cuidado personal,Colonias y perfumes,Body Spray Citronela 150 ml,"1,30 € / 100 ml","1,95 €",LAISEVEN
Cuidado personal,Colonias y perfumes,Body Spray Citronela 150 ml,"1,30 € / 100 ml","1,95 €",LAISEVEN
Cuidado personal,Colonias y perfumes,Body Spray Citronela 150 ml,"1,30 € / 100 ml","1,95 €",LAISEVEN
Cuidado personal,Colonias y perfumes,Body Spray Citronela 150 ml,"1,30 € / 100 ml","1,95 €",LAISEVEN
Cuidado personal,Colonias y perfumes,Body Spray Citronela 150 ml,"1,30 € / 100 ml","1,95 €",LAISEVEN
Cuidado personal,Colonias y perfumes,Body Spray Citronela 150 ml,"1,30 € / 100 ml","1,95 €",LAISEVEN
Cuidado personal,Colonias y perfumes,Body Spray Citronela 150 ml,"1,30 € / 100 ml","1,95 €",LAISEVEN
Cuidado personal,Colonias y perfumes,Body Spray Citronela 150 ml,"1,30 € / 100 ml","1,95 €",LAISEVEN
Cuidado personal,Colonias y perfumes,Body Spray Citronela 150 ml,"1,30 € / 100 ml","1,95 €",LAISEVEN
Cuidado personal,Colonias y perfumes,Body Spray Citronela 150 ml,"1,30 € / 100 ml","1,95 €",LAISEVEN
Cuidado personal,Colonias y perfumes,Body Spray Citronela 150 ml,"1,30 € / 100 ml","1,95 €",LAISEVEN
Cuidado personal,Colonias y perfumes,Body Spray Citronela 150 ml,"1,30 € / 100 ml","1,95 €",LAISEVEN
Cuidado personal,Colonias y perfumes,Body Spray Citronela 150 ml,"1,30 € / 100 ml","1,95 €",LAISEVEN
Cuidado personal,Colonias y perfumes,Body Spray Citronela 150 ml,"1,30 € / 100 ml","1,95 €",LAISEVEN
Cuidado personal,Colonias y perfumes,Body Spray Citronela 150 ml,"1,30 € / 100 ml","1,95 €",LAISEVEN
Cuidado personal,Colonias y perfumes,Body Spray Citronela 150 ml,"1,30 € / 100 ml","1,95 €",LAISEVEN
Cuidado personal,Colonias y perfumes,Colonia Pret a Porter Original 50 ml,"12,20 € / 100 ml","6,10 €",PRET A PORTE
Cuidado personal,Colonias y perfumes,Colonia Pret a Porter Original 50 ml,"12,20 € / 100 ml","6,10 €",PRET A PORTE
Cuidado personal,Colonias y perfumes,Colonia Pret a Porter Original 50 ml,"12,20 € / 100 ml","6,10 €",PRET A PORTE
Cuidado personal,Colonias y perfumes,Colonia Pret a Porter Original 50 ml,"12,20 € / 100 ml","6,10 €",PRET A PORTE
Cuidado personal,Colonias y perfumes,Colonia Pret a Porter Original 50 ml,"12,20 € / 100 ml","6,10 €",PRET A PORTE
Cuidado personal,Colonias y perfumes,Colonia Pret a Porter Original 50 ml,"12,20 € / 100 ml","6,10 €",PRET A PORTE
Cuidado personal,Colonias y perfumes,Colonia Pret a Porter Original 50 ml,"12,20 € / 100 ml","6,10 €",PRET A PORTE
Cuidado personal,Colonias y perfumes,Colonia Pret a Porter Original 50 ml,"12,20 € / 100 ml","6,10 €",PRET A PORTE
Cuidado personal,Colonias y perfumes,Colonia Pret a Porter Original 50 ml,"12,20 € / 100 ml","6,10 €",PRET A PORTE
Cuidado personal,Colonias y perfumes,Colonia Pret a Porter Original 50 ml,"12,20 € / 100 ml","6,10 €",PRET A PORTE
Cuidado personal,Colonias y perfumes,Colonia Pret a Porter Original 50 ml,"12,20 € / 100 ml","6,10 €",PRET A PORTE
Cuidado personal,Colonias y perfumes,Colonia Pret a Porter Original 50 ml,"12,20 € / 100 ml","6,10 €",PRET A PORTE
Cuidado personal,Colonias y perfumes,Colonia Pret a Porter Original 50 ml,"12,20 € / 100 ml","6,10 €",PRET A PORTE
Cuidado personal,Colonias y perfumes,Colonia Pret a Porter Original 50 ml,"12,20 € / 100 ml","6,10 €",PRET A PORTE
Cuidado personal,Colonias y perfumes,Colonia Pret a Porter Original 50 ml,"12,20 € / 100 ml","6,10 €",PRET A PORTE
Cuidado personal,Colonias y perfumes,Colonia Pret a Porter Original 50 ml,"12,20 € / 100 ml","6,10 €",PRET A PORTE
Cuidado personal,Colonias y perfumes,Colonia Pret a Porter Original 50 ml,"12,20 € / 100 ml","6,10 €",PRET A PORTE
Cuidado personal,Colonias y perfumes,Colonia Pret a Porter Original 50 ml,"12,20 € / 100 ml","6,10 €",PRET A PORTE
Cuidado personal,Colonias y perfumes,Colonia Pret a Porter Original 50 ml,"12,20 € / 100 ml","6,10 €",PRET A PORTE
Cuidado personal,Colonias y perfumes,Colonia Pret a Porter Original 50 ml,"12,20 € / 100 ml","6,10 €",PRET A PORTE
Cuidado personal,Colonias y perfumes,Gel Champú Infantil Super Mario 475 ml,"0,52 € / 100 ml","2,45 €",LORENAY
Cuidado personal,Colonias y perfumes,Gel Champú Infantil Super Mario 475 ml,"0,52 € / 100 ml","2,45 €",LORENAY
Cuidado personal,Colonias y perfumes,Gel Champú Infantil Super Mario 475 ml,"0,52 € / 100 ml","2,45 €",LORENAY
Cuidado personal,Colonias y perfumes,Gel Champú Infantil Super Mario 475 ml,"0,52 € / 100 ml","2,45 €",LORENAY
Cuidado personal,Accesorios y complementos,Pinza Punta Oblicua 1 U,"2,00 € / 1 U","2,00 €",KYREY
Cuidado personal,Accesorios y complementos,Pinza Punta Oblicua 1 U,"2,00 € / 1 U","2,00 €",KYREY
Cuidado personal,Accesorios y complementos,Pinza Punta Oblicua 1 U,"2,00 € / 1 U","2,00 €",KYREY
Cuidado personal,Accesorios y complementos,Pinza Punta Oblicua 1 U,"2,00 € / 1 U","2,00 €",KYREY
Cuidado personal,Accesorios y complementos,Pinza Punta Oblicua 1 U,"2,00 € / 1 U","2,00 €",KYREY
Cuidado personal,Accesorios y complementos,Pinza Punta Oblicua 1 U,"2,00 € / 1 U","2,00 €",KYREY
Cuidado personal,Accesorios y complementos,Pinza Punta Oblicua 1 U,"2,00 € / 1 U","2,00 €",KYREY
Cuidado personal,Accesorios y complementos,Pinza Punta Oblicua 1 U,"2,00 € / 1 U","2,00 €",KYREY
Cuidado personal,Accesorios y complementos,Pinza Punta Oblicua 1 U,"2,00 € / 1 U","2,00 €",KYREY
Cuidado personal,Accesorios y complementos,Pinza Punta Oblicua 1 U,"2,00 € / 1 U","2,00 €",KYREY
Cuidado personal,Accesorios y complementos,Pinza Punta Oblicua 1 U,"2,00 € / 1 U","2,00 €",KYREY
Cuidado personal,Accesorios y complementos,Pinza Punta Oblicua 1 U,"2,00 € / 1 U","2,00 €",KYREY
Cuidado personal,Accesorios y complementos,Pinza Punta Oblicua 1 U,"2,00 € / 1 U","2,00 €",KYREY
Cuidado personal,Accesorios y complementos,Pinza Punta Oblicua 1 U,"2,00 € / 1 U","2,00 €",KYREY
Cuidado personal,Accesorios y complementos,Pinza Punta Oblicua 1 U,"2,00 € / 1 U","2,00 €",KYREY
Cuidado personal,Accesorios y complementos,Pinza Punta Oblicua 1 U,"2,00 € / 1 U","2,00 €",KYREY
Cuidado personal,Accesorios y complementos,Pinza Punta Oblicua 1 U,"2,00 € / 1 U","2,00 €",KYREY
Cuidado personal,Accesorios y complementos,Pinza Punta Oblicua 1 U,"2,00 € / 1 U","2,00 €",KYREY
Cuidado personal,Accesorios y complementos,Pinza Punta Oblicua 1 U,"2,00 € / 1 U","2,00 €",KYREY
Cuidado personal,Accesorios y complementos,Pinza Punta Oblicua 1 U,"2,00 € / 1 U","2,00 €",KYREY
Cuidado personal,Accesorios y complementos,Neceser Caballero 1 U,"6,59 € / 1 U","6,59 €",PONETTE
Cuidado personal,Accesorios y complementos,Neceser Caballero 1 U,"6,59 € / 1 U","6,59 €",PONETTE
Cuidado personal,Accesorios y complementos,Neceser Caballero 1 U,"6,59 € / 1 U","6,59 €",PONETTE
Cuidado personal,Accesorios y complementos,Neceser Caballero 1 U,"6,59 € / 1 U","6,59 €",PONETTE
Cuidado personal,Accesorios y complementos,Neceser Caballero 1 U,"6,59 € / 1 U","6,59 €",PONETTE
Cuidado personal,Accesorios y complementos,Neceser Caballero 1 U,"6,59 € / 1 U","6,59 €",PONETTE
Cuidado personal,Accesorios y complementos,Neceser Caballero 1 U,"6,59 € / 1 U","6,59 €",PONETTE
Cuidado personal,Accesorios y complementos,Neceser Caballero 1 U,"6,59 € / 1 U","6,59 €",PONETTE
Cuidado personal,Accesorios y complementos,Neceser Caballero 1 U,"6,59 € / 1 U","6,59 €",PONETTE
Cuidado personal,Accesorios y complementos,Neceser Caballero 1 U,"6,59 € / 1 U","6,59 €",PONETTE
Cuidado personal,Accesorios y complementos,Neceser Caballero 1 U,"6,59 € / 1 U","6,59 €",PONETTE
Cuidado personal,Accesorios y complementos,Neceser Caballero 1 U,"6,59 € / 1 U","6,59 €",PONETTE
Cuidado personal,Accesorios y complementos,Neceser Caballero 1 U,"6,59 € / 1 U","6,59 €",PONETTE
Cuidado personal,Accesorios y complementos,Neceser Caballero 1 U,"6,59 € / 1 U","6,59 €",PONETTE
Cuidado personal,Accesorios y complementos,Neceser Caballero 1 U,"6,59 € / 1 U","6,59 €",PONETTE
Cuidado personal,Accesorios y complementos,Neceser Caballero 1 U,"6,59 € / 1 U","6,59 €",PONETTE
Cuidado personal,Accesorios y complementos,Neceser Caballero 1 U,"6,59 € / 1 U","6,59 €",PONETTE
Cuidado personal,Accesorios y complementos,Neceser Caballero 1 U,"6,59 € / 1 U","6,59 €",PONETTE
Cuidado personal,Accesorios y complementos,Neceser Caballero 1 U,"6,59 € / 1 U","6,59 €",PONETTE
Cuidado personal,Accesorios y complementos,Neceser Caballero 1 U,"6,59 € / 1 U","6,59 €",PONETTE
Cuidado personal,Accesorios y complementos,Esponja Extrasuave Bebé 1 U,"0,90 € / 1 U","0,90 €",CONSUM KIDS
Cuidado personal,Accesorios y complementos,Esponja Extrasuave Bebé 1 U,"0,90 € / 1 U","0,90 €",CONSUM KIDS
Cuidado personal,Accesorios y complementos,Esponja Extrasuave Bebé 1 U,"0,90 € / 1 U","0,90 €",CONSUM KIDS
Cuidado personal,Accesorios y complementos,Esponja Extrasuave Bebé 1 U,"0,90 € / 1 U","0,90 €",CONSUM KIDS
Cuidado personal,Accesorios y complementos,Esponja Extrasuave Bebé 1 U,"0,90 € / 1 U","0,90 €",CONSUM KIDS
Cuidado personal,Accesorios y complementos,Esponja Extrasuave Bebé 1 U,"0,90 € / 1 U","0,90 €",CONSUM KIDS
Cuidado personal,Accesorios y complementos,Esponja Extrasuave Bebé 1 U,"0,90 € / 1 U","0,90 €",CONSUM KIDS
Cuidado personal,Accesorios y complementos,Esponja Extrasuave Bebé 1 U,"0,90 € / 1 U","0,90 €",CONSUM KIDS
Cuidado personal,Accesorios y complementos,Esponja Extrasuave Bebé 1 U,"0,90 € / 1 U","0,90 €",CONSUM KIDS
Cuidado personal,Parafarmacia,Champú Arbol de Té 400 ml,"0,71 € / 100 ml","3,55 €
2,85 €",ANIAN
Cuidado personal,Parafarmacia,Champú Arbol de Té 400 ml,"0,71 € / 100 ml","3,55 €
2,85 €",ANIAN
Cuidado personal,Parafarmacia,Champú Arbol de Té 400 ml,"0,71 € / 100 ml","3,55 €
2,85 €",ANIAN
Cuidado personal,Parafarmacia,Champú Arbol de Té 400 ml,"0,71 € / 100 ml","3,55 €
2,85 €",ANIAN
Cuidado personal,Parafarmacia,Champú Arbol de Té 400 ml,"0,71 € / 100 ml","3,55 €
2,85 €",ANIAN
Cuidado personal,Parafarmacia,Champú Arbol de Té 400 ml,"0,71 € / 100 ml","3,55 €
2,85 €",ANIAN
Cuidado personal,Parafarmacia,Champú Arbol de Té 400 ml,"0,71 € / 100 ml","3,55 €
2,85 €",ANIAN
Cuidado personal,Parafarmacia,Champú Arbol de Té 400 ml,"0,71 € / 100 ml","3,55 €
2,85 €",ANIAN
Cuidado personal,Parafarmacia,Champú Arbol de Té 400 ml,"0,71 € / 100 ml","3,55 €
2,85 €",ANIAN
Cuidado personal,Parafarmacia,Champú Arbol de Té 400 ml,"0,71 € / 100 ml","3,55 €
2,85 €",ANIAN
Cuidado personal,Parafarmacia,Champú Arbol de Té 400 ml,"0,71 € / 100 ml","3,55 €
2,85 €",ANIAN
Cuidado personal,Parafarmacia,Champú Arbol de Té 400 ml,"0,71 € / 100 ml","3,55 €
2,85 €",ANIAN
Cuidado personal,Parafarmacia,Champú Arbol de Té 400 ml,"0,71 € / 100 ml","3,55 €
2,85 €",ANIAN
Cuidado personal,Parafarmacia,Champú Arbol de Té 400 ml,"0,71 € / 100 ml","3,55 €
2,85 €",ANIAN
Cuidado personal,Parafarmacia,Champú Arbol de Té 400 ml,"0,71 € / 100 ml","3,55 €
2,85 €",ANIAN
Cuidado personal,Parafarmacia,Champú Arbol de Té 400 ml,"0,71 € / 100 ml","3,55 €
2,85 €",ANIAN
Cuidado personal,Parafarmacia,Champú Arbol de Té 400 ml,"0,71 € / 100 ml","3,55 €
2,85 €",ANIAN
Cuidado personal,Parafarmacia,Champú Arbol de Té 400 ml,"0,71 € / 100 ml","3,55 €
2,85 €",ANIAN
Cuidado personal,Parafarmacia,Champú Arbol de Té 400 ml,"0,71 € / 100 ml","3,55 €
2,85 €",ANIAN
Cuidado personal,Parafarmacia,Champú Arbol de Té 400 ml,"0,71 € / 100 ml","3,55 €
2,85 €",ANIAN
Cuidado personal,Parafarmacia,Tapones Antirruido de Espuma Suaves 4 U,"0,50 € / 1 U","1,99 €",KYREY PHARMA
Cuidado personal,Parafarmacia,Tapones Antirruido de Espuma Suaves 4 U,"0,50 € / 1 U","1,99 €",KYREY PHARMA
Cuidado personal,Parafarmacia,Tapones Antirruido de Espuma Suaves 4 U,"0,50 € / 1 U","1,99 €",KYREY PHARMA
Cuidado personal,Parafarmacia,Tapones Antirruido de Espuma Suaves 4 U,"0,50 € / 1 U","1,99 €",KYREY PHARMA
Cuidado personal,Parafarmacia,Tapones Antirruido de Espuma Suaves 4 U,"0,50 € / 1 U","1,99 €",KYREY PHARMA
Cuidado personal,Parafarmacia,Tapones Antirruido de Espuma Suaves 4 U,"0,50 € / 1 U","1,99 €",KYREY PHARMA
Cuidado personal,Parafarmacia,Tapones Antirruido de Espuma Suaves 4 U,"0,50 € / 1 U","1,99 €",KYREY PHARMA
Cuidado personal,Parafarmacia,Tapones Antirruido de Espuma Suaves 4 U,"0,50 € / 1 U","1,99 €",KYREY PHARMA
Cuidado personal,Parafarmacia,Tapones Antirruido de Espuma Suaves 4 U,"0,50 € / 1 U","1,99 €",KYREY PHARMA
Cuidado personal,Parafarmacia,Tapones Antirruido de Espuma Suaves 4 U,"0,50 € / 1 U","1,99 €",KYREY PHARMA
Cuidado personal,Parafarmacia,Tapones Antirruido de Espuma Suaves 4 U,"0,50 € / 1 U","1,99 €",KYREY PHARMA
Cuidado personal,Parafarmacia,Tapones Antirruido de Espuma Suaves 4 U,"0,50 € / 1 U","1,99 €",KYREY PHARMA
Cuidado personal,Parafarmacia,Tapones Antirruido de Espuma Suaves 4 U,"0,50 € / 1 U","1,99 €",KYREY PHARMA
Cuidado personal,Parafarmacia,Tapones Antirruido de Espuma Suaves 4 U,"0,50 € / 1 U","1,99 €",KYREY PHARMA
Cuidado personal,Parafarmacia,Tapones Antirruido de Espuma Suaves 4 U,"0,50 € / 1 U","1,99 €",KYREY PHARMA
Cuidado personal,Parafarmacia,Tapones Antirruido de Espuma Suaves 4 U,"0,50 € / 1 U","1,99 €",KYREY PHARMA
Cuidado personal,Parafarmacia,Tapones Antirruido de Espuma Suaves 4 U,"0,50 € / 1 U","1,99 €",KYREY PHARMA
Cuidado personal,Parafarmacia,Tapones Antirruido de Espuma Suaves 4 U,"0,50 € / 1 U","1,99 €",KYREY PHARMA
Cuidado personal,Parafarmacia,Tapones Antirruido de Espuma Suaves 4 U,"0,50 € / 1 U","1,99 €",KYREY PHARMA
Cuidado personal,Parafarmacia,Tapones Antirruido de Espuma Suaves 4 U,"0,50 € / 1 U","1,99 €",KYREY PHARMA
Cuidado personal,Parafarmacia,Cola Caballo Comprimidos 80 U,"0,06 € / 1 U","4,60 €",NATURTIERRA
Cuidado personal,Parafarmacia,Cola Caballo Comprimidos 80 U,"0,06 € / 1 U","4,60 €",NATURTIERRA
Cuidado personal,Parafarmacia,Cola Caballo Comprimidos 80 U,"0,06 € / 1 U","4,60 €",NATURTIERRA
Cuidado personal,Parafarmacia,Cola Caballo Comprimidos 80 U,"0,06 € / 1 U","4,60 €",NATURTIERRA
Cuidado personal,Parafarmacia,Cola Caballo Comprimidos 80 U,"0,06 € / 1 U","4,60 €",NATURTIERRA
Cuidado personal,Parafarmacia,Cola Caballo Comprimidos 80 U,"0,06 € / 1 U","4,60 €",NATURTIERRA
Cuidado personal,Parafarmacia,Cola Caballo Comprimidos 80 U,"0,06 € / 1 U","4,60 €",NATURTIERRA
Cuidado personal,Parafarmacia,Cola Caballo Comprimidos 80 U,"0,06 € / 1 U","4,60 €",NATURTIERRA
Cuidado personal,Parafarmacia,Cola Caballo Comprimidos 80 U,"0,06 € / 1 U","4,60 €",NATURTIERRA
Cuidado personal,Parafarmacia,Cola Caballo Comprimidos 80 U,"0,06 € / 1 U","4,60 €",NATURTIERRA
Cuidado personal,Parafarmacia,Cola Caballo Comprimidos 80 U,"0,06 € / 1 U","4,60 €",NATURTIERRA
Cuidado personal,Parafarmacia,Cola Caballo Comprimidos 80 U,"0,06 € / 1 U","4,60 €",NATURTIERRA
Cuidado personal,Parafarmacia,Cola Caballo Comprimidos 80 U,"0,06 € / 1 U","4,60 €",NATURTIERRA
Cuidado personal,Parafarmacia,Cola Caballo Comprimidos 80 U,"0,06 € / 1 U","4,60 €",NATURTIERRA
Cuidado personal,Parafarmacia,Cola Caballo Comprimidos 80 U,"0,06 € / 1 U","4,60 €",NATURTIERRA
Cuidado personal,Parafarmacia,Cola Caballo Comprimidos 80 U,"0,06 € / 1 U","4,60 €",NATURTIERRA
Cuidado personal,Parafarmacia,Cola Caballo Comprimidos 80 U,"0,06 € / 1 U","4,60 €",NATURTIERRA
Cuidado personal,Parafarmacia,Cola Caballo Comprimidos 80 U,"0,06 € / 1 U","4,60 €",NATURTIERRA
Cuidado personal,Parafarmacia,Cola Caballo Comprimidos 80 U,"0,06 € / 1 U","4,60 €",NATURTIERRA
Cuidado personal,Parafarmacia,Cola Caballo Comprimidos 80 U,"0,06 € / 1 U","4,60 €",NATURTIERRA
Cuidado personal,Parafarmacia,Colutorio Bucal 500 ml,"1,70 € / 100 ml","8,49 €",LACER
Cuidado personal,Parafarmacia,Colutorio Bucal 500 ml,"1,70 € / 100 ml","8,49 €",LACER
Cuidado personal,Parafarmacia,Colutorio Bucal 500 ml,"1,70 € / 100 ml","8,49 €",LACER
Cuidado personal,Parafarmacia,Colutorio Bucal 500 ml,"1,70 € / 100 ml","8,49 €",LACER
Cuidado personal,Parafarmacia,Colutorio Bucal 500 ml,"1,70 € / 100 ml","8,49 €",LACER
Cuidado personal,Parafarmacia,Colutorio Bucal 500 ml,"1,70 € / 100 ml","8,49 €",LACER
Cuidado personal,Parafarmacia,Colutorio Bucal 500 ml,"1,70 € / 100 ml","8,49 €",LACER
Cuidado personal,Parafarmacia,Colutorio Bucal 500 ml,"1,70 € / 100 ml","8,49 €",LACER
Cuidado personal,Parafarmacia,Colutorio Bucal 500 ml,"1,70 € / 100 ml","8,49 €",LACER
Cuidado personal,Parafarmacia,Colutorio Bucal 500 ml,"1,70 € / 100 ml","8,49 €",LACER
Cuidado personal,Parafarmacia,Colutorio Bucal 500 ml,"1,70 € / 100 ml","8,49 €",LACER
Cuidado personal,Parafarmacia,Colutorio Bucal 500 ml,"1,70 € / 100 ml","8,49 €",LACER
Cuidado personal,Parafarmacia,Colutorio Bucal 500 ml,"1,70 € / 100 ml","8,49 €",LACER
Cuidado personal,Parafarmacia,Colutorio Bucal 500 ml,"1,70 € / 100 ml","8,49 €",LACER
Cuidado personal,Parafarmacia,Colutorio Bucal 500 ml,"1,70 € / 100 ml","8,49 €",LACER
Cuidado personal,Parafarmacia,Colutorio Bucal 500 ml,"1,70 € / 100 ml","8,49 €",LACER
Cuidado personal,Parafarmacia,Colutorio Bucal 500 ml,"1,70 € / 100 ml","8,49 €",LACER
Cuidado personal,Parafarmacia,Colutorio Bucal 500 ml,"1,70 € / 100 ml","8,49 €",LACER
Cuidado personal,Parafarmacia,Colutorio Bucal 500 ml,"1,70 € / 100 ml","8,49 €",LACER
Cuidado personal,Parafarmacia,Colutorio Bucal 500 ml,"1,70 € / 100 ml","8,49 €",LACER
Cuidado personal,Parafarmacia,Preservativos Sensible 12 U,"0,26 € / 1 U","3,17 €",HAPPYSEX
Cuidado personal,Parafarmacia,Preservativos Sensible 12 U,"0,26 € / 1 U","3,17 €",HAPPYSEX
Cuidado personal,Parafarmacia,Preservativos Sensible 12 U,"0,26 € / 1 U","3,17 €",HAPPYSEX
Cuidado personal,Parafarmacia,Preservativos Sensible 12 U,"0,26 € / 1 U","3,17 €",HAPPYSEX
Cuidado personal,Parafarmacia,Preservativos Sensible 12 U,"0,26 € / 1 U","3,17 €",HAPPYSEX
Cuidado personal,Parafarmacia,Preservativos Sensible 12 U,"0,26 € / 1 U","3,17 €",HAPPYSEX
Cuidado personal,Parafarmacia,Preservativos Sensible 12 U,"0,26 € / 1 U","3,17 €",HAPPYSEX
Cuidado personal,Parafarmacia,Preservativos Sensible 12 U,"0,26 € / 1 U","3,17 €",HAPPYSEX
Cuidado personal,Parafarmacia,Preservativos Sensible 12 U,"0,26 € / 1 U","3,17 €",HAPPYSEX
Cuidado personal,Parafarmacia,Preservativos Sensible 12 U,"0,26 € / 1 U","3,17 €",HAPPYSEX
Cuidado personal,Parafarmacia,Preservativos Sensible 12 U,"0,26 € / 1 U","3,17 €",HAPPYSEX
Cuidado personal,Parafarmacia,Preservativos Sensible 12 U,"0,26 € / 1 U","3,17 €",HAPPYSEX
Cuidado personal,Parafarmacia,Preservativos Sensible 12 U,"0,26 € / 1 U","3,17 €",HAPPYSEX
Cuidado personal,Parafarmacia,Preservativos Sensible 12 U,"0,26 € / 1 U","3,17 €",HAPPYSEX
Cuidado personal,Parafarmacia,Preservativos Sensible 12 U,"0,26 € / 1 U","3,17 €",HAPPYSEX
Cuidado personal,Parafarmacia,Preservativos Sensible 12 U,"0,26 € / 1 U","3,17 €",HAPPYSEX
Cuidado personal,Parafarmacia,Preservativos Sensible 12 U,"0,26 € / 1 U","3,17 €",HAPPYSEX
Cuidado personal,Parafarmacia,Preservativos Sensible 12 U,"0,26 € / 1 U","3,17 €",HAPPYSEX
Cuidado personal,Parafarmacia,Preservativos Sensible 12 U,"0,26 € / 1 U","3,17 €",HAPPYSEX
Cuidado personal,Parafarmacia,Preservativos Sensible 12 U,"0,26 € / 1 U","3,17 €",HAPPYSEX
Cuidado personal,Parafarmacia,Profilácticos Real Feel 12 U,"1,16 € / 1 U","13,95 €",DUREX
Cuidado personal,Parafarmacia,Profilácticos Real Feel 12 U,"1,16 € / 1 U","13,95 €",DUREX
Cuidado personal,Parafarmacia,Profilácticos Real Feel 12 U,"1,16 € / 1 U","13,95 €",DUREX
Cuidado personal,Parafarmacia,Profilácticos Real Feel 12 U,"1,16 € / 1 U","13,95 €",DUREX
Cuidado personal,Parafarmacia,Profilácticos Real Feel 12 U,"1,16 € / 1 U","13,95 €",DUREX
Cuidado personal,Parafarmacia,Profilácticos Real Feel 12 U,"1,16 € / 1 U","13,95 €",DUREX
Cuidado personal,Parafarmacia,Profilácticos Real Feel 12 U,"1,16 € / 1 U","13,95 €",DUREX
Cuidado personal,Parafarmacia,Profilácticos Real Feel 12 U,"1,16 € / 1 U","13,95 €",DUREX
Cuidado personal,Parafarmacia,Profilácticos Real Feel 12 U,"1,16 € / 1 U","13,95 €",DUREX
Cuidado personal,Parafarmacia,Profilácticos Real Feel 12 U,"1,16 € / 1 U","13,95 €",DUREX
Cuidado personal,Parafarmacia,Profilácticos Real Feel 12 U,"1,16 € / 1 U","13,95 €",DUREX
Cuidado personal,Parafarmacia,Profilácticos Real Feel 12 U,"1,16 € / 1 U","13,95 €",DUREX
Cuidado personal,Parafarmacia,Profilácticos Real Feel 12 U,"1,16 € / 1 U","13,95 €",DUREX
Cuidado personal,Parafarmacia,Profilácticos Real Feel 12 U,"1,16 € / 1 U","13,95 €",DUREX
Cuidado personal,Parafarmacia,Profilácticos Real Feel 12 U,"1,16 € / 1 U","13,95 €",DUREX
Cuidado personal,Parafarmacia,Profilácticos Real Feel 12 U,"1,16 € / 1 U","13,95 €",DUREX
Cuidado personal,Parafarmacia,Profilácticos Real Feel 12 U,"1,16 € / 1 U","13,95 €",DUREX
Cuidado personal,Parafarmacia,Profilácticos Real Feel 12 U,"1,16 € / 1 U","13,95 €",DUREX
Cuidado personal,Parafarmacia,Profilácticos Real Feel 12 U,"1,16 € / 1 U","13,95 €",DUREX
Cuidado personal,Parafarmacia,Profilácticos Real Feel 12 U,"1,16 € / 1 U","13,95 €",DUREX
Cuidado personal,Parafarmacia,Cápsulas Cardo Mariano 80 U,"0,05 € / 1 U","3,99 €",NATURTIERRA
Cuidado personal,Parafarmacia,Cápsulas Cardo Mariano 80 U,"0,05 € / 1 U","3,99 €",NATURTIERRA
Cuidado personal,Parafarmacia,Cápsulas Cardo Mariano 80 U,"0,05 € / 1 U","3,99 €",NATURTIERRA
Cuidado personal,Parafarmacia,Cápsulas Cardo Mariano 80 U,"0,05 € / 1 U","3,99 €",NATURTIERRA
Cuidado personal,Parafarmacia,Cápsulas Cardo Mariano 80 U,"0,05 € / 1 U","3,99 €",NATURTIERRA
Cuidado personal,Parafarmacia,Cápsulas Cardo Mariano 80 U,"0,05 € / 1 U","3,99 €",NATURTIERRA
Cuidado personal,Parafarmacia,Cápsulas Cardo Mariano 80 U,"0,05 € / 1 U","3,99 €",NATURTIERRA
Cuidado personal,Parafarmacia,Cápsulas Cardo Mariano 80 U,"0,05 € / 1 U","3,99 €",NATURTIERRA
Cuidado personal,Parafarmacia,Cápsulas Cardo Mariano 80 U,"0,05 € / 1 U","3,99 €",NATURTIERRA
Cuidado personal,Parafarmacia,Cápsulas Cardo Mariano 80 U,"0,05 € / 1 U","3,99 €",NATURTIERRA
Cuidado personal,Parafarmacia,Cápsulas Cardo Mariano 80 U,"0,05 € / 1 U","3,99 €",NATURTIERRA
Cuidado personal,Parafarmacia,Cápsulas Cardo Mariano 80 U,"0,05 € / 1 U","3,99 €",NATURTIERRA
Cuidado personal,Parafarmacia,Cápsulas Cardo Mariano 80 U,"0,05 € / 1 U","3,99 €",NATURTIERRA
Cuidado personal,Parafarmacia,Cápsulas Cardo Mariano 80 U,"0,05 € / 1 U","3,99 €",NATURTIERRA
Cuidado personal,Parafarmacia,Cápsulas Cardo Mariano 80 U,"0,05 € / 1 U","3,99 €",NATURTIERRA
Cuidado personal,Parafarmacia,Cápsulas Cardo Mariano 80 U,"0,05 € / 1 U","3,99 €",NATURTIERRA
Cuidado personal,Parafarmacia,Cápsulas Cardo Mariano 80 U,"0,05 € / 1 U","3,99 €",NATURTIERRA
Cuidado personal,Parafarmacia,Cápsulas Cardo Mariano 80 U,"0,05 € / 1 U","3,99 €",NATURTIERRA
Cuidado personal,Parafarmacia,Cápsulas Cardo Mariano 80 U,"0,05 € / 1 U","3,99 €",NATURTIERRA
Cuidado personal,Parafarmacia,Cápsulas Cardo Mariano 80 U,"0,05 € / 1 U","3,99 €",NATURTIERRA
Cuidado personal,Parafarmacia,Pasta Junior Fresa Fluor + Calcio Tubo 75 ml,"6,12 € / 100 ml","4,59 €",LACER
Cuidado personal,Parafarmacia,Pasta Junior Fresa Fluor + Calcio Tubo 75 ml,"6,12 € / 100 ml","4,59 €",LACER
Cuidado personal,Parafarmacia,Pasta Junior Fresa Fluor + Calcio Tubo 75 ml,"6,12 € / 100 ml","4,59 €",LACER
Cuidado personal,Parafarmacia,Pasta Junior Fresa Fluor + Calcio Tubo 75 ml,"6,12 € / 100 ml","4,59 €",LACER
Cuidado personal,Parafarmacia,Pasta Junior Fresa Fluor + Calcio Tubo 75 ml,"6,12 € / 100 ml","4,59 €",LACER
Cuidado personal,Parafarmacia,Pasta Junior Fresa Fluor + Calcio Tubo 75 ml,"6,12 € / 100 ml","4,59 €",LACER
Cuidado personal,Parafarmacia,Pasta Junior Fresa Fluor + Calcio Tubo 75 ml,"6,12 € / 100 ml","4,59 €",LACER
Cuidado personal,Parafarmacia,Pasta Junior Fresa Fluor + Calcio Tubo 75 ml,"6,12 € / 100 ml","4,59 €",LACER
Cuidado personal,Parafarmacia,Pasta Junior Fresa Fluor + Calcio Tubo 75 ml,"6,12 € / 100 ml","4,59 €",LACER
Cuidado personal,Parafarmacia,Pasta Junior Fresa Fluor + Calcio Tubo 75 ml,"6,12 € / 100 ml","4,59 €",LACER
Cuidado personal,Parafarmacia,Pasta Junior Fresa Fluor + Calcio Tubo 75 ml,"6,12 € / 100 ml","4,59 €",LACER
Cuidado personal,Parafarmacia,Pasta Junior Fresa Fluor + Calcio Tubo 75 ml,"6,12 € / 100 ml","4,59 €",LACER
Cuidado personal,Parafarmacia,Pasta Junior Fresa Fluor + Calcio Tubo 75 ml,"6,12 € / 100 ml","4,59 €",LACER
Cuidado personal,Parafarmacia,Pasta Junior Fresa Fluor + Calcio Tubo 75 ml,"6,12 € / 100 ml","4,59 €",LACER
Cuidado personal,Parafarmacia,Pasta Junior Fresa Fluor + Calcio Tubo 75 ml,"6,12 € / 100 ml","4,59 €",LACER
Cuidado personal,Parafarmacia,Pasta Junior Fresa Fluor + Calcio Tubo 75 ml,"6,12 € / 100 ml","4,59 €",LACER
Cuidado personal,Parafarmacia,Pasta Junior Fresa Fluor + Calcio Tubo 75 ml,"6,12 € / 100 ml","4,59 €",LACER
Mascotas,Comida para gatos,"Comida Gatos Esterilizados 1,5 Kg","4,63 € / 1 Kg","6,95 €",BREKKIES
Mascotas,Comida para gatos,"Comida Gatos Esterilizados 1,5 Kg","4,63 € / 1 Kg","6,95 €",BREKKIES
Mascotas,Comida para gatos,"Comida Gatos Esterilizados 1,5 Kg","4,63 € / 1 Kg","6,95 €",BREKKIES
Mascotas,Comida para gatos,"Comida Gatos Esterilizados 1,5 Kg","4,63 € / 1 Kg","6,95 €",BREKKIES
Mascotas,Comida para gatos,"Comida Gatos Esterilizados 1,5 Kg","4,63 € / 1 Kg","6,95 €",BREKKIES
Mascotas,Comida para gatos,"Comida Gatos Esterilizados 1,5 Kg","4,63 € / 1 Kg","6,95 €",BREKKIES
Mascotas,Comida para gatos,"Comida Gatos Esterilizados 1,5 Kg","4,63 € / 1 Kg","6,95 €",BREKKIES
Mascotas,Comida para gatos,"Comida Gatos Esterilizados 1,5 Kg","4,63 € / 1 Kg","6,95 €",BREKKIES
Mascotas,Comida para gatos,"Comida Gatos Esterilizados 1,5 Kg","4,63 € / 1 Kg","6,95 €",BREKKIES
Mascotas,Comida para gatos,"Comida Gatos Esterilizados 1,5 Kg","4,63 € / 1 Kg","6,95 €",BREKKIES
Mascotas,Comida para gatos,"Comida Gatos Esterilizados 1,5 Kg","4,63 € / 1 Kg","6,95 €",BREKKIES
Mascotas,Comida para gatos,"Comida Gatos Esterilizados 1,5 Kg","4,63 € / 1 Kg","6,95 €",BREKKIES
Mascotas,Comida para gatos,"Comida Gatos Esterilizados 1,5 Kg","4,63 € / 1 Kg","6,95 €",BREKKIES
Mascotas,Comida para gatos,"Comida Gatos Esterilizados 1,5 Kg","4,63 € / 1 Kg","6,95 €",BREKKIES
Mascotas,Comida para gatos,"Comida Gatos Esterilizados 1,5 Kg","4,63 € / 1 Kg","6,95 €",BREKKIES
Mascotas,Comida para gatos,"Comida Gatos Esterilizados 1,5 Kg","4,63 € / 1 Kg","6,95 €",BREKKIES
Mascotas,Comida para gatos,"Comida Gatos Esterilizados 1,5 Kg","4,63 € / 1 Kg","6,95 €",BREKKIES
Mascotas,Comida para gatos,"Comida Gatos Esterilizados 1,5 Kg","4,63 € / 1 Kg","6,95 €",BREKKIES
Mascotas,Comida para gatos,"Comida Gatos Esterilizados 1,5 Kg","4,63 € / 1 Kg","6,95 €",BREKKIES
Mascotas,Comida para gatos,"Comida Gatos Esterilizados 1,5 Kg","4,63 € / 1 Kg","6,95 €",BREKKIES
Mascotas,Comida para gatos,Comida Húmeda Gatos Mousse Salmón Gamba 85 Gr,"6,12 € / 1 Kg","0,52 €",VITALITY
Mascotas,Comida para gatos,Comida Húmeda Gatos Mousse Salmón Gamba 85 Gr,"6,12 € / 1 Kg","0,52 €",VITALITY
Mascotas,Comida para gatos,Comida Húmeda Gatos Mousse Salmón Gamba 85 Gr,"6,12 € / 1 Kg","0,52 €",VITALITY
Mascotas,Comida para gatos,Comida Húmeda Gatos Mousse Salmón Gamba 85 Gr,"6,12 € / 1 Kg","0,52 €",VITALITY
Mascotas,Comida para gatos,Comida Húmeda Gatos Mousse Salmón Gamba 85 Gr,"6,12 € / 1 Kg","0,52 €",VITALITY
Mascotas,Comida para gatos,Comida Húmeda Gatos Mousse Salmón Gamba 85 Gr,"6,12 € / 1 Kg","0,52 €",VITALITY
Mascotas,Comida para gatos,Comida Húmeda Gatos Mousse Salmón Gamba 85 Gr,"6,12 € / 1 Kg","0,52 €",VITALITY
Mascotas,Comida para gatos,Comida Húmeda Gatos Mousse Salmón Gamba 85 Gr,"6,12 € / 1 Kg","0,52 €",VITALITY
Mascotas,Comida para gatos,Comida Húmeda Gatos Mousse Salmón Gamba 85 Gr,"6,12 € / 1 Kg","0,52 €",VITALITY
Mascotas,Comida para gatos,Comida Húmeda Gatos Mousse Salmón Gamba 85 Gr,"6,12 € / 1 Kg","0,52 €",VITALITY
Mascotas,Comida para gatos,Comida Húmeda Gatos Mousse Salmón Gamba 85 Gr,"6,12 € / 1 Kg","0,52 €",VITALITY
Mascotas,Comida para gatos,Comida Húmeda Gatos Mousse Salmón Gamba 85 Gr,"6,12 € / 1 Kg","0,52 €",VITALITY
Mascotas,Comida para gatos,Comida Húmeda Gatos Mousse Salmón Gamba 85 Gr,"6,12 € / 1 Kg","0,52 €",VITALITY
Mascotas,Comida para gatos,Comida Húmeda Gatos Mousse Salmón Gamba 85 Gr,"6,12 € / 1 Kg","0,52 €",VITALITY
Mascotas,Comida para gatos,Comida Húmeda Gatos Mousse Salmón Gamba 85 Gr,"6,12 € / 1 Kg","0,52 €",VITALITY
Mascotas,Comida para gatos,Comida Húmeda Gatos Mousse Salmón Gamba 85 Gr,"6,12 € / 1 Kg","0,52 €",VITALITY
Mascotas,Comida para gatos,Comida Húmeda Gatos Mousse Salmón Gamba 85 Gr,"6,12 € / 1 Kg","0,52 €",VITALITY
Mascotas,Comida para gatos,Comida Húmeda Gatos Mousse Salmón Gamba 85 Gr,"6,12 € / 1 Kg","0,52 €",VITALITY
Mascotas,Comida para gatos,Comida Húmeda Gatos Mousse Salmón Gamba 85 Gr,"6,12 € / 1 Kg","0,52 €",VITALITY
Mascotas,Comida para gatos,Comida Húmeda Gatos Mousse Salmón Gamba 85 Gr,"6,12 € / 1 Kg","0,52 €",VITALITY
Mascotas,Comida para gatos,Comida Húmeda Gatos Rico en Salmón 100 Gr,"5,00 € / 1 Kg","0,50 €",VITALITY
Mascotas,Comida para gatos,Comida Húmeda Gatos Rico en Salmón 100 Gr,"5,00 € / 1 Kg","0,50 €",VITALITY
Mascotas,Comida para gatos,Comida Húmeda Gatos Rico en Salmón 100 Gr,"5,00 € / 1 Kg","0,50 €",VITALITY
Mascotas,Comida para gatos,Comida Húmeda Gatos Rico en Salmón 100 Gr,"5,00 € / 1 Kg","0,50 €",VITALITY
Mascotas,Comida para gatos,Comida Húmeda Gatos Rico en Salmón 100 Gr,"5,00 € / 1 Kg","0,50 €",VITALITY
Mascotas,Comida para gatos,Comida Húmeda Gatos Rico en Salmón 100 Gr,"5,00 € / 1 Kg","0,50 €",VITALITY
Mascotas,Comida para gatos,Comida Húmeda Gatos Rico en Salmón 100 Gr,"5,00 € / 1 Kg","0,50 €",VITALITY
Mascotas,Comida para gatos,Comida Húmeda Gatos Rico en Salmón 100 Gr,"5,00 € / 1 Kg","0,50 €",VITALITY
Mascotas,Comida para gatos,Comida Húmeda Gatos Rico en Salmón 100 Gr,"5,00 € / 1 Kg","0,50 €",VITALITY
Mascotas,Comida para gatos,Comida Húmeda Gatos Rico en Salmón 100 Gr,"5,00 € / 1 Kg","0,50 €",VITALITY
Mascotas,Comida para gatos,Comida Húmeda Gatos Rico en Salmón 100 Gr,"5,00 € / 1 Kg","0,50 €",VITALITY
Mascotas,Comida para gatos,Comida Húmeda Gatos Rico en Salmón 100 Gr,"5,00 € / 1 Kg","0,50 €",VITALITY
Mascotas,Comida para gatos,Comida Húmeda Gatos Rico en Salmón 100 Gr,"5,00 € / 1 Kg","0,50 €",VITALITY
Mascotas,Comida para gatos,Comida Húmeda Gatos Rico en Salmón 100 Gr,"5,00 € / 1 Kg","0,50 €",VITALITY
Mascotas,Comida para gatos,Comida Húmeda Gatos Rico en Salmón 100 Gr,"5,00 € / 1 Kg","0,50 €",VITALITY
Mascotas,Comida para gatos,Comida Húmeda Gatos Rico en Salmón 100 Gr,"5,00 € / 1 Kg","0,50 €",VITALITY
Mascotas,Comida para gatos,Comida Húmeda Gatos Rico en Salmón 100 Gr,"5,00 € / 1 Kg","0,50 €",VITALITY
Mascotas,Comida para gatos,Comida Húmeda Gatos Rico en Salmón 100 Gr,"5,00 € / 1 Kg","0,50 €",VITALITY
Mascotas,Comida para gatos,Comida Húmeda Gatos Rico en Salmón 100 Gr,"5,00 € / 1 Kg","0,50 €",VITALITY
Mascotas,Comida para gatos,Comida Húmeda Gatos Rico en Salmón 100 Gr,"5,00 € / 1 Kg","0,50 €",VITALITY
Mascotas,Comida para gatos,Comida Húmeda Gatos Bocaditos Atún en Salsa 415 Gr,"1,69 € / 1 Kg","0,70 €",SIMBA
Mascotas,Comida para gatos,Comida Húmeda Gatos Bocaditos Atún en Salsa 415 Gr,"1,69 € / 1 Kg","0,70 €",SIMBA
Mascotas,Comida para gatos,Comida Húmeda Gatos Bocaditos Atún en Salsa 415 Gr,"1,69 € / 1 Kg","0,70 €",SIMBA
Mascotas,Comida para gatos,Comida Húmeda Gatos Bocaditos Atún en Salsa 415 Gr,"1,69 € / 1 Kg","0,70 €",SIMBA
Mascotas,Comida para gatos,Comida Húmeda Gatos Bocaditos Atún en Salsa 415 Gr,"1,69 € / 1 Kg","0,70 €",SIMBA
Mascotas,Comida para gatos,Comida Húmeda Gatos Bocaditos Atún en Salsa 415 Gr,"1,69 € / 1 Kg","0,70 €",SIMBA
Mascotas,Comida para gatos,Comida Húmeda Gatos Bocaditos Atún en Salsa 415 Gr,"1,69 € / 1 Kg","0,70 €",SIMBA
Mascotas,Comida para gatos,Comida Húmeda Gatos Bocaditos Atún en Salsa 415 Gr,"1,69 € / 1 Kg","0,70 €",SIMBA
Mascotas,Comida para gatos,Comida Húmeda Gatos Bocaditos Atún en Salsa 415 Gr,"1,69 € / 1 Kg","0,70 €",SIMBA
Mascotas,Comida para gatos,Comida Húmeda Gatos Bocaditos Atún en Salsa 415 Gr,"1,69 € / 1 Kg","0,70 €",SIMBA
Mascotas,Comida para gatos,Comida Húmeda Gatos Bocaditos Atún en Salsa 415 Gr,"1,69 € / 1 Kg","0,70 €",SIMBA
Mascotas,Comida para gatos,Comida Húmeda Gatos Bocaditos Atún en Salsa 415 Gr,"1,69 € / 1 Kg","0,70 €",SIMBA
Mascotas,Comida para gatos,Comida Húmeda Gatos Bocaditos Atún en Salsa 415 Gr,"1,69 € / 1 Kg","0,70 €",SIMBA
Mascotas,Comida para gatos,Comida Húmeda Gatos Bocaditos Atún en Salsa 415 Gr,"1,69 € / 1 Kg","0,70 €",SIMBA
Mascotas,Comida para perros,"Comida Seca Perros Dog Mini Adulto Pollo 1,5 Kg","4,97 € / 1 Kg","7,45 €",ULTIMA
Mascotas,Comida para perros,"Comida Seca Perros Dog Mini Adulto Pollo 1,5 Kg","4,97 € / 1 Kg","7,45 €",ULTIMA
Mascotas,Comida para perros,"Comida Seca Perros Dog Mini Adulto Pollo 1,5 Kg","4,97 € / 1 Kg","7,45 €",ULTIMA
Mascotas,Comida para perros,"Comida Seca Perros Dog Mini Adulto Pollo 1,5 Kg","4,97 € / 1 Kg","7,45 €",ULTIMA
Mascotas,Comida para perros,"Comida Seca Perros Dog Mini Adulto Pollo 1,5 Kg","4,97 € / 1 Kg","7,45 €",ULTIMA
Mascotas,Comida para perros,"Comida Seca Perros Dog Mini Adulto Pollo 1,5 Kg","4,97 € / 1 Kg","7,45 €",ULTIMA
Mascotas,Comida para perros,"Comida Seca Perros Dog Mini Adulto Pollo 1,5 Kg","4,97 € / 1 Kg","7,45 €",ULTIMA
Mascotas,Comida para perros,"Comida Seca Perros Dog Mini Adulto Pollo 1,5 Kg","4,97 € / 1 Kg","7,45 €",ULTIMA
Mascotas,Comida para perros,"Comida Seca Perros Dog Mini Adulto Pollo 1,5 Kg","4,97 € / 1 Kg","7,45 €",ULTIMA
Mascotas,Comida para perros,"Comida Seca Perros Dog Mini Adulto Pollo 1,5 Kg","4,97 € / 1 Kg","7,45 €",ULTIMA
Mascotas,Comida para perros,"Comida Seca Perros Dog Mini Adulto Pollo 1,5 Kg","4,97 € / 1 Kg","7,45 €",ULTIMA
Mascotas,Comida para perros,"Comida Seca Perros Dog Mini Adulto Pollo 1,5 Kg","4,97 € / 1 Kg","7,45 €",ULTIMA
Mascotas,Comida para perros,"Comida Seca Perros Dog Mini Adulto Pollo 1,5 Kg","4,97 € / 1 Kg","7,45 €",ULTIMA
Mascotas,Comida para perros,"Comida Seca Perros Dog Mini Adulto Pollo 1,5 Kg","4,97 € / 1 Kg","7,45 €",ULTIMA
Mascotas,Comida para perros,"Comida Seca Perros Dog Mini Adulto Pollo 1,5 Kg","4,97 € / 1 Kg","7,45 €",ULTIMA
Mascotas,Comida para perros,"Comida Seca Perros Dog Mini Adulto Pollo 1,5 Kg","4,97 € / 1 Kg","7,45 €",ULTIMA
Mascotas,Comida para perros,"Comida Seca Perros Dog Mini Adulto Pollo 1,5 Kg","4,97 € / 1 Kg","7,45 €",ULTIMA
Mascotas,Comida para perros,"Comida Seca Perros Dog Mini Adulto Pollo 1,5 Kg","4,97 € / 1 Kg","7,45 €",ULTIMA
Mascotas,Comida para perros,"Comida Seca Perros Dog Mini Adulto Pollo 1,5 Kg","4,97 € / 1 Kg","7,45 €",ULTIMA
Mascotas,Comida para perros,"Comida Seca Perros Dog Mini Adulto Pollo 1,5 Kg","4,97 € / 1 Kg","7,45 €",ULTIMA
Mascotas,Comida para perros,"Comida Seca Perro Mini Senior 1,5 Kg","5,97 € / 1 Kg","8,95 €",ULTIMA
Mascotas,Comida para perros,"Comida Seca Perro Mini Senior 1,5 Kg","5,97 € / 1 Kg","8,95 €",ULTIMA
Mascotas,Comida para perros,"Comida Seca Perro Mini Senior 1,5 Kg","5,97 € / 1 Kg","8,95 €",ULTIMA
Mascotas,Comida para perros,"Comida Seca Perro Mini Senior 1,5 Kg","5,97 € / 1 Kg","8,95 €",ULTIMA
Mascotas,Comida para perros,"Comida Seca Perro Mini Senior 1,5 Kg","5,97 € / 1 Kg","8,95 €",ULTIMA
Mascotas,Comida para perros,"Comida Seca Perro Mini Senior 1,5 Kg","5,97 € / 1 Kg","8,95 €",ULTIMA
Mascotas,Comida para perros,"Comida Seca Perro Mini Senior 1,5 Kg","5,97 € / 1 Kg","8,95 €",ULTIMA
Mascotas,Comida para perros,"Comida Seca Perro Mini Senior 1,5 Kg","5,97 € / 1 Kg","8,95 €",ULTIMA
Mascotas,Comida para perros,"Comida Seca Perro Mini Senior 1,5 Kg","5,97 € / 1 Kg","8,95 €",ULTIMA
Mascotas,Comida para perros,"Comida Seca Perro Mini Senior 1,5 Kg","5,97 € / 1 Kg","8,95 €",ULTIMA
Mascotas,Comida para perros,"Comida Seca Perro Mini Senior 1,5 Kg","5,97 € / 1 Kg","8,95 €",ULTIMA
Mascotas,Comida para perros,"Comida Seca Perro Mini Senior 1,5 Kg","5,97 € / 1 Kg","8,95 €",ULTIMA
Mascotas,Comida para perros,"Comida Seca Perro Mini Senior 1,5 Kg","5,97 € / 1 Kg","8,95 €",ULTIMA
Mascotas,Comida para perros,"Comida Seca Perro Mini Senior 1,5 Kg","5,97 € / 1 Kg","8,95 €",ULTIMA
Mascotas,Comida para perros,"Comida Seca Perro Mini Senior 1,5 Kg","5,97 € / 1 Kg","8,95 €",ULTIMA
Mascotas,Comida para perros,"Comida Seca Perro Mini Senior 1,5 Kg","5,97 € / 1 Kg","8,95 €",ULTIMA
Mascotas,Comida para perros,"Comida Seca Perro Mini Senior 1,5 Kg","5,97 € / 1 Kg","8,95 €",ULTIMA
Mascotas,Comida para perros,"Comida Seca Perro Mini Senior 1,5 Kg","5,97 € / 1 Kg","8,95 €",ULTIMA
Mascotas,Comida para perros,"Comida Seca Perro Mini Senior 1,5 Kg","5,97 € / 1 Kg","8,95 €",ULTIMA
Mascotas,Comida para perros,"Comida Seca Perro Mini Senior 1,5 Kg","5,97 € / 1 Kg","8,95 €",ULTIMA
Mascotas,Comida para perros,Comida Seca Perros Mini Baby 800 Gr,"6,44 € / 1 Kg","5,15 €",ONE
Mascotas,Comida para perros,Comida Seca Perros Mini Baby 800 Gr,"6,44 € / 1 Kg","5,15 €",ONE
Mascotas,Comida para perros,Comida Seca Perros Mini Baby 800 Gr,"6,44 € / 1 Kg","5,15 €",ONE
Mascotas,Comida para perros,Comida Seca Perros Mini Baby 800 Gr,"6,44 € / 1 Kg","5,15 €",ONE
Mascotas,Comida para perros,Comida Seca Perros Mini Baby 800 Gr,"6,44 € / 1 Kg","5,15 €",ONE
Mascotas,Comida para perros,Comida Seca Perros Mini Baby 800 Gr,"6,44 € / 1 Kg","5,15 €",ONE
Mascotas,Comida para perros,Comida Seca Perros Mini Baby 800 Gr,"6,44 € / 1 Kg","5,15 €",ONE
Mascotas,Comida para perros,Comida Seca Perros Mini Baby 800 Gr,"6,44 € / 1 Kg","5,15 €",ONE
Mascotas,Comida para perros,Comida Seca Perros Mini Baby 800 Gr,"6,44 € / 1 Kg","5,15 €",ONE
Mascotas,Comida para perros,Comida Seca Perros Mini Baby 800 Gr,"6,44 € / 1 Kg","5,15 €",ONE
Mascotas,Comida para perros,Comida Seca Perros Mini Baby 800 Gr,"6,44 € / 1 Kg","5,15 €",ONE
Mascotas,Comida para perros,Comida Seca Perros Mini Baby 800 Gr,"6,44 € / 1 Kg","5,15 €",ONE
Mascotas,Comida para perros,Comida Seca Perros Mini Baby 800 Gr,"6,44 € / 1 Kg","5,15 €",ONE
Mascotas,Comida para perros,Comida Seca Perros Mini Baby 800 Gr,"6,44 € / 1 Kg","5,15 €",ONE
Mascotas,Comida para perros,Comida Seca Perros Mini Baby 800 Gr,"6,44 € / 1 Kg","5,15 €",ONE
Mascotas,Comida para perros,Comida Seca Perros Mini Baby 800 Gr,"6,44 € / 1 Kg","5,15 €",ONE
Mascotas,Comida para perros,Comida Seca Perros Mini Baby 800 Gr,"6,44 € / 1 Kg","5,15 €",ONE
Mascotas,Comida para perros,Comida Seca Perros Mini Baby 800 Gr,"6,44 € / 1 Kg","5,15 €",ONE
Mascotas,Comida para perros,Comida Seca Perros Mini Baby 800 Gr,"6,44 € / 1 Kg","5,15 €",ONE
Mascotas,Comida para perros,Comida Seca Perros Mini Baby 800 Gr,"6,44 € / 1 Kg","5,15 €",ONE
Mascotas,Comida para perros,Comida Húmeda para Perro sabor Buey y Verduras Tarrina 300g,"9,63 € / 1 Kg","2,89 €",CESAR
Mascotas,Comida para perros,Comida Húmeda para Perro sabor Buey y Verduras Tarrina 300g,"9,63 € / 1 Kg","2,89 €",CESAR
Mascotas,Comida para perros,Comida Húmeda para Perro sabor Buey y Verduras Tarrina 300g,"9,63 € / 1 Kg","2,89 €",CESAR
Mascotas,Comida para perros,Comida Húmeda para Perro sabor Buey y Verduras Tarrina 300g,"9,63 € / 1 Kg","2,89 €",CESAR
Mascotas,Comida para perros,Comida Húmeda para Perro sabor Buey y Verduras Tarrina 300g,"9,63 € / 1 Kg","2,89 €",CESAR
Mascotas,Comida para perros,Comida Húmeda para Perro sabor Buey y Verduras Tarrina 300g,"9,63 € / 1 Kg","2,89 €",CESAR
Mascotas,Comida para perros,Comida Húmeda para Perro sabor Buey y Verduras Tarrina 300g,"9,63 € / 1 Kg","2,89 €",CESAR
Mascotas,Comida para perros,Comida Húmeda para Perro sabor Buey y Verduras Tarrina 300g,"9,63 € / 1 Kg","2,89 €",CESAR
Mascotas,Comida para perros,Comida Húmeda para Perro sabor Buey y Verduras Tarrina 300g,"9,63 € / 1 Kg","2,89 €",CESAR
Mascotas,Comida para perros,Comida Húmeda para Perro sabor Buey y Verduras Tarrina 300g,"9,63 € / 1 Kg","2,89 €",CESAR
Mascotas,Comida para perros,Comida Húmeda para Perro sabor Buey y Verduras Tarrina 300g,"9,63 € / 1 Kg","2,89 €",CESAR
Mascotas,Comida para perros,Comida Húmeda para Perro sabor Buey y Verduras Tarrina 300g,"9,63 € / 1 Kg","2,89 €",CESAR
Mascotas,Comida para perros,Comida Húmeda para Perro sabor Buey y Verduras Tarrina 300g,"9,63 € / 1 Kg","2,89 €",CESAR
Mascotas,Comida para perros,Comida Húmeda para Perro sabor Buey y Verduras Tarrina 300g,"9,63 € / 1 Kg","2,89 €",CESAR
Mascotas,Comida para perros,Comida Húmeda para Perro sabor Buey y Verduras Tarrina 300g,"9,63 € / 1 Kg","2,89 €",CESAR
Mascotas,Comida para perros,Comida Húmeda para Perro sabor Buey y Verduras Tarrina 300g,"9,63 € / 1 Kg","2,89 €",CESAR
Mascotas,Comida para perros,Comida Húmeda para Perro sabor Buey y Verduras Tarrina 300g,"9,63 € / 1 Kg","2,89 €",CESAR
Mascotas,Comida para perros,Comida Húmeda para Perro sabor Buey y Verduras Tarrina 300g,"9,63 € / 1 Kg","2,89 €",CESAR
Mascotas,Comida para perros,Comida Húmeda para Perro sabor Buey y Verduras Tarrina 300g,"9,63 € / 1 Kg","2,89 €",CESAR
Mascotas,Comida para perros,Comida Húmeda para Perro sabor Buey y Verduras Tarrina 300g,"9,63 € / 1 Kg","2,89 €",CESAR
Mascotas,Comida para perros,Comida Perro Mediano Fresh Market 3 Kg,"5,00 € / 1 Kg","14,99 €",HARPER&BONE
Mascotas,Comida para perros,Comida Perro Mediano Fresh Market 3 Kg,"5,00 € / 1 Kg","14,99 €",HARPER&BONE
Mascotas,Comida para perros,Comida Perro Mediano Fresh Market 3 Kg,"5,00 € / 1 Kg","14,99 €",HARPER&BONE
Mascotas,Comida para perros,Comida Perro Mediano Fresh Market 3 Kg,"5,00 € / 1 Kg","14,99 €",HARPER&BONE
Mascotas,Comida para perros,Comida Perro Mediano Fresh Market 3 Kg,"5,00 € / 1 Kg","14,99 €",HARPER&BONE
Mascotas,Comida para perros,Comida Perro Mediano Fresh Market 3 Kg,"5,00 € / 1 Kg","14,99 €",HARPER&BONE
Mascotas,Comida para perros,Comida Perro Mediano Fresh Market 3 Kg,"5,00 € / 1 Kg","14,99 €",HARPER&BONE
Mascotas,Comida para perros,Comida Perro Mediano Fresh Market 3 Kg,"5,00 € / 1 Kg","14,99 €",HARPER&BONE
Mascotas,Comida para otras mascotas,Comida para Conejos Enanos 1 Kg,"3,99 € / 1 Kg","3,99 €",VITAKRAFT
Mascotas,Comida para otras mascotas,Comida para Conejos Enanos 1 Kg,"3,99 € / 1 Kg","3,99 €",VITAKRAFT
Mascotas,Comida para otras mascotas,Comida para Conejos Enanos 1 Kg,"3,99 € / 1 Kg","3,99 €",VITAKRAFT
Mascotas,Comida para otras mascotas,Comida para Conejos Enanos 1 Kg,"3,99 € / 1 Kg","3,99 €",VITAKRAFT
Mascotas,Comida para otras mascotas,Comida para Conejos Enanos 1 Kg,"3,99 € / 1 Kg","3,99 €",VITAKRAFT
Mascotas,Comida para otras mascotas,Comida para Conejos Enanos 1 Kg,"3,99 € / 1 Kg","3,99 €",VITAKRAFT
Mascotas,Comida para otras mascotas,Comida para Conejos Enanos 1 Kg,"3,99 € / 1 Kg","3,99 €",VITAKRAFT
Mascotas,Comida para otras mascotas,Comida para Conejos Enanos 1 Kg,"3,99 € / 1 Kg","3,99 €",VITAKRAFT
Mascotas,Comida para otras mascotas,Comida para Conejos Enanos 1 Kg,"3,99 € / 1 Kg","3,99 €",VITAKRAFT
Mascotas,Comida para otras mascotas,Comida para Conejos Enanos 1 Kg,"3,99 € / 1 Kg","3,99 €",VITAKRAFT
Mascotas,Comida para otras mascotas,Comida para Conejos Enanos 1 Kg,"3,99 € / 1 Kg","3,99 €",VITAKRAFT
Mascotas,Comida para otras mascotas,Comida para Conejos Enanos 1 Kg,"3,99 € / 1 Kg","3,99 €",VITAKRAFT
Mascotas,Comida para otras mascotas,Comida para Conejos Enanos 1 Kg,"3,99 € / 1 Kg","3,99 €",VITAKRAFT
Mascotas,Comida para otras mascotas,Comida para Conejos Enanos 1 Kg,"3,99 € / 1 Kg","3,99 €",VITAKRAFT
Mascotas,Comida para otras mascotas,Comida para Conejos Enanos 1 Kg,"3,99 € / 1 Kg","3,99 €",VITAKRAFT
Mascotas,Comida para otras mascotas,Comida para Conejos Enanos 1 Kg,"3,99 € / 1 Kg","3,99 €",VITAKRAFT
Mascotas,Comida para otras mascotas,Comida para Conejos Enanos 1 Kg,"3,99 € / 1 Kg","3,99 €",VITAKRAFT
Mascotas,Comida para otras mascotas,Comida para Conejos Enanos 1 Kg,"3,99 € / 1 Kg","3,99 €",VITAKRAFT
Mascotas,Comida para otras mascotas,Comida para Conejos Enanos 1 Kg,"3,99 € / 1 Kg","3,99 €",VITAKRAFT
Mascotas,Cuidado e higiene,Arena de Gato Ultra City Aglomerante 4 Kg,"0,75 € / 1 Kg","2,99 €",CITY CAT
Mascotas,Cuidado e higiene,Arena de Gato Ultra City Aglomerante 4 Kg,"0,75 € / 1 Kg","2,99 €",CITY CAT
Mascotas,Cuidado e higiene,Arena de Gato Ultra City Aglomerante 4 Kg,"0,75 € / 1 Kg","2,99 €",CITY CAT
Mascotas,Cuidado e higiene,Arena de Gato Ultra City Aglomerante 4 Kg,"0,75 € / 1 Kg","2,99 €",CITY CAT
Mascotas,Cuidado e higiene,Arena de Gato Ultra City Aglomerante 4 Kg,"0,75 € / 1 Kg","2,99 €",CITY CAT
Mascotas,Cuidado e higiene,Arena de Gato Ultra City Aglomerante 4 Kg,"0,75 € / 1 Kg","2,99 €",CITY CAT
Mascotas,Cuidado e higiene,Arena de Gato Ultra City Aglomerante 4 Kg,"0,75 € / 1 Kg","2,99 €",CITY CAT
Mascotas,Cuidado e higiene,Arena de Gato Ultra City Aglomerante 4 Kg,"0,75 € / 1 Kg","2,99 €",CITY CAT
Mascotas,Cuidado e higiene,Arena de Gato Ultra City Aglomerante 4 Kg,"0,75 € / 1 Kg","2,99 €",CITY CAT
Mascotas,Cuidado e higiene,Arena de Gato Ultra City Aglomerante 4 Kg,"0,75 € / 1 Kg","2,99 €",CITY CAT
Mascotas,Cuidado e higiene,Arena de Gato Ultra City Aglomerante 4 Kg,"0,75 € / 1 Kg","2,99 €",CITY CAT
Mascotas,Cuidado e higiene,Arena de Gato Ultra City Aglomerante 4 Kg,"0,75 € / 1 Kg","2,99 €",CITY CAT
Mascotas,Cuidado e higiene,Arena de Gato Ultra City Aglomerante 4 Kg,"0,75 € / 1 Kg","2,99 €",CITY CAT
Mascotas,Cuidado e higiene,Arena de Gato Ultra City Aglomerante 4 Kg,"0,75 € / 1 Kg","2,99 €",CITY CAT
Bazar,Promocionales,Sartén 18 cm Aluminio Forjado 1 U,"9,99 € / 1 U","9,99 €",CASTEY
Bazar,Promocionales,Sartén 18 cm Aluminio Forjado 1 U,"9,99 € / 1 U","9,99 €",CASTEY
Bazar,Promocionales,Sartén 18 cm Aluminio Forjado 1 U,"9,99 € / 1 U","9,99 €",CASTEY
Bazar,Promocionales,Sartén 18 cm Aluminio Forjado 1 U,"9,99 € / 1 U","9,99 €",CASTEY
Bazar,Promocionales,Sartén 18 cm Aluminio Forjado 1 U,"9,99 € / 1 U","9,99 €",CASTEY
Bazar,Promocionales,Sartén 18 cm Aluminio Forjado 1 U,"9,99 € / 1 U","9,99 €",CASTEY
Bazar,Promocionales,Sartén 18 cm Aluminio Forjado 1 U,"9,99 € / 1 U","9,99 €",CASTEY
Bazar,Promocionales,Sartén 18 cm Aluminio Forjado 1 U,"9,99 € / 1 U","9,99 €",CASTEY
Bazar,Promocionales,Sartén 18 cm Aluminio Forjado 1 U,"9,99 € / 1 U","9,99 €",CASTEY
Bazar,Promocionales,Sartén 18 cm Aluminio Forjado 1 U,"9,99 € / 1 U","9,99 €",CASTEY
Bazar,Promocionales,Sartén 18 cm Aluminio Forjado 1 U,"9,99 € / 1 U","9,99 €",CASTEY
Bazar,Promocionales,Sartén 18 cm Aluminio Forjado 1 U,"9,99 € / 1 U","9,99 €",CASTEY
Bazar,Promocionales,Sartén 18 cm Aluminio Forjado 1 U,"9,99 € / 1 U","9,99 €",CASTEY
Bazar,Promocionales,Sartén 18 cm Aluminio Forjado 1 U,"9,99 € / 1 U","9,99 €",CASTEY
Bazar,Promocionales,Sartén 18 cm Aluminio Forjado 1 U,"9,99 € / 1 U","9,99 €",CASTEY
Bazar,Promocionales,Sartén 18 cm Aluminio Forjado 1 U,"9,99 € / 1 U","9,99 €",CASTEY
Bazar,Promocionales,Sartén 18 cm Aluminio Forjado 1 U,"9,99 € / 1 U","9,99 €",CASTEY
Bazar,Promocionales,Sartén 18 cm Aluminio Forjado 1 U,"9,99 € / 1 U","9,99 €",CASTEY
Bazar,Promocionales,Sartén 18 cm Aluminio Forjado 1 U,"9,99 € / 1 U","9,99 €",CASTEY
Bazar,Promocionales,Sartén 18 cm Aluminio Forjado 1 U,"9,99 € / 1 U","9,99 €",CASTEY
Bazar,Promocionales,Pincel de Silicona Cocina Sana y Sabrosa 1 U,"2,99 € / 1 U","2,99 €",LÉKUÉ
Bazar,Promocionales,Pincel de Silicona Cocina Sana y Sabrosa 1 U,"2,99 € / 1 U","2,99 €",LÉKUÉ
Bazar,Promocionales,Pincel de Silicona Cocina Sana y Sabrosa 1 U,"2,99 € / 1 U","2,99 €",LÉKUÉ
Bazar,Promocionales,Pincel de Silicona Cocina Sana y Sabrosa 1 U,"2,99 € / 1 U","2,99 €",LÉKUÉ
Bazar,Promocionales,Pincel de Silicona Cocina Sana y Sabrosa 1 U,"2,99 € / 1 U","2,99 €",LÉKUÉ
Bazar,Promocionales,Pincel de Silicona Cocina Sana y Sabrosa 1 U,"2,99 € / 1 U","2,99 €",LÉKUÉ
Bazar,Libros,25 Cuentos Clásicos Susaeta 1 U,"9,95 € / 1 U","9,95 €",INFANTIL
Bazar,Libros,25 Cuentos Clásicos Susaeta 1 U,"9,95 € / 1 U","9,95 €",INFANTIL
Bazar,Libros,25 Cuentos Clásicos Susaeta 1 U,"9,95 € / 1 U","9,95 €",INFANTIL
Bazar,Libros,25 Cuentos Clásicos Susaeta 1 U,"9,95 € / 1 U","9,95 €",INFANTIL
Bazar,Libros,25 Cuentos Clásicos Susaeta 1 U,"9,95 € / 1 U","9,95 €",INFANTIL
Bazar,Libros,25 Cuentos Clásicos Susaeta 1 U,"9,95 € / 1 U","9,95 €",INFANTIL
Bazar,Libros,25 Cuentos Clásicos Susaeta 1 U,"9,95 € / 1 U","9,95 €",INFANTIL
Bazar,Libros,25 Cuentos Clásicos Susaeta 1 U,"9,95 € / 1 U","9,95 €",INFANTIL
Bazar,Libros,25 Cuentos Clásicos Susaeta 1 U,"9,95 € / 1 U","9,95 €",INFANTIL
Bazar,Libros,25 Cuentos Clásicos Susaeta 1 U,"9,95 € / 1 U","9,95 €",INFANTIL
Bazar,Libros,25 Cuentos Clásicos Susaeta 1 U,"9,95 € / 1 U","9,95 €",INFANTIL
Bazar,Libros,25 Cuentos Clásicos Susaeta 1 U,"9,95 € / 1 U","9,95 €",INFANTIL
Bazar,Libros,25 Cuentos Clásicos Susaeta 1 U,"9,95 € / 1 U","9,95 €",INFANTIL
Bazar,Libros,25 Cuentos Clásicos Susaeta 1 U,"9,95 € / 1 U","9,95 €",INFANTIL
Bazar,Libros,25 Cuentos Clásicos Susaeta 1 U,"9,95 € / 1 U","9,95 €",INFANTIL
Bazar,Libros,25 Cuentos Clásicos Susaeta 1 U,"9,95 € / 1 U","9,95 €",INFANTIL
Bazar,Libros,25 Cuentos Clásicos Susaeta 1 U,"9,95 € / 1 U","9,95 €",INFANTIL
Bazar,Libros,25 Cuentos Clásicos Susaeta 1 U,"9,95 € / 1 U","9,95 €",INFANTIL
Bazar,Libros,25 Cuentos Clásicos Susaeta 1 U,"9,95 € / 1 U","9,95 €",INFANTIL
Bazar,Libros,25 Cuentos Clásicos Susaeta 1 U,"9,95 € / 1 U","9,95 €",INFANTIL
Bazar,Libros,Las Aventuras de Dani y Evan 1 U,"12,95 € / 1 U","12,95 €",DESTINO
Bazar,Libros,Las Aventuras de Dani y Evan 1 U,"12,95 € / 1 U","12,95 €",DESTINO
Bazar,Libros,Las Aventuras de Dani y Evan 1 U,"12,95 € / 1 U","12,95 €",DESTINO
Bazar,Libros,Las Aventuras de Dani y Evan 1 U,"12,95 € / 1 U","12,95 €",DESTINO
Bazar,Libros,Las Aventuras de Dani y Evan 1 U,"12,95 € / 1 U","12,95 €",DESTINO
Bazar,Libros,Las Aventuras de Dani y Evan 1 U,"12,95 € / 1 U","12,95 €",DESTINO
Bazar,Libros,Las Aventuras de Dani y Evan 1 U,"12,95 € / 1 U","12,95 €",DESTINO
Bazar,Libros,Las Aventuras de Dani y Evan 1 U,"12,95 € / 1 U","12,95 €",DESTINO
Bazar,Libros,Las Aventuras de Dani y Evan 1 U,"12,95 € / 1 U","12,95 €",DESTINO
Bazar,Libros,Las Aventuras de Dani y Evan 1 U,"12,95 € / 1 U","12,95 €",DESTINO
Bazar,Libros,Las Aventuras de Dani y Evan 1 U,"12,95 € / 1 U","12,95 €",DESTINO
Bazar,Libros,Las Aventuras de Dani y Evan 1 U,"12,95 € / 1 U","12,95 €",DESTINO
Bazar,Libros,Las Aventuras de Dani y Evan 1 U,"12,95 € / 1 U","12,95 €",DESTINO
Bazar,Libros,Las Aventuras de Dani y Evan 1 U,"12,95 € / 1 U","12,95 €",DESTINO
Bazar,Libros,Las Aventuras de Dani y Evan 1 U,"12,95 € / 1 U","12,95 €",DESTINO
Bazar,Menaje,Sacacorchos Modelo dos manos 1 U,"4,39 € / 1 U","4,39 €",METALTEX
Bazar,Menaje,Sacacorchos Modelo dos manos 1 U,"4,39 € / 1 U","4,39 €",METALTEX
Bazar,Menaje,Sacacorchos Modelo dos manos 1 U,"4,39 € / 1 U","4,39 €",METALTEX
Bazar,Menaje,Sacacorchos Modelo dos manos 1 U,"4,39 € / 1 U","4,39 €",METALTEX
Bazar,Menaje,Sacacorchos Modelo dos manos 1 U,"4,39 € / 1 U","4,39 €",METALTEX
Bazar,Menaje,Sacacorchos Modelo dos manos 1 U,"4,39 € / 1 U","4,39 €",METALTEX
Bazar,Menaje,Sacacorchos Modelo dos manos 1 U,"4,39 € / 1 U","4,39 €",METALTEX
Bazar,Menaje,Sacacorchos Modelo dos manos 1 U,"4,39 € / 1 U","4,39 €",METALTEX
Bazar,Menaje,Sacacorchos Modelo dos manos 1 U,"4,39 € / 1 U","4,39 €",METALTEX
Bazar,Menaje,Sacacorchos Modelo dos manos 1 U,"4,39 € / 1 U","4,39 €",METALTEX
Bazar,Menaje,Sacacorchos Modelo dos manos 1 U,"4,39 € / 1 U","4,39 €",METALTEX
Bazar,Menaje,Sacacorchos Modelo dos manos 1 U,"4,39 € / 1 U","4,39 €",METALTEX
Bazar,Menaje,Sacacorchos Modelo dos manos 1 U,"4,39 € / 1 U","4,39 €",METALTEX
Bazar,Conservación alimentos y moldes,Papel de Horno 8 M,"0,33 € / 1 M","3,15 €
2,69 €",ALBAL
Bazar,Conservación alimentos y moldes,Papel de Horno 8 M,"0,33 € / 1 M","3,15 €
2,69 €",ALBAL
Bazar,Conservación alimentos y moldes,Papel de Horno 8 M,"0,33 € / 1 M","3,15 €
2,69 €",ALBAL
Bazar,Conservación alimentos y moldes,Papel de Horno 8 M,"0,33 € / 1 M","3,15 €
2,69 €",ALBAL
Bazar,Conservación alimentos y moldes,Papel de Horno 8 M,"0,33 € / 1 M","3,15 €
2,69 €",ALBAL
Bazar,Conservación alimentos y moldes,Papel de Horno 8 M,"0,33 € / 1 M","3,15 €
2,69 €",ALBAL
Bazar,Conservación alimentos y moldes,Papel de Horno 8 M,"0,33 € / 1 M","3,15 €
2,69 €",ALBAL
Bazar,Conservación alimentos y moldes,Papel de Horno 8 M,"0,33 € / 1 M","3,15 €
2,69 €",ALBAL
Bazar,Conservación alimentos y moldes,Papel de Horno 8 M,"0,33 € / 1 M","3,15 €
2,69 €",ALBAL
Bazar,Conservación alimentos y moldes,Papel de Horno 8 M,"0,33 € / 1 M","3,15 €
2,69 €",ALBAL
Bazar,Conservación alimentos y moldes,Papel de Horno 8 M,"0,33 € / 1 M","3,15 €
2,69 €",ALBAL
Bazar,Conservación alimentos y moldes,Papel de Horno 8 M,"0,33 € / 1 M","3,15 €
2,69 €",ALBAL
Bazar,Conservación alimentos y moldes,Papel de Horno 8 M,"0,33 € / 1 M","3,15 €
2,69 €",ALBAL
Bazar,Conservación alimentos y moldes,Papel de Horno 8 M,"0,33 € / 1 M","3,15 €
2,69 €",ALBAL
Bazar,Conservación alimentos y moldes,Papel de Horno 8 M,"0,33 € / 1 M","3,15 €
2,69 €",ALBAL
Bazar,Conservación alimentos y moldes,Papel de Horno 8 M,"0,33 € / 1 M","3,15 €
2,69 €",ALBAL
Bazar,Conservación alimentos y moldes,Papel de Horno 8 M,"0,33 € / 1 M","3,15 €
2,69 €",ALBAL
Bazar,Conservación alimentos y moldes,Papel de Horno 8 M,"0,33 € / 1 M","3,15 €
2,69 €",ALBAL
Bazar,Conservación alimentos y moldes,Papel de Horno 8 M,"0,33 € / 1 M","3,15 €
2,69 €",ALBAL
Bazar,Conservación alimentos y moldes,Papel de Horno 8 M,"0,33 € / 1 M","3,15 €
2,69 €",ALBAL
Bazar,Conservación alimentos y moldes,Set Herméticos 1 L Rectangular 5 U,"0,45 € / 1 U","2,25 €",CONSERVERS
Bazar,Conservación alimentos y moldes,Set Herméticos 1 L Rectangular 5 U,"0,45 € / 1 U","2,25 €",CONSERVERS
Bazar,Conservación alimentos y moldes,Set Herméticos 1 L Rectangular 5 U,"0,45 € / 1 U","2,25 €",CONSERVERS
Bazar,Conservación alimentos y moldes,Set Herméticos 1 L Rectangular 5 U,"0,45 € / 1 U","2,25 €",CONSERVERS
Bazar,Conservación alimentos y moldes,Set Herméticos 1 L Rectangular 5 U,"0,45 € / 1 U","2,25 €",CONSERVERS
Bazar,Conservación alimentos y moldes,Set Herméticos 1 L Rectangular 5 U,"0,45 € / 1 U","2,25 €",CONSERVERS
Bazar,Conservación alimentos y moldes,Set Herméticos 1 L Rectangular 5 U,"0,45 € / 1 U","2,25 €",CONSERVERS
Bazar,Conservación alimentos y moldes,Set Herméticos 1 L Rectangular 5 U,"0,45 € / 1 U","2,25 €",CONSERVERS
Bazar,Conservación alimentos y moldes,Set Herméticos 1 L Rectangular 5 U,"0,45 € / 1 U","2,25 €",CONSERVERS
Bazar,Conservación alimentos y moldes,Set Herméticos 1 L Rectangular 5 U,"0,45 € / 1 U","2,25 €",CONSERVERS
Bazar,Conservación alimentos y moldes,Set Herméticos 1 L Rectangular 5 U,"0,45 € / 1 U","2,25 €",CONSERVERS
Bazar,Conservación alimentos y moldes,Set Herméticos 1 L Rectangular 5 U,"0,45 € / 1 U","2,25 €",CONSERVERS
Bazar,Desechables,Vaso Desechable Pla Compostable 220 ml 15 U,"0,10 € / 1 U","1,99 €
1,59 €",BETIK
Bazar,Desechables,Vaso Desechable Pla Compostable 220 ml 15 U,"0,10 € / 1 U","1,99 €
1,59 €",BETIK
Bazar,Desechables,Vaso Desechable Pla Compostable 220 ml 15 U,"0,10 € / 1 U","1,99 €
1,59 €",BETIK
Bazar,Desechables,Vaso Desechable Pla Compostable 220 ml 15 U,"0,10 € / 1 U","1,99 €
1,59 €",BETIK
Bazar,Desechables,Vaso Desechable Pla Compostable 220 ml 15 U,"0,10 € / 1 U","1,99 €
1,59 €",BETIK
Bazar,Desechables,Vaso Desechable Pla Compostable 220 ml 15 U,"0,10 € / 1 U","1,99 €
1,59 €",BETIK
Bazar,Desechables,Vaso Desechable Pla Compostable 220 ml 15 U,"0,10 € / 1 U","1,99 €
1,59 €",BETIK
Bazar,Desechables,Vaso Desechable Pla Compostable 220 ml 15 U,"0,10 € / 1 U","1,99 €
1,59 €",BETIK
Bazar,Desechables,Vaso Desechable Pla Compostable 220 ml 15 U,"0,10 € / 1 U","1,99 €
1,59 €",BETIK
Bazar,Desechables,Vaso Desechable Pla Compostable 220 ml 15 U,"0,10 € / 1 U","1,99 €
1,59 €",BETIK
Bazar,Desechables,Vaso Desechable Pla Compostable 220 ml 15 U,"0,10 € / 1 U","1,99 €
1,59 €",BETIK
Bazar,Desechables,Vaso Desechable Pla Compostable 220 ml 15 U,"0,10 € / 1 U","1,99 €
1,59 €",BETIK
Bazar,Desechables,Vaso Desechable Pla Compostable 220 ml 15 U,"0,10 € / 1 U","1,99 €
1,59 €",BETIK
Bazar,Desechables,Vaso Desechable Pla Compostable 220 ml 15 U,"0,10 € / 1 U","1,99 €
1,59 €",BETIK
Bazar,Desechables,Vaso Desechable Pla Compostable 220 ml 15 U,"0,10 € / 1 U","1,99 €
1,59 €",BETIK
Bazar,Desechables,Vaso Desechable Pla Compostable 220 ml 15 U,"0,10 € / 1 U","1,99 €
1,59 €",BETIK
Bazar,Desechables,Vaso Desechable Pla Compostable 220 ml 15 U,"0,10 € / 1 U","1,99 €
1,59 €",BETIK
Bazar,Desechables,Vaso Desechable Pla Compostable 220 ml 15 U,"0,10 € / 1 U","1,99 €
1,59 €",BETIK
Bazar,Desechables,Vaso Desechable Pla Compostable 220 ml 15 U,"0,10 € / 1 U","1,99 €
1,59 €",BETIK
Bazar,Desechables,Vaso Desechable Pla Compostable 220 ml 15 U,"0,10 € / 1 U","1,99 €
1,59 €",BETIK
Bazar,Desechables,Cañita de Papel Flexible Rayas Negras/Blancas 48 U,"0,03 € / 1 U","1,59 €",BETIK
Bazar,Desechables,Cañita de Papel Flexible Rayas Negras/Blancas 48 U,"0,03 € / 1 U","1,59 €",BETIK
Bazar,Desechables,Cañita de Papel Flexible Rayas Negras/Blancas 48 U,"0,03 € / 1 U","1,59 €",BETIK
Bazar,Desechables,Cañita de Papel Flexible Rayas Negras/Blancas 48 U,"0,03 € / 1 U","1,59 €",BETIK
Bazar,Jardin y exterior,Barbacoa Desechable 1 U,"5,79 € / 1 U","5,79 €",BBQ/FOC D´OR
Bazar,Jardin y exterior,Barbacoa Desechable 1 U,"5,79 € / 1 U","5,79 €",BBQ/FOC D´OR
Bazar,Jardin y exterior,Barbacoa Desechable 1 U,"5,79 € / 1 U","5,79 €",BBQ/FOC D´OR
Bazar,Jardin y exterior,Barbacoa Desechable 1 U,"5,79 € / 1 U","5,79 €",BBQ/FOC D´OR
Bazar,Jardin y exterior,Barbacoa Desechable 1 U,"5,79 € / 1 U","5,79 €",BBQ/FOC D´OR
Bazar,Jardin y exterior,Barbacoa Desechable 1 U,"5,79 € / 1 U","5,79 €",BBQ/FOC D´OR
Bazar,Jardin y exterior,Barbacoa Desechable 1 U,"5,79 € / 1 U","5,79 €",BBQ/FOC D´OR
Bazar,Jardin y exterior,Barbacoa Desechable 1 U,"5,79 € / 1 U","5,79 €",BBQ/FOC D´OR
Bazar,Jardin y exterior,Barbacoa Desechable 1 U,"5,79 € / 1 U","5,79 €",BBQ/FOC D´OR
Bazar,Jardin y exterior,Barbacoa Desechable 1 U,"5,79 € / 1 U","5,79 €",BBQ/FOC D´OR
Bazar,Jardin y exterior,Barbacoa Desechable 1 U,"5,79 € / 1 U","5,79 €",BBQ/FOC D´OR
Bazar,Jardin y exterior,Barbacoa Desechable 1 U,"5,79 € / 1 U","5,79 €",BBQ/FOC D´OR
Bazar,Jardin y exterior,Barbacoa Desechable 1 U,"5,79 € / 1 U","5,79 €",BBQ/FOC D´OR
Bazar,Jardin y exterior,Barbacoa Desechable 1 U,"5,79 € / 1 U","5,79 €",BBQ/FOC D´OR
Bazar,Automóvil y bricolaje,Lavaparabrisas al 7% 2 L,"1,25 € / 1 L","2,50 €",AUTOBRILL
Bazar,Automóvil y bricolaje,Lavaparabrisas al 7% 2 L,"1,25 € / 1 L","2,50 €",AUTOBRILL
Bazar,Automóvil y bricolaje,Lavaparabrisas al 7% 2 L,"1,25 € / 1 L","2,50 €",AUTOBRILL
Bazar,Automóvil y bricolaje,Lavaparabrisas al 7% 2 L,"1,25 € / 1 L","2,50 €",AUTOBRILL
Bazar,"Electricidad, pilas y bombillas",Pila Alcalina MINI A23 Pack de 1 unidad 1 U,"1,99 € / 1 U","1,99 €",ENERGIZER
Bazar,"Electricidad, pilas y bombillas",Pila Alcalina MINI A23 Pack de 1 unidad 1 U,"1,99 € / 1 U","1,99 €",ENERGIZER
Bazar,"Electricidad, pilas y bombillas",Pila Alcalina MINI A23 Pack de 1 unidad 1 U,"1,99 € / 1 U","1,99 €",ENERGIZER
Bazar,"Electricidad, pilas y bombillas",Pila Alcalina MINI A23 Pack de 1 unidad 1 U,"1,99 € / 1 U","1,99 €",ENERGIZER
Bazar,"Electricidad, pilas y bombillas",Pila Alcalina MINI A23 Pack de 1 unidad 1 U,"1,99 € / 1 U","1,99 €",ENERGIZER
Bazar,"Electricidad, pilas y bombillas",Pila Alcalina MINI A23 Pack de 1 unidad 1 U,"1,99 € / 1 U","1,99 €",ENERGIZER
Bazar,"Electricidad, pilas y bombillas",Pila Alcalina MINI A23 Pack de 1 unidad 1 U,"1,99 € / 1 U","1,99 €",ENERGIZER
Bazar,"Electricidad, pilas y bombillas",Pila Alcalina MINI A23 Pack de 1 unidad 1 U,"1,99 € / 1 U","1,99 €",ENERGIZER
Bazar,"Electricidad, pilas y bombillas",Pila Alcalina MINI A23 Pack de 1 unidad 1 U,"1,99 € / 1 U","1,99 €",ENERGIZER
Bazar,"Electricidad, pilas y bombillas",Pila Alcalina MINI A23 Pack de 1 unidad 1 U,"1,99 € / 1 U","1,99 €",ENERGIZER
Bazar,"Electricidad, pilas y bombillas",Pila Alcalina MINI A23 Pack de 1 unidad 1 U,"1,99 € / 1 U","1,99 €",ENERGIZER
Bazar,"Electricidad, pilas y bombillas",Pila Alcalina MINI A23 Pack de 1 unidad 1 U,"1,99 € / 1 U","1,99 €",ENERGIZER
Bazar,"Electricidad, pilas y bombillas",Pila Alcalina MINI A23 Pack de 1 unidad 1 U,"1,99 € / 1 U","1,99 €",ENERGIZER
Bazar,"Electricidad, pilas y bombillas",Pila Alcalina MINI A23 Pack de 1 unidad 1 U,"1,99 € / 1 U","1,99 €",ENERGIZER
Bazar,"Electricidad, pilas y bombillas",Pila Alcalina MINI A23 Pack de 1 unidad 1 U,"1,99 € / 1 U","1,99 €",ENERGIZER
Bazar,"Electricidad, pilas y bombillas",Pila Alcalina MINI A23 Pack de 1 unidad 1 U,"1,99 € / 1 U","1,99 €",ENERGIZER
Bazar,"Electricidad, pilas y bombillas",Pila Alcalina MINI A23 Pack de 1 unidad 1 U,"1,99 € / 1 U","1,99 €",ENERGIZER
Bazar,"Electricidad, pilas y bombillas",Pila Alcalina MINI A23 Pack de 1 unidad 1 U,"1,99 € / 1 U","1,99 €",ENERGIZER
Bazar,"Electricidad, pilas y bombillas",Pila Alcalina MINI A23 Pack de 1 unidad 1 U,"1,99 € / 1 U","1,99 €",ENERGIZER
Bazar,"Electricidad, pilas y bombillas",Pila Alcalina MINI A23 Pack de 1 unidad 1 U,"1,99 € / 1 U","1,99 €",ENERGIZER
Bazar,"Electricidad, pilas y bombillas",Pila Cegasa LR20 D Superalkaline 2 x 1 U,"1,93 € / 1 U","3,85 €",CEGASA
Bazar,"Electricidad, pilas y bombillas",Pila Cegasa LR20 D Superalkaline 2 x 1 U,"1,93 € / 1 U","3,85 €",CEGASA
Bazar,"Electricidad, pilas y bombillas",Pila Cegasa LR20 D Superalkaline 2 x 1 U,"1,93 € / 1 U","3,85 €",CEGASA
Bazar,"Electricidad, pilas y bombillas",Pila Cegasa LR20 D Superalkaline 2 x 1 U,"1,93 € / 1 U","3,85 €",CEGASA
Bazar,"Electricidad, pilas y bombillas",Pila Cegasa LR20 D Superalkaline 2 x 1 U,"1,93 € / 1 U","3,85 €",CEGASA
Bazar,"Electricidad, pilas y bombillas",Pila Cegasa LR20 D Superalkaline 2 x 1 U,"1,93 € / 1 U","3,85 €",CEGASA
Bazar,Velas,Vela de Aniversario Número 1 1 U,"0,75 € / 1 U","0,75 €",ROURA
Bazar,Velas,Vela de Aniversario Número 1 1 U,"0,75 € / 1 U","0,75 €",ROURA
Bazar,Velas,Vela de Aniversario Número 1 1 U,"0,75 € / 1 U","0,75 €",ROURA
Bazar,Velas,Vela de Aniversario Número 1 1 U,"0,75 € / 1 U","0,75 €",ROURA
Bazar,Velas,Vela de Aniversario Número 1 1 U,"0,75 € / 1 U","0,75 €",ROURA
Bazar,Velas,Vela de Aniversario Número 1 1 U,"0,75 € / 1 U","0,75 €",ROURA
Bazar,Velas,Vela de Aniversario Número 1 1 U,"0,75 € / 1 U","0,75 €",ROURA
Bazar,Velas,Vela de Aniversario Número 1 1 U,"0,75 € / 1 U","0,75 €",ROURA
Bazar,Velas,Vela de Aniversario Número 1 1 U,"0,75 € / 1 U","0,75 €",ROURA
Bazar,Velas,Vela de Aniversario Número 1 1 U,"0,75 € / 1 U","0,75 €",ROURA
Bazar,Velas,Vela de Aniversario Número 1 1 U,"0,75 € / 1 U","0,75 €",ROURA
Bazar,Velas,Vela de Aniversario Número 1 1 U,"0,75 € / 1 U","0,75 €",ROURA
Bazar,Velas,Vela de Aniversario Número 1 1 U,"0,75 € / 1 U","0,75 €",ROURA
Bazar,Velas,Vela de Aniversario Número 1 1 U,"0,75 € / 1 U","0,75 €",ROURA
Bazar,Velas,Vela de Aniversario Número 1 1 U,"0,75 € / 1 U","0,75 €",ROURA
Bazar,Velas,Vela de Aniversario Número 1 1 U,"0,75 € / 1 U","0,75 €",ROURA
Bazar,Velas,Vela de Aniversario Número 1 1 U,"0,75 € / 1 U","0,75 €",ROURA
Bazar,Velas,Vela de Aniversario Número 1 1 U,"0,75 € / 1 U","0,75 €",ROURA
Bazar,Velas,Vela de Aniversario Número 1 1 U,"0,75 € / 1 U","0,75 €",ROURA
Bazar,Velas,Vela de Aniversario Número 1 1 U,"0,75 € / 1 U","0,75 €",ROURA
Bazar,Velas,Vaso Satinado Perfumado Pink Flower 1 U,"1,95 € / 1 U","1,95 €",ROURA
Bazar,Velas,Vaso Satinado Perfumado Pink Flower 1 U,"1,95 € / 1 U","1,95 €",ROURA
Bazar,Velas,Vaso Satinado Perfumado Pink Flower 1 U,"1,95 € / 1 U","1,95 €",ROURA
Bazar,Velas,Vaso Satinado Perfumado Pink Flower 1 U,"1,95 € / 1 U","1,95 €",ROURA
Bazar,Velas,Vaso Satinado Perfumado Pink Flower 1 U,"1,95 € / 1 U","1,95 €",ROURA
Bazar,Velas,Vaso Satinado Perfumado Pink Flower 1 U,"1,95 € / 1 U","1,95 €",ROURA
Bazar,Velas,Vaso Satinado Perfumado Pink Flower 1 U,"1,95 € / 1 U","1,95 €",ROURA
Bazar,Velas,Vaso Satinado Perfumado Pink Flower 1 U,"1,95 € / 1 U","1,95 €",ROURA
Bazar,Velas,Vaso Satinado Perfumado Pink Flower 1 U,"1,95 € / 1 U","1,95 €",ROURA
Bazar,Velas,Vaso Satinado Perfumado Pink Flower 1 U,"1,95 € / 1 U","1,95 €",ROURA
Bazar,Velas,Vaso Satinado Perfumado Pink Flower 1 U,"1,95 € / 1 U","1,95 €",ROURA
Bazar,Velas,Vaso Satinado Perfumado Pink Flower 1 U,"1,95 € / 1 U","1,95 €",ROURA
Bazar,Velas,Vaso Satinado Perfumado Pink Flower 1 U,"1,95 € / 1 U","1,95 €",ROURA
Bazar,Velas,Vaso Satinado Perfumado Pink Flower 1 U,"1,95 € / 1 U","1,95 €",ROURA
Bazar,Velas,Vaso Satinado Perfumado Pink Flower 1 U,"1,95 € / 1 U","1,95 €",ROURA
Bazar,Velas,Vaso Satinado Perfumado Pink Flower 1 U,"1,95 € / 1 U","1,95 €",ROURA
