categoria,subcategoria,descripcion,unidades,precio,code,compare
Bodega,Cerveza sin alcohol,Cerveza sin alcohol Falke,6 botellines x 250 ml,"2,10 € /pack",86552," 1,40 €/L"
Bodega,Cerveza sin alcohol,Cerveza sin alcohol Falke,Botellín 250 ml,"0,35 € /ud.",86553," 1,40 €/L"
Bodega,Cerveza sin alcohol,"Cerveza 0,0% sin alcohol Falke",6 botellines x 250 ml,"2,10 € /pack",66394," 1,40 €/L"
Bodega,Cerveza sin alcohol,"Cerveza 0,0% sin alcohol Falke",Botellín 250 ml,"0,35 € /ud.",15990," 1,40 €/L"
Bodega,Cerveza sin alcohol,"Cerveza 0,0% sin alcohol tostada Mahou",6 botellines x 330 ml,"6,90 € /pack",66558," 3,485 €/L"
Bodega,Cerveza sin alcohol,"Cerveza 0,0% sin alcohol tostada Mahou",Botellín 330 ml,"1,15 € /ud.",67026," 3,485 €/L"
Bodega,Cerveza sin alcohol,"Cerveza 0,0% sin alcohol tostada Falke",6 botellines x 250 ml,"3,00 € /pack",67623," 2,00 €/L"
Bodega,Cerveza sin alcohol,"Cerveza 0,0% sin alcohol tostada Falke",Botellín 250 ml,"0,50 € /ud.",67624," 2,00 €/L"
Bodega,Cerveza sin alcohol,Cerveza sin alcohol Falke,12 latas x 330 ml,"4,20 € /pack",23694," 1,061 €/L"
Bodega,Cerveza sin alcohol,Cerveza sin alcohol Falke,Lata 330 ml,"0,35 € /ud.",23695," 1,061 €/L"
Bodega,Cerveza sin alcohol,"Cerveza 0,0% sin alcohol Falke",12 latas x 330 ml,"4,20 € /pack",66392," 1,061 €/L"
Bodega,Cerveza sin alcohol,"Cerveza 0,0% sin alcohol Falke",Lata 330 ml,"0,35 € /ud.",66393," 1,061 €/L"
Bodega,Cerveza sin alcohol,"Cerveza 0,0% sin alcohol tostada Falke",12 latas x 330 ml,"6,00 €5,76 € /pack",13417," 1,455 €/L"
Bodega,Cerveza sin alcohol,"Cerveza 0,0% sin alcohol tostada Falke",Lata 330 ml,"0,48 € /ud.",13418," 1,455 €/L"
Bodega,Cerveza sin alcohol,"Cerveza Radler Amstel 0,0% sin alcohol",12 latas x 330 ml,"6,60 € /pack",11270," 1,667 €/L"
Bodega,Cerveza sin alcohol,"Cerveza Radler Amstel 0,0% sin alcohol",Lata 330 ml,"0,59 € /ud.",11271," 1,788 €/L"
Bodega,Licores,Vermouth rojo Maronti reserva,Botella 1 L,"3,45 € /ud.",28520," 3,45 €/L"
Bodega,Licores,Vermouth blanco Maronti,Botella 1 L,"2,50 € /ud.",15846," 2,50 €/L"
Bodega,Licores,Vermouth bianco Martini,Botella 1 L,"10,20 € /ud.",28400," 10,20 €/L"
Bodega,Licores,Vermouth rosso Martini,Botella 1 L,"10,20 € /ud.",28401," 10,20 €/L"
Bodega,Licores,Aperitivo Aperol,Botella 700 ml,"13,40 € /ud.",28356," 19,143 €/L"
Bodega,Licores,Bitter Campari,Botella 700 ml,"15,20 € /ud.",28408," 21,715 €/L"
Bodega,Licores,Vermouth rojo Maronti,Botella 1 L,"2,50 € /ud.",28837," 2,50 €/L"
Bodega,Licores,Ginebra London Dry Gin Larios,Botella 1 L,"12,50 € /ud.",28715," 12,50 €/L"
Bodega,Licores,Ginebra London Dry Gin Beefeater,Botella 700 ml,"13,95 €12,95 € /ud.",28712," 18,50 €/L"
Bodega,Licores,Ginebra Dry Gin Seagram's,Botella 700 ml,"16,50 € /ud.",28032," 23,572 €/L"
Bodega,Licores,Ginebra London Dry Gin Tanqueray,Botella 700 ml,"16,50 €15,50 € /ud.",28775," 22,143 €/L"
Bodega,Licores,Ginebra strawberry Gin Glivery,Botella 700 ml,"7,70 €7,65 € /ud.",28848," 10,929 €/L"
Bodega,Licores,Ginebra sweet Gin Exotic Glivery,Botella 700 ml,"7,80 €7,65 € /ud.",22316," 10,929 €/L"
Bodega,Licores,Ginebra London Dry Gin Kingerly & Sons,Botella 700 ml,"6,25 € /ud.",67632," 8,929 €/L"
Bodega,Licores,Ginebra natural & soft 1185,Botella 700 ml,"6,50 €6,25 € /ud.",52745," 8,929 €/L"
Bodega,Licores,Bebida espirituosa centenario Terry,Botella 1 L,"9,35 €8,90 € /ud.",28246," 8,90 €/L"
Bodega,Licores,Brandy imperial solera reserva Torres 5,Botella 700 ml,"9,75 € /ud.",28213," 13,929 €/L"
Bodega,Licores,Bebida espirituosa Convidado de Baco,Botella 1 L,"6,00 € /ud.",28527," 6,00 €/L"
Bodega,Licores,Brandy de Jerez solera reserva Convidado de Baco,Botella 700 ml,"5,90 € /ud.",28525," 8,429 €/L"
Bodega,Licores,Brandy de Jerez solera gran reserva Convidado de Baco,Botella 700 ml,"9,90 € /ud.",28526," 14,143 €/L"
Bodega,Licores,Whisky escocés Cutty Sark,Botella 700 ml,"12,35 € /ud.",28631," 17,643 €/L"
Bodega,Licores,Whisky escocés Ballantine's,Botella 700 ml,"13,00 €12,45 € /ud.",28604," 17,786 €/L"
Bodega,Licores,Whisky escocés Red Label Johnnie Walker,Botella 700 ml,"15,90 €14,50 € /ud.",28610," 20,715 €/L"
Bodega,Licores,Whisky escocés J&B,Botella 700 ml,"13,00 €11,95 € /ud.",28613," 17,072 €/L"
Bodega,Licores,Whisky escocés James Webb,Botella 700 ml,"6,00 € /ud.",28662," 8,572 €/L"
Bodega,Licores,Whisky escocés Black Label Johnnie Walker,Botella 700 ml,"30,00 €26,95 € /ud.",28630," 38,50 €/L"
Bodega,Licores,Ron añejo Negrita,Botella 700 ml,"9,25 € /ud.",28731," 13,215 €/L"
Bodega,Licores,Ron blanco superior La Recompensa,Botella 700 ml,"5,25 € /ud.",35919," 7,50 €/L"
Bodega,Licores,Ron dominicano añejo Ron Barceló,Botella 700 ml,"14,95 € /ud.",28757," 21,358 €/L"
Bodega,Licores,Ron caribeño sabor coco Malibu,Botella 700 ml,"12,60 € /ud.",28373," 18,00 €/L"
Bodega,Licores,Ron añejo La Recompensa,Botella 700 ml,"5,95 € /ud.",86232," 8,50 €/L"
Bodega,Licores,Ron viejo La Recompensa,Botella 700 ml,"9,50 € /ud.",86707," 13,572 €/L"
Bodega,Licores,Licor crema Irlandesa Royal Swan,Botella 700 ml,"6,25 €6,00 € /ud.",28571," 8,572 €/L"
Bodega,Licores,Licor crema de fresa Royal Swan,Botella 700 ml,"6,95 € /ud.",22614," 9,929 €/L"
Bodega,Licores,Licor crema Puente Pazos,Botella 700 ml,"6,25 € /ud.",28506," 8,929 €/L"
Bodega,Licores,Licor crema choco avellana Royal Swan,Botella 700 ml,"6,50 €6,25 € /ud.",67930," 8,929 €/L"
Bodega,Licores,Licor crema Caramel Biscuit Royal Swan,Botella 700 ml,"7,00 € /ud.",52875," 10,00 €/L"
Bodega,Licores,Bebida espirituosa a base de vodka Knebep caramelo,Botella 700 ml,"5,70 € /ud.",13493," 8,143 €/L"
Bodega,Licores,Vodka Knebep,Botella 1 L,"6,70 € /ud.",28822," 6,70 €/L"
Bodega,Licores,Licor dulce Anís del mono,Botella 700 ml,"8,30 €8,10 € /ud.",28333," 11,572 €/L"
Bodega,Licores,Licor de anís dulce Dama Mayor,Botella 700 ml,"5,90 € /ud.",35969," 8,429 €/L"
Bodega,Licores,Licor de anís Ricard Pastis de Marseille,Botella 700 ml,"12,70 €11,50 € /ud.",28407," 16,429 €/L"
Bodega,Licores,Licor de hierbas Puente Pazos,Botella 700 ml,"6,10 € /ud.",28508," 8,715 €/L"
Bodega,Licores,Licor de limoncello Franzini,Botella 700 ml,"6,85 € /ud.",28335," 9,786 €/L"
Bodega,Licores,Licor de hierbas Jägermeister,Botella 700 ml,"13,85 € /ud.",28724," 19,786 €/L"
Bodega,Licores,Aguardiente de orujo Puente Pazos,Botella 700 ml,"7,10 € /ud.",28507," 10,143 €/L"
Bodega,Licores,Licor dulce Amaretto Del Patriarca,Botella 700 ml,"4,80 € /ud.",28432," 6,858 €/L"
Bodega,Licores,Ponche Convidado de Baco,Botella 700 ml,"6,30 € /ud.",13370," 9,00 €/L"
Bodega,Licores,Tequila Gold Santa Concepción,Botella 700 ml,"10,50 € /ud.",23593," 15,00 €/L"
Bodega,Licores,Pacharán Oibar,Botella 1 L,"6,90 € /ud.",52471," 6,90 €/L"
Bodega,Licores,Licor mora sin alcohol Pi.omka,Botella 700 ml,"2,80 € /ud.",13610," 4,00 €/L"
Bodega,Sidra y cava,Sidra asturiana El Mayu,Botella 750 ml,"1,60 € /ud.",28515," 2,134 €/L"
Bodega,Sidra y cava,Sidra asturiana El Mayu,12 botellines x 250 ml,"10,80 € /pack",23863," 3,60 €/L"
Bodega,Sidra y cava,Sidra asturiana El Mayu,Botellín 250 ml,"0,90 € /ud.",23862," 3,60 €/L"
Bodega,Sidra y cava,Sidra natural Polían,Botella 700 ml,"1,95 € /ud.",28898," 2,786 €/L"
Bodega,Sidra y cava,Cava brut Cabré & Sabaté,Botella 750 ml,"2,95 € /ud.",28921," 3,934 €/L"
Bodega,Sidra y cava,Cava brut Cabré & Sabaté,Benjamín 200 ml,"1,65 € /ud.",22977," 8,25 €/L"
Bodega,Sidra y cava,Cava brut nature Jaume Serra,Botella 750 ml,"4,25 € /ud.",28908," 5,667 €/L"
Bodega,Sidra y cava,Cava brut Anna Codorníu,Botella 750 ml,"9,35 € /ud.",28969," 12,467 €/L"
Bodega,Sidra y cava,Cava brut nature reserva vintage Cabré & Sabaté,Botella 750 ml,"4,00 € /ud.",28938," 5,334 €/L"
Bodega,Sidra y cava,Cava brut nature Bach Extrísimo,Botella 750 ml,"4,95 € /ud.",28909," 6,60 €/L"
Bodega,Sidra y cava,Cava brut Freixenet,Botella 750 ml,"6,95 € /ud.",28005," 9,267 €/L"
Bodega,Sidra y cava,Cava brut nature Jaume Serra reserva,Botella 750 ml,"5,00 € /ud.",28910," 6,667 €/L"
Bodega,Sidra y cava,Cava semi seco Cabré & Sabaté,Botella 750 ml,"2,95 € /ud.",28939," 3,934 €/L"
Bodega,Sidra y cava,Cava semi seco Cabré & Sabaté,Benjamín 200 ml,"1,55 € /ud.",22970," 7,75 €/L"
Bodega,Sidra y cava,Cava semi seco Freixenet,Botella 750 ml,"6,95 € /ud.",28006," 9,267 €/L"
Bodega,Sidra y cava,Bebida zumo de frutas con gas Magic sin alcohol,Botella 750 ml,"2,20 € /ud.",39702," 2,934 €/L"
Bodega,Sidra y cava,Vino espumoso sin alcohol Viña secret,Botella 750 ml,"4,00 € /ud.",67150," 5,334 €/L"
Bodega,Sidra y cava,Cava semi seco Cabré & Sabaté Ice,Botella 750 ml,"3,75 € /ud.",28959," 5,00 €/L"
Bodega,Tinto de verano y sangría,Sangría Casón Histórico,"Botella 1,5 L","1,55 € /ud.",66922," 1,034 €/L"
Bodega,Tinto de verano y sangría,Tinto de verano zero limón Casón Histórico,"Botella 1,5 L","1,15 € /ud.",60748," 0,767 €/L"
Bodega,Tinto de verano y sangría,Sangría Don Simón,"Botella 1,5 L","2,10 € /ud.",66944," 1,40 €/L"
Bodega,Tinto de verano y sangría,Tinto de verano sabor limón Casón Histórico,"Botella 1,5 L","1,20 € /ud.",67818," 0,80 €/L"
Bodega,Tinto de verano y sangría,Tinto de verano classic Casón Histórico,"Botella 1,5 L","1,20 € /ud.",67819," 0,80 €/L"
Bodega,Tinto de verano y sangría,Tinto de verano sabor limón La Casera,"2 botellas x 1,5 L","4,50 € /pack",28059," 1,50 €/L"
Bodega,Tinto de verano y sangría,Tinto de verano sabor limón La Casera,"Botella 1,5 L","2,30 € /ud.",27843," 1,534 €/L"
Bodega,Vino blanco,Vino blanco Casón Histórico,Brick 1 L,"1,00 €0,95 € /ud.",66127," 0,95 €/L"
Bodega,Vino blanco,Vino blanco Don Simón chardonnay airén,3 mini bricks x 250 ml,"1,60 € /pack",66124," 2,134 €/L"
Bodega,Vino blanco,Bebida aromatizada a base de vino para cocinar Abuela Carola,Botella 750 ml,"2,35 € /ud.",66905," 3,134 €/L"
Bodega,Vino blanco,Vino blanco Don Simón,Brick 1 L,"1,60 €1,45 € /ud.",66105," 1,45 €/L"
Bodega,Vino blanco,Vino blanco turbio Teluro,Botella 750 ml,"1,75 € /ud.",66823," 2,334 €/L"
Bodega,Vino blanco,Vino blanco D.O La Mancha Fidencio,Botella 750 ml,"1,40 € /ud.",37138," 1,867 €/L"
Bodega,Vino blanco,Vino blanco Chardonnay Indómito,Botella 750 ml,"2,30 € /ud.",37111," 3,067 €/L"
Bodega,Vino blanco,Vino blanco D.O Rioja El Coto,Botella 750 ml,"4,15 € /ud.",66324," 5,534 €/L"
Bodega,Vino blanco,Vino blanco crianza D.O Valdepeñas Señorío de los Llanos,Botella 750 ml,"2,20 € /ud.",37110," 2,934 €/L"
Bodega,Vino blanco,Vino blanco seco D.O Catalunya Vinya del Mar Azul,Botella 750 ml,"2,10 € /ud.",66523," 2,80 €/L"
Bodega,Vino blanco,Vino blanco D.O Catalunya Perelada Blanc de Blancs,Botella 750 ml,"4,00 € /ud.",66517," 5,334 €/L"
Bodega,Vino blanco,Vino blanco D.O Catalunya Bodegas Torres Viña Sol,Botella 750 ml,"6,60 €4,95 € /ud.",66532," 6,60 €/L"
Bodega,Vino blanco,Vino blanco albariño D.O Rías Baixas Pazo de Orantes,Botella 750 ml,"6,00 € /ud.",67125," 8,00 €/L"
Bodega,Vino blanco,Vino blanco D.O Valencia Finca La Malcriada dulce,Botella 750 ml,"2,60 € /ud.",67123," 3,467 €/L"
Bodega,Vino blanco,Vino blanco Gewürztraminer Mar de Uvas,Botella 750 ml,"4,65 € /ud.",67018," 6,20 €/L"
Bodega,Vino blanco,Vino verde Loureiro D.O Portugal Castelo de Moinhos,Botella 750 ml,"2,50 € /ud.",66851," 3,334 €/L"
Bodega,Vino blanco,Vino blanco viura y tempranillo D.O Rioja Ponce de Albayda,Botella 750 ml,"4,25 € /ud.",86547," 5,667 €/L"
Bodega,Vino blanco,Vino blanco Chardonnay Semiluna,Botella 750 ml,"3,50 € /ud.",52687," 4,667 €/L"
Bodega,Vino blanco,Vino blanco verdejo D.O Rueda Arribeño,Botella 750 ml,"2,00 €1,90 € /ud.",37229," 2,534 €/L"
Bodega,Vino blanco,Vino blanco verdejo D.O Rueda Abadía Mantrús,Botella 750 ml,"2,10 € /ud.",66369," 2,80 €/L"
Bodega,Vino blanco,Vino blanco D.O Rueda Abadía Mantrús Sauvignon Blanc,Botella 750 ml,"3,00 € /ud.",37218," 4,00 €/L"
Bodega,Vino blanco,Vino blanco verdejo D.O Rueda Condado de Teón,Botella 750 ml,"3,80 € /ud.",23279," 5,067 €/L"
Bodega,Vino blanco,Vino blanco suave y afrutado El Pescaito,Botella 750 ml,"2,10 € /ud.",66495," 2,80 €/L"
Bodega,Vino blanco,Vino blanco semidulce Diamante D.O Rioja,Botella 750 ml,"4,30 € /ud.",66352," 5,734 €/L"
Bodega,Vino blanco,Vino blanco semidulce Bach D.O Catalunya,Botella 750 ml,"4,95 € /ud.",66531," 6,60 €/L"
Bodega,Vino blanco,Vino blanco semidulce Vinya del Mar Azul D.O Catalunya,Botella 750 ml,"2,10 € /ud.",66519," 2,80 €/L"
Bodega,Vino blanco,Vino blanco semidulce Allegretto Alba,Botella 750 ml,"2,00 € /ud.",67144," 2,667 €/L"
Bodega,Vino blanco,Vino dulce Pedro Ximénez Real Tesoro D.O Jerez de la frontera,Botella 750 ml,"6,10 €6,00 € /ud.",66912," 8,00 €/L"
Bodega,Vino blanco,Mistela de moscatel Mig Segle D.O Valencia,Botella 750 ml,"3,60 € /ud.",23287," 4,80 €/L"
Bodega,Vino blanco,Mosto tinto Casón Histórico,"Botella 1,5 L","2,00 € /ud.",39896," 1,334 €/L"
Bodega,Vino blanco,Vino fino Corredera D.O Montilla-Moriles,Botella 750 ml,"2,65 € /ud.",66907," 3,534 €/L"
Bodega,Vino blanco,Bebida refrescante aromatizada tinto sin alcohol light Castillo de Salobreña,Botella 1 L,"1,60 € /ud.",39488," 1,60 €/L"
Bodega,Vino lambrusco y espumoso,Lambrusco dell'Emilia rosado espumoso Piccolo Giovanni,Botella 750 ml,"2,15 €1,90 € /ud.",52533," 2,534 €/L"
Bodega,Vino lambrusco y espumoso,Vino tinto dulce de aguja Sangue di Giuda Cueva peccato,Botella 750 ml,"3,90 € /ud.",66673," 5,20 €/L"
Bodega,Vino lambrusco y espumoso,Vino blanco espumoso verdejo DulZ.Ze frizzante,Botella 750 ml,"2,65 € /ud.",66332," 3,534 €/L"
Bodega,Vino lambrusco y espumoso,Lambrusco Dell'Emilia rojo espumoso Piccolo Giovanni,Botella 750 ml,"2,10 € /ud.",15870," 2,80 €/L"
Bodega,Vino lambrusco y espumoso,Vino blanco de aguja espumoso Blanc Pescador,Botella 750 ml,"4,25 € /ud.",66505," 5,667 €/L"
Bodega,Vino lambrusco y espumoso,Vino rosado afrutado espumoso Peñascal,Botella 750 ml,"3,65 € /ud.",37212," 4,867 €/L"
Bodega,Vino lambrusco y espumoso,Vino blanco dulce Moscato espumoso Cueva Peccato,Botella 750 ml,"3,50 € /ud.",66675," 4,667 €/L"
Bodega,Vino rosado,Vino rosado Alicia en el país de las uvas suave y goloso,Botella 750 ml,"2,25 € /ud.",66580," 3,00 €/L"
Bodega,Vino rosado,Vino rosado Casón Histórico,Brick 1 L,"1,05 € /ud.",66126," 1,05 €/L"
Bodega,Vino rosado,Vino rosado D.O Navarra Hypatia,Botella 750 ml,"2,10 € /ud.",37002," 2,80 €/L"
Bodega,Vino rosado,Vino rosado D.O Rioja Comportillo cosecha,Botella 750 ml,"2,40 € /ud.",67115," 3,20 €/L"
Bodega,Vino rosado,Vino rosado D.O La Mancha Fidencio,Botella 750 ml,"1,55 € /ud.",37153," 2,067 €/L"
Bodega,Vino rosado,Vino rosado Dominio de Borgia,Garrafa 5 L,"6,15 € /ud.",37806," 1,23 €/L"
Bodega,Vino rosado,Vino rosado D.O Rioja Arteso Clarete,Botella 750 ml,"3,25 € /ud.",67119," 4,334 €/L"
Bodega,Vino rosado,Vino rosado D.O Cigales ValdeSalud,Botella 750 ml,"2,60 € /ud.",66427," 3,467 €/L"
Bodega,Vino tinto,Vino tinto Casón Histórico,Brick 1 L,"1,05 € /ud.",66211," 1,05 €/L"
Bodega,Vino tinto,Vino tinto Don Simón,Brick 1 L,"1,60 €1,45 € /ud.",66107," 1,45 €/L"
Bodega,Vino tinto,Vino tinto Dominio de Borgia,Botella 2 L,"2,80 € /ud.",37808," 1,40 €/L"
Bodega,Vino tinto,Vino tinto Dominio de Borgia,Garrafa 5 L,"5,55 € /ud.",37805," 1,11 €/L"
Bodega,Vino tinto,Vino tinto D.O Rioja El Coto crianza,Botella 750 ml,"6,30 € /ud.",66320," 8,40 €/L"
Bodega,Vino tinto,Vino tinto D.O Rioja Comportillo cosecha,Botella 750 ml,"2,45 € /ud.",67112," 3,267 €/L"
Bodega,Vino tinto,Vino tinto D.O Rioja Cune crianza,Botella 750 ml,"6,95 € /ud.",66314," 9,267 €/L"
Bodega,Vino tinto,Vino tinto D.O Rioja Comportillo crianza,Botella 750 ml,"2,95 € /ud.",67113," 3,934 €/L"
Bodega,Vino tinto,Vino tinto D.O Rioja Comportillo reserva,Botella 750 ml,"4,10 € /ud.",66325," 5,467 €/L"
Bodega,Vino tinto,Vino tinto D.O Rioja Coto de Imaz reserva,Botella 750 ml,"8,60 € /ud.",66346," 11,467 €/L"
Bodega,Vino tinto,Vino tinto D.O Rioja Arteso crianza,Botella 750 ml,"4,20 € /ud.",67117," 5,60 €/L"
Bodega,Vino tinto,Vino tinto D.O La Mancha Fidencio,Botella 750 ml,"1,45 € /ud.",37139," 1,934 €/L"
Bodega,Vino tinto,Vino tinto D.O Valdepeñas Viña Albali crianza,Botella 750 ml,"2,95 € /ud.",37134," 3,934 €/L"
Bodega,Vino tinto,Vino tinto D.O Valdepeñas Pata Negra reserva,Botella 750 ml,"2,95 € /ud.",13875," 3,934 €/L"
Bodega,Vino tinto,Vino tinto D.O Valdepeñas Viña Albali reserva,Botella 750 ml,"3,70 € /ud.",37114," 4,934 €/L"
Bodega,Vino tinto,Vino tinto D.O Valdepeñas Señorío de los Llanos crianza,Botella 750 ml,"2,25 €2,00 € /ud.",35730," 2,667 €/L"
Bodega,Vino tinto,Vino tinto D.O Valdepeñas Condado de Egara reserva tempranillo,Botella 750 ml,"2,00 € /ud.",37160," 2,667 €/L"
Bodega,Vino tinto,Vino tinto D.O La Mancha Fidencio crianza,Botella 750 ml,"1,65 € /ud.",37164," 2,20 €/L"
Bodega,Vino tinto,Vino tinto D.O Ribera del Duero Abadía Mantrús crianza,Botella 750 ml,"4,60 €4,50 € /ud.",37276," 6,00 €/L"
Bodega,Vino tinto,Vino tinto D.O Ribera del Duero Arribeño roble,Botella 750 ml,"3,80 €3,65 € /ud.",37262," 4,867 €/L"
Bodega,Vino tinto,Vino tinto D.O Ribera del Duero Arribeño roble,Benjamín 187 ml,"2,00 € /ud.",15526," 10,696 €/L"
Bodega,Vino tinto,Vino tinto D.O Campo de Borja Borsao barrica,Botella 750 ml,"2,25 € /ud.",67024," 3,00 €/L"
Bodega,Vino tinto,Vino tinto dulce de aguja Sangue di Giuda Cueva peccato,Botella 750 ml,"3,90 € /ud.",66673," 5,20 €/L"
Bodega,Vino tinto,Vino tinto tempranillo El Mandamás The Guv'Nor,Botella 750 ml,"2,85 € /ud.",37156," 3,80 €/L"
Bodega,Vino tinto,Vino tinto D.O Toro Conquero roble,Botella 750 ml,"2,90 € /ud.",37259," 3,867 €/L"
Bodega,Vino tinto,Vino tinto sin sulfitos añadidos Davida D.O. Navarra,Botella 750 ml,"3,90 € /ud.",37005," 5,20 €/L"
Bodega,Vino tinto,Vino tinto D.O Costers del Segre Raimat Abadía tempranillo,Botella 750 ml,"7,95 € /ud.",66540," 10,60 €/L"
Bodega,Vino tinto,Vino tinto D.O Montsant Racó del Convent,Botella 750 ml,"4,20 € /ud.",67936," 5,60 €/L"
Bodega,Vino tinto,Vino tinto Porto Tawny Almeida Dias,Botella 750 ml,"7,00 € /ud.",67901," 9,334 €/L"
Bodega,Vino tinto,Vino tinto Merlot Mar de Uvas,Botella 750 ml,"2,40 € /ud.",23677," 3,20 €/L"
Bodega,Vino tinto,Vino tinto Syrah Mar de Uvas,Botella 750 ml,"2,35 € /ud.",23676," 3,134 €/L"
Bodega,Vino tinto,Vino tinto D.O Toro Arribeño joven,Botella 750 ml,"2,00 € /ud.",37263," 2,667 €/L"
Bodega,Vino tinto,Vino tinto D.O Cariñena Sierra de Viento roble,Botella 750 ml,"1,65 € /ud.",67507," 2,20 €/L"
Bodega,Vino tinto,Vino tinto D.O Somontano Llanto de uva reserva,Botella 750 ml,"4,55 € /ud.",13866," 6,067 €/L"
Bodega,Vino tinto,Vino tinto Caperucita tinta Torre Oria suave,Botella 750 ml,"1,95 € /ud.",66349," 2,60 €/L"
Bodega,Vino tinto,Vino tinto D.O Priorat Arc de Pedra,Botella 750 ml,"8,50 € /ud.",22108," 11,334 €/L"
Bodega,Vino tinto,Vino tinto D.O Catalunya Vinya del Mar Azul,Botella 750 ml,"2,10 € /ud.",66524," 2,80 €/L"
Bodega,Vino tinto,Vino tinto Bobal Para Pecar,Botella 750 ml,"3,00 €2,90 € /ud.",70727," 3,867 €/L"
Bodega,Vino tinto,Vino tinto D.O Catalunya Bodegas Torres Sangre de Toro,Botella 750 ml,"4,90 €3,95 € /ud.",66510," 5,267 €/L"
"Cacao, café e infusiones",Cacao soluble y chocolate a la taza,Cacao soluble instantáneo Nesquik,Paquete 1 kg,"5,99 € /ud.",13204," 5,99 €/kg"
"Cacao, café e infusiones",Cacao soluble y chocolate a la taza,Cacao soluble instantáneo Nesquik,Bote 390 g,"3,29 € /ud.",13216," 8,436 €/kg"
"Cacao, café e infusiones",Cacao soluble y chocolate a la taza,Cacao soluble 0% azúcares añadidos ColaCao,Bote 325 g,"4,29 € /ud.",13006," 13,20 €/kg"
"Cacao, café e infusiones",Cacao soluble y chocolate a la taza,Cacao soluble ColaCao original,Bote 760 g,"6,49 € /ud.",13021," 8,54 €/kg"
"Cacao, café e infusiones",Cacao soluble y chocolate a la taza,Cacao soluble ColaCao original,Bote 383 g,"3,79 € /ud.",13019," 9,896 €/kg"
"Cacao, café e infusiones",Cacao soluble y chocolate a la taza,Cacao soluble instantáneo Hacendado,Paquete 1 kg,"3,90 € /ud.",13213," 3,90 €/kg"
"Cacao, café e infusiones",Cacao soluble y chocolate a la taza,Cacao soluble Hacendado,Bote 1 kg,"3,65 € /ud.",35513," 3,65 €/kg"
"Cacao, café e infusiones",Cacao soluble y chocolate a la taza,Cacao soluble Hacendado,Bote 480 g,"2,30 € /ud.",12519," 4,792 €/kg"
"Cacao, café e infusiones",Cacao soluble y chocolate a la taza,Cacao soluble ColaCao original,"Caja 2,5 kg","15,99 €14,99 € /ud.",86469," 5,996 €/kg"
"Cacao, café e infusiones",Cacao soluble y chocolate a la taza,Cacao soluble 0% azúcares añadidos Hacendado,Bote 450 g,"3,35 € /ud.",22849," 7,445 €/kg"
"Cacao, café e infusiones",Cacao soluble y chocolate a la taza,Cacao soluble instantáneo Nesquik,"Caja 2,7 kg","13,45 €11,99 € /ud.",67739," 4,441 €/kg"
"Cacao, café e infusiones",Cacao soluble y chocolate a la taza,Cacao soluble instantáneo Hacendado,Bote 500 g,"2,50 € /ud.",13212," 5,00 €/kg"
"Cacao, café e infusiones",Cacao soluble y chocolate a la taza,Cacao soluble en sobres Hacendado,Caja 6 sobres (108 g),"1,30 € /ud.",23231," 12,038 €/kg"
"Cacao, café e infusiones",Cacao soluble y chocolate a la taza,Cacao puro en polvo La Chocolatera,Bote 265 g,"2,90 € /ud.",22580," 10,944 €/kg"
"Cacao, café e infusiones",Cacao soluble y chocolate a la taza,Cacao en polvo a la taza Valor,Paquete 500 g,"3,25 € /ud.",12017," 6,50 €/kg"
"Cacao, café e infusiones",Cacao soluble y chocolate a la taza,Chocolate líquido a la taza Hacendado,Brick 1 L,"2,30 €2,20 € /ud.",10005," 2,20 €/L"
"Cacao, café e infusiones",Cacao soluble y chocolate a la taza,Cacao en polvo a la taza Hacendado,Paquete 400 g,"1,80 € /ud.",12585," 4,50 €/kg"
"Cacao, café e infusiones",Café cápsula y monodosis,Café en cápsula extra fuerte Hacendado,Caja 20 cápsulas (104 g),"3,60 €3,50 € /ud.",10350," 33,654 €/kg"
"Cacao, café e infusiones",Café cápsula y monodosis,Café en cápsula descafeinado Hacendado,Caja 20 cápsulas (104 g),"3,60 €3,50 € /ud.",10355," 33,654 €/kg"
"Cacao, café e infusiones",Café cápsula y monodosis,Café en cápsula Colombia Hacendado,Caja 20 cápsulas (104 g),"3,65 €3,55 € /ud.",10354," 34,135 €/kg"
"Cacao, café e infusiones",Café cápsula y monodosis,Café en cápsula espresso Hacendado,Caja 20 cápsulas (104 g),"3,60 €3,50 € /ud.",10352," 33,654 €/kg"
"Cacao, café e infusiones",Café cápsula y monodosis,Café en cápsula ristretto Hacendado,Caja 20 cápsulas (106 g),"3,60 €3,50 € /ud.",10351," 33,019 €/kg"
"Cacao, café e infusiones",Café cápsula y monodosis,Café en cápsula doble espresso Hacendado,Caja 20 cápsulas (110 g),"3,60 €3,50 € /ud.",10353," 31,819 €/kg"
"Cacao, café e infusiones",Café cápsula y monodosis,Café en cápsula descafeinado espresso Hacendado,Caja 20 cápsulas (104 g),"3,60 €3,50 € /ud.",13596," 33,654 €/kg"
"Cacao, café e infusiones",Café cápsula y monodosis,Café en cápsula espresso intenso Dolce Gusto,Caja 16 cápsulas (112 g),"4,25 € /ud.",11931," 37,947 €/kg"
"Cacao, café e infusiones",Café cápsula y monodosis,Café en cápsula extra forte Hacendado,Caja 16 cápsulas (112 g),"3,20 € /ud.",13636," 28,572 €/kg"
"Cacao, café e infusiones",Café cápsula y monodosis,Café en cápsula forte Hacendado,Caja 16 cápsulas (112 g),"3,20 € /ud.",13635," 28,572 €/kg"
"Cacao, café e infusiones",Café cápsula y monodosis,Café en cápsula classic Hacendado,Caja 16 cápsulas (112 g),"3,20 € /ud.",13634," 28,572 €/kg"
"Cacao, café e infusiones",Café cápsula y monodosis,Café en cápsula descafeinado espresso intenso Dolce Gusto,Caja 16 cápsulas (992 g),"4,25 € /ud.",11869," 37,947 €/kg"
"Cacao, café e infusiones",Café cápsula y monodosis,Café con leche en cápsula Dolce Gusto,Caja 16 cápsulas (160 g),"4,25 € /ud.",11801," 26,563 €/kg"
"Cacao, café e infusiones",Café cápsula y monodosis,Café con leche en cápsula Hacendado,Caja 16 cápsulas (152 g),"3,20 € /ud.",67658," 21,053 €/kg"
"Cacao, café e infusiones",Café cápsula y monodosis,Café en cápsula ristretto napoli Dolce Gusto,Caja 16 cápsulas (128 g),"4,25 € /ud.",11918," 33,204 €/kg"
"Cacao, café e infusiones",Café cápsula y monodosis,Café en cápsula cortado Dolce Gusto,"Caja 16 cápsulas (100,8 g)","4,25 € /ud.",11785," 42,50 €/kg"
"Cacao, café e infusiones",Café cápsula y monodosis,Café en cápsula descafeinado Hacendado,Caja 16 cápsulas (112 g),"3,20 € /ud.",23293," 28,572 €/kg"
"Cacao, café e infusiones",Café cápsula y monodosis,Café cortado en cápsula Hacendado,"Caja 16 cápsulas (92,8 g)","3,20 € /ud.",11065," 31,747 €/kg"
"Cacao, café e infusiones",Café cápsula y monodosis,Café en cápsula cappuccino Dolce Gusto,"Caja 8 cápsulas (186,4 g)","4,89 € /ud.",11899," 26,291 €/kg"
"Cacao, café e infusiones",Café cápsula y monodosis,Café con leche en cápsula descafeinado Hacendado,Caja 16 cápsulas (152 g),"3,20 € /ud.",23405," 21,053 €/kg"
"Cacao, café e infusiones",Café cápsula y monodosis,Cortado en cápsula descafeinado Hacendado,"Caja 16 cápsulas (91,2 g)","3,20 € /ud.",23404," 35,088 €/kg"
"Cacao, café e infusiones",Café cápsula y monodosis,Café en cápsula doble espresso Hacendado,Caja 16 cápsulas (128 g),"3,20 € /ud.",22801," 25,00 €/kg"
"Cacao, café e infusiones",Café cápsula y monodosis,Café en cápsula cappuccino Hacendado,"Caja 8 cápsulas (185,6 g)","3,20 € /ud.",52775," 17,298 €/kg"
"Cacao, café e infusiones",Café cápsula y monodosis,Café en cápsula espresso Tassimo,"Paquete 16 cápsulas (118,4 g)","5,30 € /ud.",11873," 44,764 €/kg"
"Cacao, café e infusiones",Café cápsula y monodosis,Café en cápsula largo Tassimo,"Paquete 16 cápsulas (132,8 g)","5,30 € /ud.",11872," 39,91 €/kg"
"Cacao, café e infusiones",Café cápsula y monodosis,Café en cápsula cortado Tassimo,Paquete 16 cápsulas (184 g),"5,30 € /ud.",11875," 28,805 €/kg"
"Cacao, café e infusiones",Café cápsula y monodosis,Café en cápsula descafeinado Tassimo,"Paquete 16 cápsulas (118,4 g)","5,30 € /ud.",11874," 44,764 €/kg"
"Cacao, café e infusiones",Café cápsula y monodosis,Café con leche en cápsula Tassimo,Paquete 16 cápsulas (184 g),"5,30 € /ud.",11871," 28,805 €/kg"
"Cacao, café e infusiones",Café cápsula y monodosis,Café monodosis natural Hacendado,Paquete 32 dosis (224 g),"2,15 € /ud.",11770," 9,599 €/kg"
"Cacao, café e infusiones",Café cápsula y monodosis,Café monodosis mezcla Hacendado,Paquete 32 dosis (224 g),"2,60 € /ud.",11730," 11,608 €/kg"
"Cacao, café e infusiones",Café cápsula y monodosis,Café monodosis intenso Hacendado,Paquete 32 dosis (224 g),"2,90 € /ud.",11732," 12,947 €/kg"
"Cacao, café e infusiones",Café cápsula y monodosis,Café monodosis descafeinado natural Hacendado,Paquete 32 dosis (224 g),"2,30 € /ud.",11777," 10,268 €/kg"
"Cacao, café e infusiones",Café molido y en grano,Café molido natural Hacendado,Paquete 500 g,"3,35 € /ud.",11178," 6,70 €/kg"
"Cacao, café e infusiones",Café molido y en grano,Café molido natural Hacendado,Paquete 250 g,"1,75 € /ud.",11172," 7,00 €/kg"
"Cacao, café e infusiones",Café molido y en grano,Café molido mezcla fuerte Hacendado,Paquete 500 g,"3,15 € /ud.",15922," 6,30 €/kg"
"Cacao, café e infusiones",Café molido y en grano,Café molido mezcla fuerte Hacendado,Paquete 250 g,"1,65 € /ud.",15923," 6,60 €/kg"
"Cacao, café e infusiones",Café molido y en grano,Café molido natural fuerte Hacendado,Paquete 500 g,"2,95 € /ud.",13700," 5,90 €/kg"
"Cacao, café e infusiones",Café molido y en grano,Café molido natural fuerte Hacendado,Paquete 250 g,"1,55 € /ud.",11171," 6,20 €/kg"
"Cacao, café e infusiones",Café molido y en grano,Café molido descafeinado natural Hacendado,Paquete 500 g,"3,30 € /ud.",13593," 6,60 €/kg"
"Cacao, café e infusiones",Café molido y en grano,Café molido descafeinado natural Hacendado,Paquete 250 g,"1,70 € /ud.",13592," 6,80 €/kg"
"Cacao, café e infusiones",Café molido y en grano,Café molido descafeinado mezcla Hacendado,Paquete 500 g,"3,30 € /ud.",11719," 6,60 €/kg"
"Cacao, café e infusiones",Café molido y en grano,Café molido descafeinado mezcla Hacendado,Paquete 250 g,"1,70 € /ud.",11711," 6,80 €/kg"
"Cacao, café e infusiones",Café molido y en grano,Café molido natural Hacendado Espresso,Paquete 250 g,"2,20 € /ud.",11714," 8,80 €/kg"
"Cacao, café e infusiones",Café molido y en grano,Café molido mezcla Hacendado Espresso,Paquete 250 g,"2,20 € /ud.",11752," 8,80 €/kg"
"Cacao, café e infusiones",Café molido y en grano,Café molido Colombia Hacendado,Paquete 250 g,"3,20 € /ud.",11715," 12,80 €/kg"
"Cacao, café e infusiones",Café molido y en grano,Café molido descafeinado Hacendado Espresso,Paquete 250 g,"2,55 € /ud.",11744," 10,20 €/kg"
"Cacao, café e infusiones",Café molido y en grano,Café molido natural Marcilla gran aroma,Caja 250 g,"3,45 € /ud.",11848," 13,80 €/kg"
"Cacao, café e infusiones",Café molido y en grano,Café molido mezcla Marcilla crème express,Caja 250 g,"4,00 € /ud.",11845," 16,00 €/kg"
"Cacao, café e infusiones",Café molido y en grano,Café molido mezcla Marcilla gran aroma,Caja 250 g,"3,45 € /ud.",11847," 13,80 €/kg"
"Cacao, café e infusiones",Café molido y en grano,Café en grano natural Hacendado,Paquete 1 kg,"7,70 € /ud.",13594," 7,70 €/kg"
"Cacao, café e infusiones",Café molido y en grano,Café en grano mezcla fuerte Hacendado,Paquete 1 kg,"7,55 € /ud.",11007," 7,55 €/kg"
"Cacao, café e infusiones",Café molido y en grano,Café en grano descafeinado natural Hacendado,Paquete 1 kg,"8,40 € /ud.",52491," 8,40 €/kg"
"Cacao, café e infusiones",Café molido y en grano,Café en grano extra fuerte Hacendado,Paquete 1 kg,"6,95 € /ud.",11077," 6,95 €/kg"
"Cacao, café e infusiones",Café soluble y otras bebidas,Café soluble Classic Hacendado,Bote 200 g,"2,70 € /ud.",22163," 13,50 €/kg"
"Cacao, café e infusiones",Café soluble y otras bebidas,Café soluble Classic Hacendado,Bote 100 g,"1,90 € /ud.",22718," 19,00 €/kg"
"Cacao, café e infusiones",Café soluble y otras bebidas,Café soluble clásico Hacendado en sobres,Caja 10 sobres (20 g),"1,00 € /ud.",11049," 5,00 €/100 g"
"Cacao, café e infusiones",Café soluble y otras bebidas,Café soluble natural Nescafé classic,Tarro 200 g,"6,65 € /ud.",11136," 33,25 €/kg"
"Cacao, café e infusiones",Café soluble y otras bebidas,Café soluble natural Nescafé classic,Tarro 100 g,"4,30 €3,99 € /ud.",11111," 39,90 €/kg"
"Cacao, café e infusiones",Café soluble y otras bebidas,Café soluble descafeinado Hacendado,Bote 200 g,"3,20 € /ud.",22164," 16,00 €/kg"
"Cacao, café e infusiones",Café soluble y otras bebidas,Café soluble descafeinado Hacendado,Bote 100 g,"1,95 € /ud.",22719," 19,50 €/kg"
"Cacao, café e infusiones",Café soluble y otras bebidas,Café soluble en sobres descafeinado Hacendado,Caja 10 sobres (20 g),"1,10 € /ud.",11051," 5,50 €/100 g"
"Cacao, café e infusiones",Café soluble y otras bebidas,Café soluble descafeinado Nescafé classic,Tarro 200 g,"6,65 € /ud.",11101," 33,25 €/kg"
"Cacao, café e infusiones",Café soluble y otras bebidas,Café soluble descafeinado Nescafé classic,Tarro 100 g,"4,30 €3,99 € /ud.",11104," 39,90 €/kg"
"Cacao, café e infusiones",Café soluble y otras bebidas,Café soluble espresso Creme Hacendado,Bote 80 g,"2,50 € /ud.",11123," 31,25 €/kg"
"Cacao, café e infusiones",Café soluble y otras bebidas,Café soluble cappuccino Hacendado,Bote 250 g,"2,65 € /ud.",23406," 10,60 €/kg"
"Cacao, café e infusiones",Café soluble y otras bebidas,Café soluble cappuccino caramelo Hacendado,Bote 250 g,"2,90 € /ud.",67660," 11,60 €/kg"
"Cacao, café e infusiones",Café soluble y otras bebidas,Café soluble cappuccino vienés Hacendado,Bote 300 g,"2,65 € /ud.",11134," 8,834 €/kg"
"Cacao, café e infusiones",Café soluble y otras bebidas,Café soluble selección Hacendado,Bote 100 g,"3,15 € /ud.",11115," 31,50 €/kg"
"Cacao, café e infusiones",Café soluble y otras bebidas,Café soluble cappuccino descafeinado Hacendado,Bote 250 g,"3,10 € /ud.",23407," 12,40 €/kg"
"Cacao, café e infusiones",Café soluble y otras bebidas,Café con leche cappuccino Hacendado,Vaso 250 ml,"0,80 € /ud.",10666," 3,20 €/L"
"Cacao, café e infusiones",Café soluble y otras bebidas,Café con leche light sin lactosa Hacendado,Vaso 250 ml,"0,95 € /ud.",10642," 3,80 €/L"
"Cacao, café e infusiones",Café soluble y otras bebidas,Café con leche espresso Hacendado,Vaso 250 ml,"0,80 € /ud.",10644," 3,20 €/L"
"Cacao, café e infusiones",Café soluble y otras bebidas,Café con leche descafeinado Hacendado,Vaso 250 ml,"0,85 € /ud.",10672," 3,40 €/L"
"Cacao, café e infusiones",Café soluble y otras bebidas,Crema de leche para café Campina,Paquete 20 ud. (200 ml),"1,10 € /ud.",10449," 5,50 €/L"
"Cacao, café e infusiones",Café soluble y otras bebidas,Cereales solubles con achicoria Hacendado,Bote 150 g,"2,10 € /ud.",11187," 14,00 €/kg"
"Cacao, café e infusiones",Café soluble y otras bebidas,Filtros de café para cafeteras tamaño 2 y 4 Bosque Verde,Caja 100 filtros,"1,95 € /ud.",60515," 0,02 €/ud"
"Cacao, café e infusiones",Té e infusiones,Té verde Hacendado,Caja 20 bolsitas (30 g),"0,75 € /ud.",13651," 2,50 €/100 g"
"Cacao, café e infusiones",Té e infusiones,Té rojo Hacendado,Caja 20 bolsitas (40 g),"1,15 € /ud.",11054," 2,875 €/100 g"
"Cacao, café e infusiones",Té e infusiones,Té Chai Hacendado,Caja 20 bolsitas (40 g),"1,40 € /ud.",11433," 3,50 €/100 g"
"Cacao, café e infusiones",Té e infusiones,Té verde con limón Hacendado,Caja 20 bolsitas (40 g),"1,20 € /ud.",13657," 3,00 €/100 g"
"Cacao, café e infusiones",Té e infusiones,Té negro PG tips,Caja 40 bolsitas (116 g),"2,50 € /ud.",52967," 21,552 €/kg"
"Cacao, café e infusiones",Té e infusiones,Té negro con canela Hacendado,Caja 20 bolsitas (30 g),"1,40 € /ud.",35727," 4,667 €/100 g"
"Cacao, café e infusiones",Té e infusiones,Té matcha en polvo Hacendado,Caja 10 sobres (15 g),"3,20 € /ud.",11440," 21,334 €/100 g"
"Cacao, café e infusiones",Té e infusiones,Té verde con hierbabuena Hacendado,Caja 20 bolsitas (40 g),"1,35 € /ud.",11175," 3,375 €/100 g"
"Cacao, café e infusiones",Té e infusiones,Infusión manzanilla Hacendado,Caja 20 bolsitas (27 g),"0,60 €0,55 € /ud.",11168," 2,038 €/100 g"
"Cacao, café e infusiones",Té e infusiones,Infusión Menta Poleo Hacendado,Caja 20 bolsitas (30 g),"0,65 € /ud.",13395," 2,167 €/100 g"
"Cacao, café e infusiones",Té e infusiones,Infusión Tila Hacendado,Caja 20 bolsitas (24 g),"0,90 €0,85 € /ud.",11431," 3,542 €/100 g"
"Cacao, café e infusiones",Té e infusiones,Infusión Cola de caballo Hacendado,Caja 20 bolsitas (30 g),"1,20 € /ud.",11447," 4,00 €/100 g"
"Cacao, café e infusiones",Té e infusiones,Infusión Manzanilla con anís Hacendado,Caja 20 bolsitas (26 g),"0,85 € /ud.",11430," 3,27 €/100 g"
"Cacao, café e infusiones",Té e infusiones,Infusión Relax Hacendado,Caja 20 bolsitas (30 g),"1,05 € /ud.",11408," 3,50 €/100 g"
"Cacao, café e infusiones",Té e infusiones,Infusión Laxsen sabor menta Hacendado,Caja 20 bolsitas (30 g),"1,20 € /ud.",11470," 4,00 €/100 g"
"Cacao, café e infusiones",Té e infusiones,Infusión Tomillo Hacendado,Caja 20 bolsitas (24 g),"1,05 € /ud.",11453," 4,375 €/100 g"
"Cacao, café e infusiones",Té e infusiones,Infusión Dormir Hacendado,Caja 20 bolsitas (30 g),"1,05 € /ud.",11427," 3,50 €/100 g"
"Cacao, café e infusiones",Té e infusiones,Infusión Rooibos cítricos Hacendado,Caja 20 bolsitas (40 g),"1,15 € /ud.",13652," 2,875 €/100 g"
"Cacao, café e infusiones",Té e infusiones,Infusión Figura Hacendado,Caja 20 bolsitas (30 g),"1,20 € /ud.",11426," 4,00 €/100 g"
"Cacao, café e infusiones",Té e infusiones,Infusión Digest Hacendado,Caja 20 bolsitas (40 g),"1,10 €1,05 € /ud.",15726," 2,625 €/100 g"
"Cacao, café e infusiones",Té e infusiones,Infusión Respir Hacendado,Caja 20 bolsitas (30 g),"1,40 € /ud.",11415," 4,667 €/100 g"
"Cacao, café e infusiones",Té e infusiones,Infusión yerba mate Taragüi,Paquete 500 g,"3,00 €2,85 € /ud.",11326," 5,70 €/kg"
"Cacao, café e infusiones",Té e infusiones,Infusión Jengibre Hacendado,Caja 20 bolsitas (40 g),"1,35 € /ud.",11400," 3,375 €/100 g"
"Cacao, café e infusiones",Té e infusiones,Infusión Manzanilla sabor a miel Hacendado,Caja 20 bolsitas (26 g),"1,15 € /ud.",11454," 4,424 €/100 g"
"Cacao, café e infusiones",Té e infusiones,Infusión frutos rojos Hacendado,Caja 20 bolsitas (40 g),"1,40 € /ud.",11061," 3,50 €/100 g"
"Cacao, café e infusiones",Té e infusiones,Infusión Cúrcuma Hacendado,Caja 20 bolsitas (34 g),"1,40 € /ud.",11438," 4,118 €/100 g"
"Cacao, café e infusiones",Té e infusiones,Infusión Quema grasas Hacendado,Caja 20 bolsitas (30 g),"1,20 € /ud.",11443," 4,00 €/100 g"
"Cacao, café e infusiones",Té e infusiones,Infusión Hinojo Hacendado,Caja 20 bolsitas (40 g),"1,20 € /ud.",11468," 3,00 €/100 g"
Carne,Arreglos,"Arreglo para puchero vacuno, cerdo y pollo",Bandeja 1 kg aprox.,"5,40 € /ud.",3497," 5,40 €/kg"
Carne,Arreglos,Pelota de cerdo y vacuno,Bandeja 2 ud. (280 g aprox.),"2,70 € /ud.",35862," 9,64 €/kg"
Carne,Arreglos,Mini pelotas de cerdo y vacuno,Bandeja 330 g aprox.,"3,80 € /ud.",35863," 11,50 €/kg"
Carne,Arreglos,Hueso garrón Incarlopsa,290 g aprox.,"1,16 € /pack",58307," 4,00 €/kg"
Carne,Arreglos,Hueso vacuno,Bandeja 250 g aprox.,"1,05 € /ud.",3496," 4,20 €/kg"
Carne,Arreglos,Trozo de vacuno para cocido,Bandeja 300 g aprox.,"3,84 € /ud.",2692," 12,79 €/kg"
Carne,Arreglos,Compango asturiano,Paquete 250 g,"2,65 € /ud.",53011," 10,60 €/kg"
Carne,Arreglos,Espinazo de cerdo,Bandeja 180 g aprox.,"0,77 € /ud.",2689," 4,30 €/kg"
Carne,Arreglos,Manos de cerdo,Bandeja 500 g aprox.,"3,10 € /ud.",2851," 6,20 €/kg"
Carne,Arreglos,Costilla de vacuno,Bandeja 250 g aprox.,"2,88 € /ud.",3499," 11,50 €/kg"
Carne,Arreglos,Tocino de cerdo,Paquete 190 g aprox.,"0,86 € /ud.",35805," 4,50 €/kg"
Carne,Arreglos,Chorizo asturiano,Paquete 250 g,"2,78 € /ud.",59154," 11,12 €/kg"
Carne,Arreglos,Hueso blanco de cerdo salado,Bandeja 350 g aprox.,"1,49 € /ud.",1892," 4,25 €/kg"
Carne,Arreglos,Preparado de cerdo salado,Bandeja 500 g aprox.,"2,35 € /ud.",1423," 4,70 €/kg"
Carne,Arreglos,Arreglo para escudella,Bandeja 1 kg aprox.,"6,25 € /ud.",3739," 6,25 €/kg"
Carne,Arreglos,Media gallina,Bandeja 450 g aprox.,"2,21 € /ud.",3795," 4,90 €/kg"
Carne,Aves y pollo,Filetes pechuga de pavo,Bandeja 600 g aprox.,"4,92 € /ud.",2794," 8,20 €/kg"
Carne,Aves y pollo,Filetes pechuga de pavo Procavi corte fino,Bandeja 570 g aprox.,"5,53 € /ud.",4524," 9,70 €/kg"
Carne,Aves y pollo,Chuletas de pavo contramuslo,Bandeja 760 g aprox.,"5,40 € /ud.",4523," 7,10 €/kg"
Carne,Aves y pollo,Tacos de pavo,Bandeja 600 g aprox.,"4,44 € /ud.",2792," 7,40 €/kg"
Carne,Aves y pollo,Solomillo de pavo,Bandeja 600 g aprox.,"4,74 € /ud.",25926," 7,90 €/kg"
Carne,Aves y pollo,Chuletas de pavo al ajillo,Bandeja 600 g aprox.,"4,14 € /ud.",2837," 6,90 €/kg"
Carne,Aves y pollo,Brochetas de pavo,Bandeja 500 g aprox.,"4,35 € /ud.",4156," 8,70 €/kg"
Carne,Aves y pollo,Pechugas de pavo pimentón,Bandeja 580 g aprox.,"4,92 € /ud.",2836," 8,49 €/kg"
Carne,Aves y pollo,Tacos de pavo al ajillo,Bandeja 600 g aprox.,"3,81 € /ud.",3443," 6,35 €/kg"
Carne,Aves y pollo,Filetes de pavo contramuslo Procavi,Bandeja 500 g aprox.,"3,95 € /ud.",4109," 7,90 €/kg"
Carne,Aves y pollo,Codornices abiertas,Bandeja 300 g aprox.,"3,87 € /ud.",3508," 12,90 €/kg"
Carne,Aves y pollo,Foie gras de pato fresco Martiko,Paquete 135 g,"9,45 € /ud.",35396," 70,00 €/kg"
Carne,Aves y pollo,Codornices,Bandeja 350 g aprox.,"4,16 € /ud.",2796," 11,90 €/kg"
Carne,Aves y pollo,Magret de pato,Pieza 380 g aprox.,"9,12 € /ud.",25629," 24,00 €/kg"
Carne,Aves y pollo,Medallones solomillo de pavo,Bandeja 300 g aprox.,"3,39 € /ud.",4384," 11,30 €/kg"
Carne,Aves y pollo,Filetes pechuga de pollo corte fino,Bandeja 500 g aprox.,"4,28 € /ud.",3400," 8,55 €/kg"
Carne,Aves y pollo,Filetes pechuga de pollo,Bandeja 650 g aprox.,"4,81 € /ud.",2787," 7,40 €/kg"
Carne,Aves y pollo,Contramuslos de pollo deshuesados y sin piel,Bandeja 550 g aprox.,"3,96 € /ud.",2789," 7,20 €/kg"
Carne,Aves y pollo,Solomillos de pollo,Bandeja 500 g aprox.,"4,13 € /ud.",2786," 8,25 €/kg"
Carne,Aves y pollo,Pechugas enteras de pollo,"Bandeja 1,2 kg aprox.","6,95 € /ud.",3682," 5,79 €/kg"
Carne,Aves y pollo,Cuartos traseros familiar de pollo,"Bandeja 1,6 kg aprox.","4,88 € /ud.",3680," 3,05 €/kg"
Carne,Aves y pollo,Cuartos traseros de pollo,Bandeja 800 g aprox.,"2,72 € /ud.",3727," 3,40 €/kg"
Carne,Aves y pollo,Muslos de pollo deshuesados con piel,Bandeja 500 g aprox.,"2,88 € /ud.",2788," 5,75 €/kg"
Carne,Aves y pollo,Pechugas enteras de pollo,Bandeja 500 g aprox.,"3,48 € /ud.",3724," 6,95 €/kg"
Carne,Aves y pollo,Medio pollo troceado,Bandeja 900 g aprox.,"3,60 € /ud.",2779," 4,00 €/kg"
Carne,Aves y pollo,Brochetas de pollo,Bandeja 370 g aprox.,"3,20 € /ud.",35902," 8,66 €/kg"
Carne,Aves y pollo,Jamoncitos de pollo,Bandeja 920 g aprox.,"3,59 € /ud.",2778," 3,90 €/kg"
Carne,Aves y pollo,Alas partidas de pollo,Bandeja 600 g aprox.,"3,23 € /ud.",2785," 5,39 €/kg"
Carne,Aves y pollo,Carcasa y espinazo de pollo,Bandeja 1 kg aprox.,"1,50 € /ud.",2853," 1,50 €/kg"
Carne,Aves y pollo,Pechugas de pollo marinadas empanadas sin gluten,Bandeja 360 g aprox.,"2,83 € /ud.",21227," 7,87 €/kg"
Carne,Aves y pollo,Filetes pechuga de pollo certificado alimentado con un 50% de maíz,Bandeja 500 g aprox.,"4,59 € /ud.",2791," 9,17 €/kg"
Carne,Aves y pollo,Flautas de pollo y queso,Bandeja 280 g,"2,00 € /ud.",2137," 7,327 €/kg"
Carne,Aves y pollo,Pechugas de pollo finas hierbas marinadas,Bandeja 650 g aprox.,"4,81 € /ud.",2833," 7,40 €/kg"
Carne,Aves y pollo,Pollo entero,"Bandeja 1,9 kg aprox.","6,17 € /ud.",2781," 3,25 €/kg"
Carne,Aves y pollo,Hígados y corazones de pollo,Tarrina 450 g aprox.,"1,73 € /ud.",2857," 3,85 €/kg"
Carne,Aves y pollo,Cuartos traseros de pollo certificado alimentado con un 50% de maíz,Bandeja 900 g aprox.,"4,41 € /ud.",2783," 4,90 €/kg"
Carne,Aves y pollo,Medallones pechuga de pollo marinado,Bandeja 650 g aprox.,"4,52 € /ud.",2831," 6,95 €/kg"
Carne,Aves y pollo,Contramuslos de pollo sin piel,Bandeja 900 g aprox.,"4,01 € /ud.",2777," 4,45 €/kg"
Carne,Aves y pollo,Alas de pollo adobadas,Bandeja 680 g aprox.,"3,20 € /ud.",2832," 4,70 €/kg"
Carne,Aves y pollo,Fajitas pollo y verduras,Bandeja 400 g,"3,99 €3,85 € /ud.",4284," 9,625 €/kg"
Carne,Aves y pollo,Alas de pollo,Bandeja 980 g aprox.,"4,36 € /ud.",2784," 4,45 €/kg"
Carne,Aves y pollo,Contramuslos de pollo marinados con piel,Bandeja 600 g aprox.,"4,35 € /ud.",2970," 7,25 €/kg"
Carne,Aves y pollo,Carcasa de pollo certificado alimentado con un 50% de maíz,Bandeja 750 g aprox.,"2,33 € /ud.",2855," 3,10 €/kg"
Carne,Aves y pollo,Jamoncitos de pollo certificado alimentado con un 50% de maíz,Bandeja 850 g aprox.,"5,29 € /ud.",25461," 6,22 €/kg"
Carne,Aves y pollo,Pollo certificado entero alimentado con un 50% de maíz,"Bandeja 1,8 kg aprox.","8,14 € /ud.",2782," 4,52 €/kg"
Carne,Aves y pollo,Medio pollo certificado troceado alimentado con un 50% de maíz,Bandeja 950 g aprox.,"5,41 € /ud.",10000," 5,70 €/kg"
Carne,Aves y pollo,Pechugas enteras de pollo certificado alimentado con un 50% de maíz,Bandeja 550 g aprox.,"4,87 € /ud.",25460," 8,86 €/kg"
Carne,Aves y pollo,Alas partidas de pollo certificado alimentado con un 50% de maíz,Bandeja 590 g aprox.,"4,35 € /ud.",3791," 7,37 €/kg"
Carne,Aves y pollo,Mollejas de pollo,Tarrina 300 g aprox.,"1,57 € /ud.",2856," 5,25 €/kg"
Carne,Aves y pollo,Patas de pollo,Bandeja 450 g aprox.,"1,82 € /ud.",25243," 4,05 €/kg"
Carne,Aves y pollo,Picantones de pollo,Bandeja 800 g aprox.,"7,36 € /ud.",2795," 9,20 €/kg"
Carne,Aves y pollo,Contramuslos deshuesados y sin piel de pollo certificado alimentado con un 50% de maíz,Bandeja 550 g aprox.,"4,58 € /ud.",25258," 8,32 €/kg"
Carne,Aves y pollo,Muslos deshuesados con piel de pollo certificado alimentado con un 50% de maíz,Bandeja 600 g aprox.,"4,98 € /ud.",25208," 8,30 €/kg"
Carne,Aves y pollo,Filetes pechuga de pollo extra tiernos,Bandeja 560 g aprox.,"4,46 € /ud.",3653," 7,96 €/kg"
Carne,Aves y pollo,Pinchos de pollo adobados,Bandeja 500 g aprox.,"3,98 € /ud.",3456," 7,95 €/kg"
Carne,Aves y pollo,Solomillos de pollo certificado alimentado con un 50% de maíz,Bandeja 500 g aprox.,"5,53 € /ud.",2830," 11,05 €/kg"
Carne,Aves y pollo,Pechugas de pollo rellenas de jamón y queso empanadas sin gluten,Bandeja 450 g aprox.,"4,55 € /ud.",21257," 10,10 €/kg"
Carne,Aves y pollo,Lagrimitas de pollo al limón empanadas sin gluten,Bandeja 340 g aprox.,"2,92 € /ud.",21235," 8,60 €/kg"
Carne,Aves y pollo,Solomillos de pollo marinados empanados sin gluten,Bandeja 465 g aprox.,"4,16 € /ud.",52514," 8,95 €/kg"
Carne,Aves y pollo,Cuellos de pollo,Bandeja 638 g aprox.,"1,60 € /ud.",60601," 2,50 €/kg"
Carne,Carne congelada,Jamoncitos de pollo congelados,Paquete 1 kg,"3,10 € /ud.",25183," 3,10 €/kg"
Carne,Carne congelada,Alas de pollo congeladas,Paquete 1 kg,"3,40 € /ud.",25184," 3,40 €/kg"
Carne,Carne congelada,Medallones preparado de solomillo cerdo congelados marinados,Paquete 300 g aprox.,"3,11 € /ud.",4176," 10,36 €/kg"
Carne,Carne congelada,Solomillo de pavo marinado congelado,Paquete 350 g aprox.,"2,76 € /ud.",25353," 7,90 €/kg"
Carne,Carne congelada,Cuartos traseros de pollo congelados,Paquete 2 kg,"5,80 € /ud.",25182," 2,90 €/kg"
Carne,Carne congelada,Solomillo de cerdo marinado congelado,Paquete 800 g aprox.,"6,24 € /ud.",2228," 7,80 €/kg"
Carne,Carne congelada,Chuletas de cordero palo o riñonada congeladas,Paquete 600 g aprox.,"11,37 € /ud.",5186," 18,95 €/kg"
Carne,Carne congelada,Paletilla de cordero entera congelada,"Pieza 1,2 kg aprox.","17,40 € /ud.",4022," 14,50 €/kg"
Carne,Carne congelada,Chuletas de cabrito congeladas,Paquete 430 g aprox.,"11,14 € /ud.",5034," 25,90 €/kg"
Carne,Carne congelada,Pierna de cabrito congelada,Pieza 530 g aprox.,"8,48 € /ud.",4599," 16,00 €/kg"
Carne,Carne congelada,Carrillada de cerdo congelada,Paquete 460 g aprox.,"5,75 € /ud.",4425," 12,50 €/kg"
Carne,Carne congelada,Pechugas de pollo enteras congeladas,Paquete 1 kg aprox.,"5,65 € /ud.",30006," 5,65 €/kg"
Carne,Carne congelada,Alas de pollo barbacoa congeladas,Paquete 750 g,"3,68 € /ud.",52426," 4,907 €/kg"
Carne,Cerdo,Costillas de cerdo carnosas a tacos,Bandeja 530 g aprox.,"4,08 € /ud.",2811," 7,69 €/kg"
Carne,Cerdo,Filetes lomo de cerdo,Bandeja 400 g aprox.,"2,84 € /ud.",2714," 7,09 €/kg"
Carne,Cerdo,Filetes lomo de cerdo familiar,Bandeja 900 g aprox.,"6,29 € /ud.",3395," 6,99 €/kg"
Carne,Cerdo,Carrillada de cerdo,Bandeja 500 g aprox.,"6,55 € /ud.",2810," 13,10 €/kg"
Carne,Cerdo,Costilla de cerdo ibérico adobada,Bandeja 600 g aprox.,"4,11 € /ud.",1564," 6,85 €/kg"
Carne,Cerdo,Chuletas de cerdo sajonia,Bandeja 290 g aprox.,"2,77 € /ud.",23305," 9,55 €/kg"
Carne,Cerdo,Costilla de cerdo churrasco,Pieza 900 g aprox.,"5,40 € /ud.",35286," 6,00 €/kg"
Carne,Cerdo,Panceta,Bandeja 500 g aprox.,"3,45 € /ud.",2815," 6,90 €/kg"
Carne,Cerdo,Manos de cerdo,Bandeja 500 g aprox.,"3,10 € /ud.",2851," 6,20 €/kg"
Carne,Cerdo,Cerdo a tacos,Bandeja 560 g aprox.,"3,22 € /ud.",2813," 5,75 €/kg"
Carne,Cerdo,Lomo de cerdo adobado,Bandeja 470 g aprox.,"3,38 € /ud.",2715," 7,20 €/kg"
Carne,Cerdo,Lomo de cerdo adobado familiar,Bandeja 900 g aprox.,"6,08 € /ud.",5046," 6,75 €/kg"
Carne,Cerdo,San Jacobos de cerdo sin gluten,Bandeja 400 g aprox.,"2,52 € /ud.",52957," 6,30 €/kg"
Carne,Cerdo,Filetes lomo de cerdo cabeza,Bandeja 550 g aprox.,"3,69 € /ud.",2817," 6,70 €/kg"
Carne,Cerdo,Flautas de bacón y queso,Bandeja 280 g,"2,00 € /ud.",2169," 7,247 €/kg"
Carne,Cerdo,Secreto de cerdo,Bandeja 400 g aprox.,"2,56 € /ud.",2685," 6,39 €/kg"
Carne,Cerdo,Media careta de cerdo sin oreja,Bandeja 420 g aprox.,"2,34 € /ud.",2812," 5,56 €/kg"
Carne,Cerdo,Manteca de cerdo Mont-Palau para cocinar,Tarrina 400 g,"2,30 € /ud.",53130," 5,75 €/kg"
Carne,Cerdo,Fiambre de magro de cerdo adobado,Paquete 370 g,"2,68 € /ud.",23308," 7,244 €/kg"
Carne,Cerdo,Codillo de cerdo,Bandeja 480 g aprox.,"2,50 € /ud.",2684," 5,20 €/kg"
Carne,Cerdo,Filetes hígado de cerdo,Bandeja 450 g aprox.,"2,41 € /ud.",2859," 5,35 €/kg"
Carne,Cerdo,Filetes lomo al ajillo,Bandeja 500 g aprox.,"3,88 € /ud.",3440," 7,75 €/kg"
Carne,Cerdo,Lomo de cerdo grueso,Bandeja 300 g aprox.,"2,19 € /ud.",3553," 7,29 €/kg"
Carne,Cerdo,Presa de cerdo ibérico,Bandeja 240 g aprox.,"6,82 € /ud.",4915," 28,40 €/kg"
Carne,Cerdo,Lomo de cerdo ibérico adobado,Paquete 220 g aprox.,"4,82 € /ud.",1886," 21,90 €/kg"
Carne,Cerdo,Secreto de cerdo ibérico,Bandeja 250 g aprox.,"5,93 € /ud.",4919," 23,70 €/kg"
Carne,Cerdo,Sesos de cerdo,Bandeja 130 g,"2,95 € /ud.",2858," 22,693 €/kg"
Carne,Cerdo,Medallones preparado de solomillo cerdo provenzal,Bandeja 400 g aprox.,"4,14 € /ud.",4152," 10,35 €/kg"
Carne,Cerdo,Pinchos de cerdo sin varilla,Bandeja 510 g aprox.,"4,18 € /ud.",2839," 8,20 €/kg"
Carne,Cerdo,Chuletas lomo de cerdo,Bandeja 480 g aprox.,"3,10 € /ud.",4901," 6,45 €/kg"
Carne,Cerdo,Chuletas aguja de cerdo,Bandeja 650 g aprox.,"3,97 € /ud.",4900," 6,10 €/kg"
Carne,Cerdo,Lomo de cerdo ibérico,Bandeja 285 g aprox.,"6,26 € /ud.",4918," 21,95 €/kg"
Carne,Cerdo,Solomillo de cerdo,Paquete 500 g aprox.,"4,10 € /ud.",4570," 8,20 €/kg"
Carne,Cerdo,Fiambre lomo de cerdo adobado,Bandeja 370 g,"3,50 € /ud.",23309," 9,46 €/kg"
Carne,Cerdo,Oreja de cerdo,Bandeja 520 g aprox.,"3,63 € /ud.",2570," 6,99 €/kg"
Carne,Cerdo,Riñones de cerdo,Bandeja 600 g aprox.,"3,39 € /ud.",3448," 5,65 €/kg"
Carne,Cerdo,Carrillada de cerdo con hueso,Bandeja 700 g aprox.,"6,37 € /ud.",3548," 9,10 €/kg"
Carne,Cerdo,Filetes lomo de cerdo extra tiernos,Bandeja 460 g aprox.,"3,49 € /ud.",2849," 7,58 €/kg"
Carne,Cerdo,Libritos de cerdo rellenos de pimiento verde y jamón curado empanados sin gluten,Bandeja 380 g aprox.,"3,84 € /ud.",21272," 10,10 €/kg"
Carne,Cerdo,Lomo de cerdo trozo,Pieza 800 g aprox.,"4,23 € /ud.",4590," 5,29 €/kg"
Carne,Cerdo,Pieza magro cabeza de cerdo,"Pieza 1,2 kg aprox.","6,47 € /ud.",3554," 5,39 €/kg"
Carne,Cerdo,Solomillo de cerdo ibérico,Paquete 440 g aprox.,"8,32 € /ud.",67599," 18,90 €/kg"
Carne,Cerdo,Lomo de cerdo marinado empanado,Bandeja 400 g aprox.,"3,30 € /ud.",52718," 8,25 €/kg"
Carne,Conejo y cordero,Medio conejo troceado,Bandeja 600 g aprox.,"5,31 € /ud.",25972," 8,85 €/kg"
Carne,Conejo y cordero,Conejo entero,"Pieza 1,3 kg aprox.","10,21 € /ud.",2797," 7,85 €/kg"
Carne,Conejo y cordero,Paletillas de conejo,Bandeja 400 g aprox.,"6,78 € /ud.",25191," 16,95 €/kg"
Carne,Conejo y cordero,Muslos de conejo,Bandeja 400 g aprox.,"4,78 € /ud.",25192," 11,95 €/kg"
Carne,Conejo y cordero,Lomos de conejo,Bandeja 400 g aprox.,"5,30 € /ud.",25193," 13,25 €/kg"
Carne,Conejo y cordero,Costillas de conejo partidas,Bandeja 400 g aprox.,"3,38 € /ud.",5070," 8,45 €/kg"
Carne,Conejo y cordero,Chuletas de cordero palo y riñonada,Bandeja 760 g aprox.,"19,38 € /ud.",4363," 25,50 €/kg"
Carne,Conejo y cordero,Chuletas de cordero mixtas,Bandeja 850 g aprox.,"17,00 € /ud.",4366," 20,00 €/kg"
Carne,Conejo y cordero,Chuletas de cordero pierna,Bandeja 800 g aprox.,"15,20 € /ud.",4364," 19,00 €/kg"
Carne,Conejo y cordero,Chuletas de cordero paletilla,Bandeja 540 g aprox.,"11,07 € /ud.",4362," 20,50 €/kg"
Carne,Conejo y cordero,Garretas brazuelo de cordero,Bandeja 460 g aprox.,"5,98 € /ud.",4361," 13,00 €/kg"
Carne,Conejo y cordero,Cuello de cordero,Bandeja 410 g aprox.,"5,33 € /ud.",4360," 13,00 €/kg"
Carne,Conejo y cordero,Churrasco de cordero,Bandeja 500 g aprox.,"6,50 € /ud.",4282," 13,00 €/kg"
Carne,Conejo y cordero,Chuleta de cordero Tomahawk,Paquete 300 g aprox.,"8,40 € /ud.",52479," 28,00 €/kg"
Carne,Conejo y cordero,Escalopín picaña de cordero,Paquete 290 g aprox.,"8,12 € /ud.",52480," 28,00 €/kg"
Carne,Embutido,Longaniza magro fresca,Bandeja 535 g aprox.,"3,37 € /ud.",6040," 6,30 €/kg"
Carne,Embutido,Longaniza fresca sin tripa,Bandeja 560 g,"3,30 € /ud.",6043," 5,893 €/kg"
Carne,Embutido,Longaniza fresca de pollo,Bandeja 550 g aprox.,"4,13 € /ud.",6041," 7,50 €/kg"
Carne,Embutido,Morcilla de cebolla oreada,Bandeja 280 g aprox.,"1,90 € /ud.",35049," 6,80 €/kg"
Carne,Embutido,Morcilla de cebolla,Bandeja 600 g aprox.,"3,60 € /ud.",4117," 6,00 €/kg"
Carne,Embutido,Chorizo oreado,Bandeja 360 g aprox.,"2,57 € /ud.",6048," 7,15 €/kg"
Carne,Embutido,Chistorra,Paquete 220 g,"1,55 € /ud.",2864," 7,046 €/kg"
Carne,Embutido,Longaniza roja fresca rosca,Bandeja 400 g aprox.,"3,00 € /ud.",4114," 7,50 €/kg"
Carne,Embutido,Longaniza fresca estilo criollo,Bandeja 380 g aprox.,"2,96 € /ud.",6045," 7,80 €/kg"
Carne,Embutido,Butifarra fresca,Bandeja 640 g aprox.,"3,68 € /ud.",6044," 5,75 €/kg"
Carne,Embutido,Butifarra fresca de pagés con pimienta,Bandeja 650 g aprox.,"4,29 € /ud.",4416," 6,60 €/kg"
Carne,Embutido,Embutido surtido barbacoa,Bandeja 500 g aprox.,"3,70 € /ud.",5158," 7,40 €/kg"
Carne,Embutido,Morcilla de arroz y cebolla,Paquete 300 g aprox.,"1,63 € /ud.",2876," 5,45 €/kg"
Carne,Embutido,Chorizo aperitivo,Bandeja 300 g aprox.,"2,59 € /ud.",6046," 8,65 €/kg"
Carne,Embutido,Chorizo picante aperitivo,Bandeja 375 g aprox.,"3,24 € /ud.",6047," 8,65 €/kg"
Carne,Hamburguesas y picadas,Burger de cerdo,Bandeja 6 ud. (540 g),"3,00 € /ud.",52672," 5,556 €/kg"
Carne,Hamburguesas y picadas,Burger de vacuno y cerdo,Bandeja 6 ud. (540 g),"3,78 € /ud.",2872," 7,00 €/kg"
Carne,Hamburguesas y picadas,Burger de vacuno,Bandeja 6 ud. (540 g),"4,40 € /ud.",2873," 8,149 €/kg"
Carne,Hamburguesas y picadas,Burger de pollo,Bandeja 6 ud. (540 g),"3,99 € /ud.",2622," 7,389 €/kg"
Carne,Hamburguesas y picadas,Burger de vacuno gruesas,Bandeja 2 ud. (360 g),"3,78 € /ud.",3547," 10,50 €/kg"
Carne,Hamburguesas y picadas,Burger de vacuno y cerdo con jamón y cebolla caramelizada,Bandeja 2 ud. (240 g),"2,50 € /ud.",4155," 10,417 €/kg"
Carne,Hamburguesas y picadas,Burger de pavo y espinacas,Bandeja 2 ud. (240 g),"2,37 € /ud.",3976," 9,875 €/kg"
Carne,Hamburguesas y picadas,Burger de pavo y pollo,Bandeja 6 ud. (540 g),"4,11 € /ud.",3561," 7,612 €/kg"
Carne,Hamburguesas y picadas,Mini burgers de pollo,Bandeja 8 ud. (280 g),"2,70 € /ud.",10467," 9,643 €/kg"
Carne,Hamburguesas y picadas,Mini burgers de vacuno y cerdo,Bandeja 8 ud. (280 g),"2,59 € /ud.",10453," 9,25 €/kg"
Carne,Hamburguesas y picadas,Burger de vacuno y cerdo gruesas,Bandeja 2 ud. (360 g),"3,15 € /ud.",3979," 8,75 €/kg"
Carne,Hamburguesas y picadas,Burger de pollo certificado gruesas alimentado con un 50% de maíz,Bandeja 2 ud. (360 g),"3,52 € /ud.",5147," 9,778 €/kg"
Carne,Hamburguesas y picadas,Burger de cerdo ibérico gruesas,Bandeja 2 ud. (360 g),"3,14 € /ud.",5139," 8,723 €/kg"
Carne,Hamburguesas y picadas,Burger de vacuno y cerdo con ajo y perejil,Bandeja 2 ud. (240 g),"2,34 € /ud.",3978," 9,75 €/kg"
Carne,Hamburguesas y picadas,Burger de pollo y zanahoria,Bandeja 2 ud. (240 g),"2,31 € /ud.",8122," 9,625 €/kg"
Carne,Hamburguesas y picadas,Burger de vacuno angus gruesa,Bandeja 2 ud. (360 g),"4,81 € /ud.",4110," 13,362 €/kg"
Carne,Hamburguesas y picadas,Burger Crunchy Chicken,Bandeja 2 ud. (240 g),"2,15 € /ud.",4079," 8,959 €/kg"
Carne,Hamburguesas y picadas,Hamburguesa de lomo de vacuno,Paquete 2 ud. (240 g),"3,70 € /ud.",35884," 15,417 €/kg"
Carne,Hamburguesas y picadas,Preparado de carne picada vacuno y cerdo,Bandeja 500 g,"3,60 € /ud.",2869," 7,20 €/kg"
Carne,Hamburguesas y picadas,Preparado de carne picada vacuno y cerdo,Bandeja 1 kg,"6,50 € /ud.",3453," 6,50 €/kg"
Carne,Hamburguesas y picadas,Preparado de carne picada cerdo,Bandeja 500 g,"2,95 € /ud.",2867," 5,90 €/kg"
Carne,Hamburguesas y picadas,Preparado de carne picada cerdo,Bandeja 1 kg,"5,60 € /ud.",3451," 5,60 €/kg"
Carne,Hamburguesas y picadas,Preparado de carne picada vacuno,Bandeja 500 g,"3,95 € /ud.",2868," 7,90 €/kg"
Carne,Hamburguesas y picadas,Preparado de carne picada vacuno,Bandeja 1 kg,"7,30 € /ud.",3454," 7,30 €/kg"
Carne,Hamburguesas y picadas,Preparado de carne picada pollo y pavo,Bandeja 500 g,"3,70 € /ud.",2870," 7,40 €/kg"
Carne,Hamburguesas y picadas,Preparado de carne picada pollo y pavo,Bandeja 1 kg,"7,00 € /ud.",3452," 7,00 €/kg"
Carne,Hamburguesas y picadas,Albóndigas de cerdo,Bandeja 24 ud. (840 g),"4,55 € /ud.",2871," 5,417 €/kg"
Carne,Hamburguesas y picadas,Albóndigas de pollo,Bandeja 840 g,"6,20 € /ud.",23632," 7,381 €/kg"
Carne,Vacuno,Filetes de vacuno 1º B añojo para plancha o guisar,Bandeja 500 g aprox.,"6,65 € /ud.",2712," 13,30 €/kg"
Carne,Vacuno,Tacos de vacuno añojo para guisar,Bandeja 600 g aprox.,"7,38 € /ud.",2807," 12,30 €/kg"
Carne,Vacuno,Lomo de vacuno añojo para plancha,Bandeja 500 g aprox.,"9,10 € /ud.",2800," 18,20 €/kg"
