categoria,subcategoria,descripcion,unidades,precio,code,compare
"Aceite, especias y salsas","Aceite, vinagre y sal","Aceite de oliva 0,4º Hacendado",Botella 1 L,"9,25 € /ud.",4240," 9,25 €/L"
"Aceite, especias y salsas","Aceite, vinagre y sal",Aceite de oliva virgen extra Hacendado,Garrafa 3 L,"29,55 € /ud.",4717," 9,85 €/L"
"Aceite, especias y salsas","Aceite, vinagre y sal",Aceite de oliva virgen extra Hacendado,Botella 1 L,"9,90 € /ud.",4740," 9,90 €/L"
"Aceite, especias y salsas","Aceite, vinagre y sal",Aceite de oliva virgen extra Hacendado Gran Selección,Botella 750 ml,"8,10 € /ud.",4706," 10,80 €/L"
"Aceite, especias y salsas","Aceite, vinagre y sal",Aceite de oliva 1º Hacendado,Botella 1 L,"9,25 € /ud.",4640," 9,25 €/L"
"Aceite, especias y salsas","Aceite, vinagre y sal",Aceite de oliva virgen Hacendado,Garrafa 3 L,"28,50 € /ud.",4711," 9,50 €/L"
"Aceite, especias y salsas","Aceite, vinagre y sal",Aceite de oliva virgen Hacendado,Botella 1 L,"9,55 € /ud.",4749," 9,55 €/L"
"Aceite, especias y salsas","Aceite, vinagre y sal",Aceite de oliva suave Hacendado,Garrafa 3 L,"27,60 € /ud.",4204," 9,20 €/L"
"Aceite, especias y salsas","Aceite, vinagre y sal",Aceite de oliva intenso Hacendado,Garrafa 3 L,"27,60 € /ud.",4609," 9,20 €/L"
"Aceite, especias y salsas","Aceite, vinagre y sal",Aceite de oliva virgen extra Hacendado,Spray 200 ml,"3,30 € /ud.",4718," 16,50 €/L"
"Aceite, especias y salsas","Aceite, vinagre y sal",Aceite de oliva virgen extra Picual Casa Juncal,Botella 500 ml,"7,85 € /ud.",4850," 15,70 €/L"
"Aceite, especias y salsas","Aceite, vinagre y sal","Aceite de girasol refinado 0,2º Hacendado",Garrafa 5 L,"6,95 €6,75 € /ud.",4041," 1,35 €/L"
"Aceite, especias y salsas","Aceite, vinagre y sal","Aceite de girasol refinado 0,2º Hacendado",Botella 1 L,"1,45 € /ud.",4040," 1,45 €/L"
"Aceite, especias y salsas","Aceite, vinagre y sal",Aceite de coco virgen Hacendado,Bote 450 ml,"4,40 € /ud.",4193," 9,778 €/L"
"Aceite, especias y salsas","Aceite, vinagre y sal",Vinagre de vino blanco Hacendado,Botella 1 L,"0,75 € /ud.",4940," 0,75 €/L"
"Aceite, especias y salsas","Aceite, vinagre y sal",Vinagre de manzana Hacendado,Botella 1 L,"0,90 € /ud.",4957," 0,90 €/L"
"Aceite, especias y salsas","Aceite, vinagre y sal",Limón exprimido Hacendado,Botella 280 ml,"1,00 € /ud.",4903," 3,572 €/L"
"Aceite, especias y salsas","Aceite, vinagre y sal",Crema de vinagre balsámico de Módena Hacendado,Botella 250 g,"1,75 € /ud.",4908," 7,00 €/kg"
"Aceite, especias y salsas","Aceite, vinagre y sal",Vinagre de Jerez reserva Hacendado,Botella 250 ml,"2,00 € /ud.",13609," 8,00 €/L"
"Aceite, especias y salsas","Aceite, vinagre y sal",Bebida aromatizada a base de vino para cocinar Abuela Carola,Botella 750 ml,"2,35 € /ud.",66905," 3,134 €/L"
"Aceite, especias y salsas","Aceite, vinagre y sal",Vinagre de vino tinto Hacendado,Botella 1 L,"1,00 € /ud.",15843," 1,00 €/L"
"Aceite, especias y salsas","Aceite, vinagre y sal",Reducción de vinagre Pedro Ximénez Hacendado,Botella 300 g,"2,25 € /ud.",4905," 7,50 €/kg"
"Aceite, especias y salsas","Aceite, vinagre y sal","Aceite de oliva, vinagre y sal Merry",15 monodosis x 10 ml,"2,20 € /pack",4962," 22,00 €/L"
"Aceite, especias y salsas","Aceite, vinagre y sal",Aliño viandox Knorr,Botella 160 ml,"3,05 € /ud.",7104," 15,25 €/L"
"Aceite, especias y salsas","Aceite, vinagre y sal",Vinagre balsámico de Módena Hacendado,Botella 500 ml,"2,50 € /ud.",26496," 5,00 €/L"
"Aceite, especias y salsas","Aceite, vinagre y sal",Vinagre de manzana Hacendado sin filtrar,Botella 500 ml,"1,70 € /ud.",26497," 3,40 €/L"
"Aceite, especias y salsas","Aceite, vinagre y sal",Sal fina Hacendado,Paquete 1 kg,"0,35 € /ud.",19731," 0,35 €/kg"
"Aceite, especias y salsas","Aceite, vinagre y sal",Sal fina de mesa Hacendado,Bote 250 g,"0,60 € /ud.",19715," 2,40 €/kg"
"Aceite, especias y salsas","Aceite, vinagre y sal",Sal yodada fina Hacendado,Paquete 1 kg,"0,35 € /ud.",19732," 0,35 €/kg"
"Aceite, especias y salsas","Aceite, vinagre y sal",Sal gruesa Hacendado,Paquete 1 kg,"0,35 € /ud.",19733," 0,35 €/kg"
"Aceite, especias y salsas","Aceite, vinagre y sal",Bicarbonato sódico Hacendado,Paquete 1 kg,"1,50 € /ud.",29007," 1,50 €/kg"
"Aceite, especias y salsas","Aceite, vinagre y sal",Bicarbonato sódico Hacendado,Bote 300 g,"1,10 € /ud.",29006," 3,667 €/kg"
"Aceite, especias y salsas","Aceite, vinagre y sal",Sal marina en escamas Polasal,Bote 125 g,"2,00 € /ud.",19740," 16,00 €/kg"
"Aceite, especias y salsas","Aceite, vinagre y sal",Sal gruesa para hornear Hacendado,Paquete 2 kg,"0,95 € /ud.",19734," 0,475 €/kg"
"Aceite, especias y salsas","Aceite, vinagre y sal",Sal de ajo Hacendado,Bote 130 g,"1,80 € /ud.",34130," 13,847 €/kg"
"Aceite, especias y salsas","Aceite, vinagre y sal",Sal de frutas sabor limón Hacendado,Bote 250 g,"2,10 € /ud.",29016," 8,40 €/kg"
"Aceite, especias y salsas","Aceite, vinagre y sal",Sal 60% menos de sodio Hacendado,Bote 250 g,"2,30 € /ud.",19713," 9,20 €/kg"
"Aceite, especias y salsas","Aceite, vinagre y sal",Preparado para salmón ahumado Hacendado,Bote 750 g,"3,30 € /ud.",19726," 4,40 €/kg"
"Aceite, especias y salsas","Aceite, vinagre y sal",Sal rosa del Himalaya Hacendado,Bote 250 g,"1,80 € /ud.",19701," 7,20 €/kg"
"Aceite, especias y salsas",Especias,Orégano Hacendado,Bote 25 g,"0,95 € /ud.",5598," 3,80 €/100 g"
"Aceite, especias y salsas",Especias,Perejil Hacendado,Bote 18 g,"0,95 €0,90 € /ud.",5599," 5,00 €/100 g"
"Aceite, especias y salsas",Especias,Hoja de laurel Hacendado,Paquete 12 g,"0,80 € /ud.",47994," 6,667 €/100 g"
"Aceite, especias y salsas",Especias,Hierbas provenzales Hacendado,Bote 25 g,"1,20 € /ud.",34131," 4,80 €/100 g"
"Aceite, especias y salsas",Especias,Albahaca Hacendado,Bote 20 g,"1,25 € /ud.",34128," 6,25 €/100 g"
"Aceite, especias y salsas",Especias,Romero Hacendado,Bote 40 g,"1,35 € /ud.",34175," 3,375 €/100 g"
"Aceite, especias y salsas",Especias,Tomillo Hacendado,Bote 24 g,"1,05 € /ud.",5547," 4,375 €/100 g"
"Aceite, especias y salsas",Especias,Eneldo Hacendado,Bote 18 g,"1,85 € /ud.",52739," 10,278 €/100 g"
"Aceite, especias y salsas",Especias,Cilantro Hacendado,Bote 12 g,"1,85 € /ud.",34721," 15,417 €/100 g"
"Aceite, especias y salsas",Especias,Ajo y Perejil Hacendado,Bote 74 g,"1,35 € /ud.",60873," 18,244 €/kg"
"Aceite, especias y salsas",Especias,Colorante alimentario Hacendado,Bote 85 g,"0,90 € /ud.",34182," 10,589 €/kg"
"Aceite, especias y salsas",Especias,Pimentón dulce Hacendado,Bote 56 g,"1,00 € /ud.",34184," 17,858 €/kg"
"Aceite, especias y salsas",Especias,Pimentón dulce Hacendado,Bote 75 g,"1,40 € /ud.",34186," 18,667 €/kg"
"Aceite, especias y salsas",Especias,Pimentón dulce de la Vera Hacendado,Bote 75 g,"1,75 € /ud.",34102," 23,334 €/kg"
"Aceite, especias y salsas",Especias,Azafrán molido Hacendado,"Paquete 4 sobres (0,4 g)","1,75 € /ud.",34116," 437,50 €/100 g"
"Aceite, especias y salsas",Especias,Azafrán hebra Hacendado,"Paquete 3 usos (0,38 g)","1,70 € /ud.",34115," 459,46 €/100 g"
"Aceite, especias y salsas",Especias,Pimentón picante Hacendado,Bote 60 g,"1,35 € /ud.",34183," 22,50 €/kg"
"Aceite, especias y salsas",Especias,Pimienta negra molida Hacendado,Bote 70 g,"1,05 € /ud.",34171," 15,00 €/kg"
"Aceite, especias y salsas",Especias,Molinillo pimienta negra Hacendado,Bote 65 g,"1,65 € /ud.",67693," 25,385 €/kg"
"Aceite, especias y salsas",Especias,Pimienta negra en grano Hacendado,Bote 70 g,"1,45 € /ud.",34172," 20,715 €/kg"
"Aceite, especias y salsas",Especias,Molinillo mix pimientas Hacendado,Bote 50 g,"1,85 € /ud.",67694," 37,00 €/kg"
"Aceite, especias y salsas",Especias,Pimienta blanca molida Hacendado,Bote 70 g,"2,15 € /ud.",34170," 30,715 €/kg"
"Aceite, especias y salsas",Especias,Ajo granulado Hacendado,Bote 115 g,"1,15 €1,10 € /ud.",86656," 9,566 €/kg"
"Aceite, especias y salsas",Especias,Cebolla frita crujiente Hacendado,Bote 150 g,"1,15 € /ud.",34208," 7,667 €/kg"
"Aceite, especias y salsas",Especias,Canela molida Hacendado,Bote 52 g,"0,95 € /ud.",34177," 18,27 €/kg"
"Aceite, especias y salsas",Especias,Canela en rama Hacendado,Bote 19 g,"1,45 € /ud.",52880," 7,632 €/100 g"
"Aceite, especias y salsas",Especias,Comino molido Hacendado,Bote 58 g,"1,20 € /ud.",34120," 20,69 €/kg"
"Aceite, especias y salsas",Especias,Comino en grano Hacendado,Bote 56 g,"1,95 € /ud.",34121," 34,822 €/kg"
"Aceite, especias y salsas",Especias,Curry Hacendado,Bote 57 g,"1,15 € /ud.",34125," 20,176 €/kg"
"Aceite, especias y salsas",Especias,Nuez moscada molida Hacendado,Bote 58 g,"1,65 € /ud.",34173," 28,449 €/kg"
"Aceite, especias y salsas",Especias,Cebolla en polvo Hacendado,Bote 60 g,"0,96 € /ud.",34138," 16,00 €/kg"
"Aceite, especias y salsas",Especias,Cayena guindillas Hacendado,Bote 27 g,"1,30 € /ud.",34178," 4,815 €/100 g"
"Aceite, especias y salsas",Especias,Cayena molida Hacendado,Bote 55 g,"1,59 € /ud.",37417," 28,91 €/kg"
"Aceite, especias y salsas",Especias,Cúrcuma Hacendado,Bote 60 g,"1,25 € /ud.",34163," 20,834 €/kg"
"Aceite, especias y salsas",Especias,Jengibre molido Hacendado,Bote 49 g,"1,65 € /ud.",34149," 3,368 €/100 g"
"Aceite, especias y salsas",Especias,Sal de ajo Hacendado,Bote 130 g,"1,80 € /ud.",34130," 13,847 €/kg"
"Aceite, especias y salsas",Especias,Clavo en grano Hacendado,Bote 42 g,"1,75 € /ud.",34122," 4,167 €/100 g"
"Aceite, especias y salsas",Especias,Piñones Hacendado,Bote 70 g,"2,84 € /ud.",60869," 40,572 €/kg"
"Aceite, especias y salsas",Especias,Picada catalana Hacendado,Bote 25 g,"1,95 € /ud.",52709," 7,80 €/100 g"
"Aceite, especias y salsas",Especias,Sazonador para fajitas Hacendado sabor tex-mex,Sobre 17 g,"0,85 € /ud.",23353," 5,00 €/100 g"
"Aceite, especias y salsas",Especias,Sazonador ajo y limón Hacendado para carne y pescado,Sobre 30 g,"1,05 € /ud.",11971," 3,50 €/100 g"
"Aceite, especias y salsas",Especias,Sazonador hierbas provenzales Hacendado para pollo y costillas,Sobre 24 g,"1,00 € /ud.",11972," 4,167 €/100 g"
"Aceite, especias y salsas",Especias,Sazonador sabor barbacoa Hacendado para carne,Sobre 57 g,"1,35 € /ud.",86659," 23,685 €/kg"
"Aceite, especias y salsas",Especias,Sazonador para paella con azafrán Hacendado,Caja 5 sobres (20 g),"1,45 € /ud.",34702," 7,25 €/100 g"
"Aceite, especias y salsas",Especias,Sazonador para burritos Hacendado,Sobre 40 g,"1,30 € /ud.",17147," 3,25 €/100 g"
"Aceite, especias y salsas",Especias,Sazonador pollo y carne Hacendado,Bote 76 g,"1,50 € /ud.",86808," 19,737 €/kg"
"Aceite, especias y salsas",Especias,Sazonador pasta Hacendado,Bote 45 g,"2,50 € /ud.",34134," 5,556 €/100 g"
"Aceite, especias y salsas","Mayonesa, ketchup y mostaza",Mayonesa Hacendado,Tarro 500 ml,"1,25 € /ud.",13406," 2,50 €/L"
"Aceite, especias y salsas","Mayonesa, ketchup y mostaza",Mayonesa Hacendado,Tarro 240 ml,"1,00 €0,95 € /ud.",52728," 3,959 €/L"
"Aceite, especias y salsas","Mayonesa, ketchup y mostaza",Mayonesa Hacendado,Bote 460 ml,"1,35 € /ud.",13407," 2,935 €/L"
"Aceite, especias y salsas","Mayonesa, ketchup y mostaza",Mayonesa en sobres individuales,12 sobres x 20 ml,"1,25 € /pack",23816," 5,209 €/L"
"Aceite, especias y salsas","Mayonesa, ketchup y mostaza",Mayonesa Hellmann's,Tarro 450 ml,"3,25 €2,95 € /ud.",35840," 6,556 €/L"
"Aceite, especias y salsas","Mayonesa, ketchup y mostaza",Mayonesa Hellmann's,Tarro 225 ml,"1,95 € /ud.",17052," 8,667 €/L"
"Aceite, especias y salsas","Mayonesa, ketchup y mostaza",Salsa ligera Ligeresa,Tarro 425 ml,"2,65 € /ud.",35839," 6,236 €/L"
"Aceite, especias y salsas","Mayonesa, ketchup y mostaza",Salsa ligera Ligeresa,Tarro 210 ml,"1,55 € /ud.",35838," 7,381 €/L"
"Aceite, especias y salsas","Mayonesa, ketchup y mostaza",Salsa ligera Ligeresa,Bote 430 ml,"2,65 € /ud.",17039," 6,163 €/L"
"Aceite, especias y salsas","Mayonesa, ketchup y mostaza",Mayonesa Ybarra,Bote 500 ml,"2,25 € /ud.",17038," 4,50 €/L"
"Aceite, especias y salsas","Mayonesa, ketchup y mostaza",Salsa fina Kraft,Tarro 425 ml,"2,00 € /ud.",35361," 4,706 €/L"
"Aceite, especias y salsas","Mayonesa, ketchup y mostaza",Salsa ligera Hacendado,Tarro 500 ml,"1,30 €1,20 € /ud.",15793," 2,40 €/L"
"Aceite, especias y salsas","Mayonesa, ketchup y mostaza",Salsa ligera Hacendado,Bote 460 ml,"1,35 €1,25 € /ud.",15794," 2,718 €/L"
"Aceite, especias y salsas","Mayonesa, ketchup y mostaza",Ketchup Hacendado,Bote 600 g,"1,30 € /ud.",23579," 2,167 €/kg"
"Aceite, especias y salsas","Mayonesa, ketchup y mostaza",Ketchup Hacendado en sobres individuales,Paquete 12 sobres (240 g),"1,40 € /ud.",67586," 5,834 €/kg"
"Aceite, especias y salsas","Mayonesa, ketchup y mostaza",Ketchup Heinz,Bote 650 g,"3,50 € /ud.",35837," 5,385 €/kg"
"Aceite, especias y salsas","Mayonesa, ketchup y mostaza",Ketchup zero azúcares añadidos Hacendado,Bote 600 g,"1,60 € /ud.",35343," 2,667 €/kg"
"Aceite, especias y salsas","Mayonesa, ketchup y mostaza",Mostaza a la antigua Hacendado,Tarro 200 g,"1,70 € /ud.",17229," 8,50 €/kg"
"Aceite, especias y salsas","Mayonesa, ketchup y mostaza",Mostaza de Dijon Hacendado,Tarro 200 g,"1,25 € /ud.",17228," 6,25 €/kg"
"Aceite, especias y salsas","Mayonesa, ketchup y mostaza",Mostaza clásica Hacendado,Bote 388 g,"1,35 € /ud.",23410," 3,48 €/kg"
"Aceite, especias y salsas","Mayonesa, ketchup y mostaza",Allioli Chovi,Tarrina 180 ml,"1,35 € /ud.",17150," 7,50 €/L"
"Aceite, especias y salsas","Mayonesa, ketchup y mostaza",Allioli Hacendado,Tarrina 200 ml,"1,10 € /ud.",17172," 5,50 €/L"
"Aceite, especias y salsas","Mayonesa, ketchup y mostaza",Allioli en sobres individuales Hacendado,Paquete 8 sobres (160 ml),"1,50 € /ud.",17173," 9,375 €/L"
"Aceite, especias y salsas",Otras salsas,Tomate frito Hacendado,3 bricks x 400 g,"1,40 € /pack",17132," 1,167 €/kg"
"Aceite, especias y salsas",Otras salsas,Tomate frito Hacendado,3 mini bricks x 210 g,"1,10 €1,00 € /pack",17151," 1,588 €/kg"
"Aceite, especias y salsas",Otras salsas,Tomate frito Hacendado,Tarro 560 g,"0,95 €0,85 € /ud.",17108," 1,518 €/kg"
"Aceite, especias y salsas",Otras salsas,Tomate frito receta artesana Hacendado,Tarro 560 g,"2,40 € /ud.",17163," 4,286 €/kg"
"Aceite, especias y salsas",Otras salsas,Tomate frito receta artesana Hacendado,Tarro 300 g,"1,65 € /ud.",17131," 5,50 €/kg"
"Aceite, especias y salsas",Otras salsas,Tomate frito estilo casero Hacendado,Brick 380 g,"1,30 € /ud.",17153," 3,422 €/kg"
"Aceite, especias y salsas",Otras salsas,Tomate frito Hacendado con aceite de oliva,3 mini bricks x 210 g,"1,40 € /pack",17128," 2,223 €/kg"
"Aceite, especias y salsas",Otras salsas,Tomate frito sin azúcares añadidos Hacendado,Tarro 560 g,"1,20 €1,10 € /ud.",17330," 1,965 €/kg"
"Aceite, especias y salsas",Otras salsas,Tomate frito con cebolla Hacendado,Brick 380 g,"1,35 € /ud.",17154," 3,553 €/kg"
"Aceite, especias y salsas",Otras salsas,Salsa barbacoa Hacendado,Bote 350 g,"1,15 € /ud.",17346," 3,286 €/kg"
"Aceite, especias y salsas",Otras salsas,Salsa pimienta verde Hacendado,Sobre 50 g,"1,25 € /ud.",17502," 25,00 €/kg"
"Aceite, especias y salsas",Otras salsas,Salsa burger Hacendado,Bote 250 ml,"1,35 € /ud.",17347," 5,40 €/L"
"Aceite, especias y salsas",Otras salsas,Salsa estilo argentino Hacendado,Bote 300 g,"1,60 €1,50 € /ud.",35780," 5,00 €/kg"
"Aceite, especias y salsas",Otras salsas,Salsa Piri Piri Hacendado,Botella 195 ml,"1,00 € /ud.",17396," 5,129 €/L"
"Aceite, especias y salsas",Otras salsas,Salsa pesto con albahaca Hacendado,Tarro 190 g,"2,10 € /ud.",35438," 11,053 €/kg"
"Aceite, especias y salsas",Otras salsas,Salsa de tomate boloñesa Hacendado,Tarro 290 g,"1,65 €1,55 € /ud.",35545," 5,345 €/kg"
"Aceite, especias y salsas",Otras salsas,Salsa de tomate Basilico con albahaca Hacendado,Tarro 290 g,"1,50 €1,40 € /ud.",35546," 4,828 €/kg"
"Aceite, especias y salsas",Otras salsas,Salsa fresca Trufa Hacendado,Paquete 140 g,"1,45 € /ud.",17410," 10,358 €/kg"
"Aceite, especias y salsas",Otras salsas,Salsa fresca Queso Hacendado,Paquete 180 g,"1,45 € /ud.",17409," 8,056 €/kg"
"Aceite, especias y salsas",Otras salsas,Salsa fresca Pesto con albahaca Hacendado,Tarrina 150 g,"2,00 € /ud.",35186," 13,334 €/kg"
"Aceite, especias y salsas",Otras salsas,Salsa fresca Setas,Paquete 180 g,"1,55 € /ud.",35184," 8,612 €/kg"
"Aceite, especias y salsas",Otras salsas,Salsa fresca Carbonara Hacendado,Paquete 200 g,"1,55 € /ud.",35183," 7,75 €/kg"
"Aceite, especias y salsas",Otras salsas,Salsa de soja Hacendado,Botella 250 ml,"1,45 €1,40 € /ud.",17360," 5,60 €/L"
"Aceite, especias y salsas",Otras salsas,Salsa teriyaki Hacendado,Botella 250 ml,"1,65 € /ud.",17362," 6,60 €/L"
"Aceite, especias y salsas",Otras salsas,Salsa agridulce Salsas Asturianas,Bote 340 g,"1,70 € /ud.",22721," 5,00 €/kg"
"Aceite, especias y salsas",Otras salsas,Salsa thai chili dulce J-Lek,Botella 250 ml,"1,55 € /ud.",22613," 6,20 €/L"
"Aceite, especias y salsas",Otras salsas,Salsa de soja sin gluten Hacendado,Botella 250 ml,"2,50 € /ud.",17382," 10,00 €/L"
"Aceite, especias y salsas",Otras salsas,Guacamole Hacendado,Tarrina 500 g,"3,59 € /ud.",3840," 7,18 €/kg"
"Aceite, especias y salsas",Otras salsas,Guacamole Hacendado,Tarrina 200 g,"1,75 € /ud.",3852," 8,75 €/kg"
"Aceite, especias y salsas",Otras salsas,Salsa yogur Hacendado,Bote 310 ml,"1,25 €1,20 € /ud.",17327," 3,871 €/L"
"Aceite, especias y salsas",Otras salsas,Salsa mexicana Hacendado,Tarro 300 g,"1,25 € /ud.",16827," 4,167 €/kg"
"Aceite, especias y salsas",Otras salsas,Salsa Ranch Hacendado,Bote 250 ml,"1,35 € /ud.",17386," 5,40 €/L"
"Aceite, especias y salsas",Otras salsas,Salsa césar Hacendado,Bote 310 ml,"1,40 € /ud.",17366," 4,517 €/L"
"Aceite, especias y salsas",Otras salsas,"Aliño de aceite, ajo y perejil Hacendado",Tarrina 150 ml,"1,50 € /ud.",17265," 10,00 €/L"
"Aceite, especias y salsas",Otras salsas,Salsa miel y mostaza Hacendado,Bote 340 g,"1,50 €1,45 € /ud.",52467," 4,265 €/kg"
"Aceite, especias y salsas",Otras salsas,Salsa de trufas,Bote 80 g,"3,10 € /ud.",17259," 38,75 €/kg"
"Aceite, especias y salsas",Otras salsas,Salsa gajos rústica Hacendado,Bote 250 ml,"1,35 € /ud.",17348," 5,40 €/L"
"Aceite, especias y salsas",Otras salsas,Salsa de queso Hacendado,Tarro 280 ml,"1,75 € /ud.",35344," 6,25 €/L"
"Aceite, especias y salsas",Otras salsas,Chili con carne Hacendado,Bote 420 g,"2,65 € /ud.",23137," 6,31 €/kg"
"Aceite, especias y salsas",Otras salsas,Salsa bechamel Knorr,Brick 500 ml,"2,25 € /ud.",86713," 4,50 €/L"
"Aceite, especias y salsas",Otras salsas,Extracto original de buey Bovril,Tarro 125 g,"3,00 € /ud.",7307," 24,00 €/kg"
"Aceite, especias y salsas",Otras salsas,Salsa cocktail Hacendado,Bote 460 ml,"1,50 €1,40 € /ud.",23072," 3,044 €/L"
"Aceite, especias y salsas",Otras salsas,Salsa romesco Ferrer,Tarro 130 g,"1,80 € /ud.",17290," 13,847 €/kg"
"Aceite, especias y salsas",Otras salsas,Salsa calçots Ferrer,Tarro 320 g,"2,69 € /ud.",17291," 8,407 €/kg"
"Aceite, especias y salsas",Otras salsas,Pasta de sésamo Tahini Hacendado,Tarro 200 g,"2,95 € /ud.",17441," 14,75 €/kg"
"Aceite, especias y salsas",Otras salsas,Salsa brava Hacendado,Bote 310 g,"1,80 € /ud.",35163," 5,807 €/kg"
Agua y refrescos,Agua,Agua mineral grande Font Agudes,Garrafa 8 L,"0,89 € /ud.",28039," 0,112 €/L"
Agua y refrescos,Agua,Agua mineral grande Font Agudes,Garrafa 6 L,"0,78 € /ud.",27335," 0,13 €/L"
Agua y refrescos,Agua,Agua mineral grande Font Agudes,"6 botellas x 1,5 L","1,50 € /pack",26992," 0,167 €/L"
Agua y refrescos,Agua,Agua mineral grande Font Agudes,"Botella 1,5 L","0,25 € /ud.",26993," 0,167 €/L"
Agua y refrescos,Agua,Agua mineral mediana Font Agudes,6 botellas x 1 L,"2,40 € /pack",28572," 0,40 €/L"
Agua y refrescos,Agua,Agua mineral mediana Font Agudes,Botella 1 L,"0,40 € /ud.",28573," 0,40 €/L"
Agua y refrescos,Agua,Agua mineral pequeña Font Agudes,6 botellas x 500 ml,"1,32 € /pack",27062," 0,44 €/L"
Agua y refrescos,Agua,Agua mineral pequeña Font Agudes,Botella 500 ml,"0,22 € /ud.",27514," 0,44 €/L"
Agua y refrescos,Agua,Agua mineral pequeña Font Agudes tapón infantil,6 botellas x 330 ml,"1,44 € /pack",27576," 0,728 €/L"
Agua y refrescos,Agua,Agua mineral pequeña Font Agudes tapón infantil,Botella 330 ml,"0,24 € /ud.",27575," 0,728 €/L"
Agua y refrescos,Agua,Agua mineral grande Bronchales,Garrafa 6 L,"1,26 € /ud.",28035," 0,21 €/L"
Agua y refrescos,Agua,Agua mineral grande Bronchales,"6 botellas x 1,5 L","2,34 € /pack",23448," 0,26 €/L"
Agua y refrescos,Agua,Agua mineral grande Bronchales,"Botella 1,5 L","0,39 € /ud.",23449," 0,26 €/L"
Agua y refrescos,Agua,Agua mineral mediana Bronchales,6 botellas x 1 L,"3,00 € /pack",28491," 0,50 €/L"
Agua y refrescos,Agua,Agua mineral mediana Bronchales,Botella 1 L,"0,50 € /ud.",28499," 0,50 €/L"
Agua y refrescos,Agua,Agua mineral pequeña Bronchales,6 botellas x 500 ml,"1,62 € /pack",27061," 0,54 €/L"
Agua y refrescos,Agua,Agua mineral pequeña Bronchales,Botella 500 ml,"0,27 € /ud.",27054," 0,54 €/L"
Agua y refrescos,Agua,Agua mineral pequeña Bronchales tapón infantil,6 botellas x 330 ml,"2,28 € /pack",28566," 1,152 €/L"
Agua y refrescos,Agua,Agua mineral pequeña Bronchales tapón infantil,Botella 330 ml,"0,38 € /ud.",28567," 1,152 €/L"
Agua y refrescos,Agua,Agua mineral grande Bezoya,"6 botellas x 1,5 L","4,44 €4,14 € /pack",27314," 0,46 €/L"
Agua y refrescos,Agua,Agua mineral grande Bezoya,"Botella 1,5 L","0,74 €0,69 € /ud.",27230," 0,46 €/L"
Agua y refrescos,Agua,Agua mineral grande Ribes,Garrafa 8 L,"1,99 € /ud.",27292," 0,249 €/L"
Agua y refrescos,Agua,Agua mineral grande Ribes,"6 botellas x 1,5 L","3,30 € /pack",27155," 0,367 €/L"
Agua y refrescos,Agua,Agua mineral grande Ribes,"Botella 1,5 L","0,55 € /ud.",27038," 0,367 €/L"
Agua y refrescos,Agua,Agua mineral grande Nestlé Aquarel,"6 botellas x 1,5 L","3,54 € /pack",27099," 0,394 €/L"
Agua y refrescos,Agua,Agua mineral grande Nestlé Aquarel,"Botella 1,5 L","0,59 € /ud.",27232," 0,394 €/L"
Agua y refrescos,Agua,Agua mineral grande Font Vella,"6 botellas x 1,5 L","4,20 € /pack",27350," 0,467 €/L"
Agua y refrescos,Agua,Agua mineral grande Font Vella,"Botella 1,5 L","0,73 € /ud.",27204," 0,487 €/L"
Agua y refrescos,Agua,Agua mineral grande Solán de Cabras,"6 botellas x 1,5 L","5,34 € /pack",27327," 0,594 €/L"
Agua y refrescos,Agua,Agua mineral grande Solán de Cabras,"Botella 1,5 L","0,89 € /ud.",27356," 0,594 €/L"
Agua y refrescos,Agua,Agua mineral grande Viladrau,"6 botellas x 1,5 L","3,78 € /pack",27253," 0,42 €/L"
Agua y refrescos,Agua,Agua mineral grande Viladrau,"Botella 1,5 L","0,63 € /ud.",27221," 0,42 €/L"
Agua y refrescos,Agua,Agua de coco Chaokoh 100% natural,Brick 1 L,"2,60 € /ud.",28198," 2,60 €/L"
Agua y refrescos,Agua,Agua mineral con gas grande Vichy Catalan,Botella 1 L,"1,49 € /ud.",27213," 1,49 €/L"
Agua y refrescos,Agua,Agua mineral con gas pequeña Vichy Catalan,6 botellas x 300 ml,"5,89 € /pack",28185," 3,273 €/L"
Agua y refrescos,Agua,Agua mineral con gas grande Cortes,"6 botellas x 1,5 L","2,46 € /pack",27366," 0,274 €/L"
Agua y refrescos,Agua,Agua mineral con gas grande Cortes,"Botella 1,5 L","0,41 € /ud.",27367," 0,274 €/L"
Agua y refrescos,Agua,Agua mineral con gas pequeña Cortes,6 botellas x 500 ml,"1,62 € /pack",27368," 0,54 €/L"
Agua y refrescos,Agua,Agua mineral con gas pequeña Cortes,Botella 500 ml,"0,27 € /ud.",27369," 0,54 €/L"
Agua y refrescos,Agua,Agua mineral con gas grande San Narciso,Botella 1 L,"1,29 € /ud.",27084," 1,29 €/L"
Agua y refrescos,Agua,Agua mineral con gas grande San Pellegrino,6 botellas x 1 L,"8,16 € /pack",27894," 1,36 €/L"
Agua y refrescos,Agua,Agua mineral con gas grande San Pellegrino,Botella 1 L,"1,36 € /ud.",27893," 1,36 €/L"
Agua y refrescos,Agua,Agua de soda con sifón La Casa,"Botella 1,5 L","1,60 € /ud.",27203," 1,067 €/L"
Agua y refrescos,Agua,Agua mineral con gas grande Fonter,6 botellas x 1 L,"6,84 € /pack",27598," 1,14 €/L"
Agua y refrescos,Agua,Agua mineral con gas grande Fonter,Botella 1 L,"1,14 € /ud.",27597," 1,14 €/L"
Agua y refrescos,Agua,Gaseosa Hacendado grande,"Botella 1,5 L","0,50 € /ud.",27973," 0,334 €/L"
Agua y refrescos,Agua,Gaseosa Hacendado pequeña,6 botellas x 500 ml,"1,92 € /pack",27972," 0,64 €/L"
Agua y refrescos,Agua,Gaseosa Hacendado pequeña,Botella 500 ml,"0,32 € /ud.",27971," 0,64 €/L"
Agua y refrescos,Agua,Gaseosa La Casera grande,"2 botellas x 1,5 L","2,36 € /pack",27733," 0,787 €/L"
Agua y refrescos,Agua,Gaseosa La Casera grande,"Botella 1,5 L","1,20 € /ud.",27735," 0,80 €/L"
Agua y refrescos,Isotónico y energético,Bebida isotónica limón Aquarius,"Botella 1,5 L","1,99 € /ud.",29608," 1,327 €/L"
Agua y refrescos,Isotónico y energético,Bebida isotónica limón Aquarius,8 latas x 330 ml,"6,80 €6,24 € /pack",29605," 2,364 €/L"
Agua y refrescos,Isotónico y energético,Bebida isotónica limón Aquarius,Lata 330 ml,"0,89 €0,80 € /ud.",29625," 2,425 €/L"
Agua y refrescos,Isotónico y energético,Bebida isotónica sabor cítrico Iso drink,"Botella 1,5 L","1,00 € /ud.",28576," 0,667 €/L"
Agua y refrescos,Isotónico y energético,Bebida isotónica sabor cítrico Iso drink,6 latas x 330 ml,"2,70 € /pack",28575," 1,364 €/L"
Agua y refrescos,Isotónico y energético,Bebida isotónica sabor cítrico Iso drink,Lata 330 ml,"0,45 € /ud.",28574," 1,364 €/L"
Agua y refrescos,Isotónico y energético,Bebida isotónica naranja Aquarius,"Botella 1,5 L","1,99 € /ud.",29609," 1,327 €/L"
Agua y refrescos,Isotónico y energético,Bebida isotónica naranja Aquarius,8 latas x 330 ml,"6,80 €6,24 € /pack",29604," 2,364 €/L"
Agua y refrescos,Isotónico y energético,Bebida isotónica naranja Aquarius,Lata 330 ml,"0,89 €0,80 € /ud.",29624," 2,425 €/L"
Agua y refrescos,Isotónico y energético,Bebida isotónica limón Aquarius zero azúcar,"Botella 1,5 L","1,99 € /ud.",29612," 1,327 €/L"
Agua y refrescos,Isotónico y energético,Bebida isotónica de naranja Iso drink,"Botella 1,5 L","1,00 € /ud.",28688," 0,667 €/L"
Agua y refrescos,Isotónico y energético,Bebida isotónica de naranja Iso drink,6 latas x 330 ml,"2,70 € /pack",28690," 1,364 €/L"
Agua y refrescos,Isotónico y energético,Bebida isotónica de naranja Iso drink,Lata 330 ml,"0,45 € /ud.",28689," 1,364 €/L"
Agua y refrescos,Isotónico y energético,Bebida isotónica Iso On blue Hacendado,"Botella 1,5 L","1,55 € /ud.",29410," 1,034 €/L"
Agua y refrescos,Isotónico y energético,Bebida isotónica Iso On blue Hacendado,Botella 500 ml,"0,60 € /ud.",29080," 1,20 €/L"
Agua y refrescos,Isotónico y energético,Bebida isotónica azul Powerade,Botella 500 ml,"1,52 € /ud.",27491," 3,04 €/L"
Agua y refrescos,Isotónico y energético,Bebida energética Energy Drink Zero Hacendado,6 latas x 250 ml,"2,70 €2,40 € /pack",5564," 1,60 €/L"
Agua y refrescos,Isotónico y energético,Bebida energética Zero Hacendado,Lata 250 ml,"0,40 € /ud.",27944," 1,60 €/L"
Agua y refrescos,Isotónico y energético,Bebida energética Energy Ultra zero Monster,4 latas x 500 ml,"6,68 € /pack",28670," 3,34 €/L"
Agua y refrescos,Isotónico y energético,Bebida energética Energy Ultra zero Monster,Lata 500 ml,"1,79 € /ud.",28119," 3,58 €/L"
Agua y refrescos,Isotónico y energético,Bebida energética energy Monster,4 latas x 500 ml,"7,08 €6,00 € /pack",28664," 3,00 €/L"
Agua y refrescos,Isotónico y energético,Bebida energética Energy Monster,Lata 500 ml,"1,89 €1,55 € /ud.",28016," 3,10 €/L"
Agua y refrescos,Isotónico y energético,Bebida energética Energy Drink Hacendado,"Botella 1,5 L","1,70 € /ud.",28266," 1,134 €/L"
Agua y refrescos,Isotónico y energético,Bebida energética Energy Drink Hacendado,6 latas x 250 ml,"2,70 €2,40 € /pack",28263," 1,60 €/L"
Agua y refrescos,Isotónico y energético,Bebida energética Energy Drink Hacendado,Lata 250 ml,"0,45 €0,40 € /ud.",28264," 1,60 €/L"
Agua y refrescos,Isotónico y energético,Bebida energética Red Bull,4 latas x 250 ml,"5,52 €4,77 € /pack",29378," 4,77 €/L"
Agua y refrescos,Isotónico y energético,Bebida energética Red Bull,Lata 250 ml,"1,64 € /ud.",27905," 6,56 €/L"
Agua y refrescos,Isotónico y energético,Bebida energética original Burn,4 latas x 500 ml,"4,20 € /pack",29365," 2,10 €/L"
Agua y refrescos,Isotónico y energético,Bebida energética original Burn,Lata 500 ml,"1,10 € /ud.",27913," 2,20 €/L"
Agua y refrescos,Isotónico y energético,Gel energético con cafeína Enervit Sport sabor cítricos,3 ud. x 32 g,"3,60 € /pack",28116," 39,131 €/kg"
Agua y refrescos,Isotónico y energético,Bebida energética Mango Loco Monster,4 latas x 500 ml,"7,08 € /pack",13815," 3,54 €/L"
Agua y refrescos,Isotónico y energético,Bebida energética Mango Loco Monster,Lata 500 ml,"1,89 € /ud.",13814," 3,78 €/L"
Agua y refrescos,Isotónico y energético,Bebida energética Furious Energy drink,Lata 500 ml,"1,07 € /ud.",40322," 2,14 €/L"
Agua y refrescos,Isotónico y energético,Bebida energética Tropic Energy drink,Lata 500 ml,"1,07 € /ud.",40323," 2,14 €/L"
Agua y refrescos,Isotónico y energético,Malta Maltín Polar,6 botellines x 250 ml,"7,00 € /pack",52920," 4,667 €/L"
Agua y refrescos,Isotónico y energético,Malta Maltín Polar,Botellín 250 ml,"1,17 € /ud.",52921," 4,68 €/L"
Agua y refrescos,Isotónico y energético,Bebida energética zero Watermelon Energy drink,Lata 500 ml,"1,00 € /ud.",60602," 2,00 €/L"
Agua y refrescos,Refresco de cola,Refresco Coca-Cola,2 botellas x 2 L,"4,64 € /pack",27348," 1,16 €/L"
Agua y refrescos,Refresco de cola,Refresco Coca-Cola,Botella 2 L,"2,36 € /ud.",27342," 1,18 €/L"
Agua y refrescos,Refresco de cola,Refresco Coca-Cola,"Botella 1,25 L","1,72 €1,48 € /ud.",28181," 1,184 €/L"
Agua y refrescos,Refresco de cola,Refresco Coca-Cola,4 botellas x 500 ml,"5,40 € /pack",28113," 2,70 €/L"
Agua y refrescos,Refresco de cola,Refresco Coca-Cola,Botella 500 ml,"1,55 € /ud.",29360," 3,10 €/L"
Agua y refrescos,Refresco de cola,Refresco Coca-Cola,12 latas x 330 ml,"11,16 €10,44 € /pack",27321," 2,637 €/L"
Agua y refrescos,Refresco de cola,Refresco Coca-Cola,Lata 330 ml,"0,95 € /ud.",27326," 2,879 €/L"
Agua y refrescos,Refresco de cola,Refresco cola Hacendado,Botella 2 L,"1,10 € /ud.",29072," 0,55 €/L"
Agua y refrescos,Refresco de cola,Refresco cola Hacendado,6 latas x 330 ml,"2,34 € /pack",29031," 1,182 €/L"
Agua y refrescos,Refresco de cola,Refresco cola Hacendado,Lata 330 ml,"0,39 € /ud.",29032," 1,182 €/L"
Agua y refrescos,Refresco de cola,Refresco cola Pepsi,"Botella 1,75 L","1,69 € /ud.",23894," 0,966 €/L"
Agua y refrescos,Refresco de cola,Refresco Coca-Cola Zero azúcar,12 latas x 330 ml,"10,44 € /pack",27426," 2,637 €/L"
Agua y refrescos,Refresco de cola,Refresco Coca-Cola Zero azúcar,Lata 330 ml,"0,89 € /ud.",27414," 2,697 €/L"
Agua y refrescos,Refresco de cola,Refresco Coca-Cola Zero azúcar,2 botellas x 2 L,"3,90 € /pack",27449," 0,975 €/L"
Agua y refrescos,Refresco de cola,Refresco Coca-Cola Zero azúcar,Botella 2 L,"1,99 € /ud.",27445," 0,995 €/L"
Agua y refrescos,Refresco de cola,Refresco Coca-Cola Zero azúcar,"Botella 1,25 L","1,49 €1,25 € /ud.",13816," 1,00 €/L"
Agua y refrescos,Refresco de cola,Refresco Coca-Cola Zero azúcar,4 botellas x 500 ml,"5,00 € /pack",28115," 2,50 €/L"
Agua y refrescos,Refresco de cola,Refresco Coca-Cola Zero azúcar,Botella 500 ml,"1,45 € /ud.",29361," 2,90 €/L"
Agua y refrescos,Refresco de cola,Refresco Coca-Cola light,9 latas x 330 ml,"7,83 € /pack",27184," 2,637 €/L"
Agua y refrescos,Refresco de cola,Refresco Coca-Cola light,Lata 330 ml,"0,89 € /ud.",27406," 2,697 €/L"
Agua y refrescos,Refresco de cola,Refresco Coca-Cola Zero Zero,12 latas x 330 ml,"10,44 € /pack",26997," 2,637 €/L"
Agua y refrescos,Refresco de cola,Refresco Coca-Cola Zero Zero,Lata 330 ml,"0,89 € /ud.",27559," 2,697 €/L"
Agua y refrescos,Refresco de cola,Refresco Coca-Cola Zero Zero,2 botellas x 2 L,"3,90 € /pack",28180," 0,975 €/L"
Agua y refrescos,Refresco de cola,Refresco Coca-Cola Zero Zero,Botella 2 L,"1,99 € /ud.",27462," 0,995 €/L"
Agua y refrescos,Refresco de cola,Refresco cola Hacendado Zero azúcar,Botella 2 L,"0,70 € /ud.",29073," 0,35 €/L"
Agua y refrescos,Refresco de cola,Refresco cola Hacendado Zero azúcar,6 latas x 330 ml,"1,92 € /pack",29033," 0,97 €/L"
Agua y refrescos,Refresco de cola,Refresco cola Hacendado Zero azúcar,Lata 330 ml,"0,32 € /ud.",29034," 0,97 €/L"
Agua y refrescos,Refresco de cola,Refresco cola Hacendado Zero azúcar Zero cafeína,Botella 2 L,"0,70 € /ud.",29074," 0,35 €/L"
Agua y refrescos,Refresco de cola,Refresco cola Hacendado Zero azúcar Zero cafeína,6 latas x 330 ml,"1,92 € /pack",29035," 0,97 €/L"
Agua y refrescos,Refresco de cola,Refresco cola Hacendado Zero azúcar Zero cafeína,Lata 330 ml,"0,32 € /ud.",29036," 0,97 €/L"
Agua y refrescos,Refresco de cola,Refresco cola Pepsi Zero azúcar,"Botella 1,75 L","1,69 € /ud.",23898," 0,966 €/L"
Agua y refrescos,Refresco de cola,Refresco Coca-Cola Zero Zero,12 latas x 330 ml,"10,44 € /pack",26997," 2,637 €/L"
Agua y refrescos,Refresco de cola,Refresco Coca-Cola Zero Zero,Lata 330 ml,"0,89 € /ud.",27559," 2,697 €/L"
Agua y refrescos,Refresco de cola,Refresco Coca-Cola Zero Zero,2 botellas x 2 L,"3,90 € /pack",28180," 0,975 €/L"
Agua y refrescos,Refresco de cola,Refresco Coca-Cola Zero Zero,Botella 2 L,"1,99 € /ud.",27462," 0,995 €/L"
Agua y refrescos,Refresco de cola,Refresco cola Hacendado Zero azúcar Zero cafeína,Botella 2 L,"0,70 € /ud.",29074," 0,35 €/L"
Agua y refrescos,Refresco de cola,Refresco cola Hacendado Zero azúcar Zero cafeína,6 latas x 330 ml,"1,92 € /pack",29035," 0,97 €/L"
Agua y refrescos,Refresco de cola,Refresco cola Hacendado Zero azúcar Zero cafeína,Lata 330 ml,"0,32 € /ud.",29036," 0,97 €/L"
Agua y refrescos,Refresco de naranja y de limón,Refresco Fanta limón,Botella 2 L,"1,79 € /ud.",27610," 0,895 €/L"
Agua y refrescos,Refresco de naranja y de limón,Refresco Fanta limón,9 latas x 330 ml,"6,57 €5,76 € /pack",13817," 1,94 €/L"
Agua y refrescos,Refresco de naranja y de limón,Refresco Fanta limón,Lata 330 ml,"0,75 €0,66 € /ud.",27602," 2,00 €/L"
Agua y refrescos,Refresco de naranja y de limón,Refresco Fanta limón zero azúcares añadidos,Lata 330 ml,"0,75 €0,66 € /ud.",27608," 2,00 €/L"
Agua y refrescos,Refresco de naranja y de limón,Refresco de limón Hacendado fresh gas,Botella 2 L,"0,95 € /ud.",29077," 0,475 €/L"
Agua y refrescos,Refresco de naranja y de limón,Refresco de limón Hacendado fresh gas,6 latas x 330 ml,"2,10 € /pack",29043," 1,061 €/L"
Agua y refrescos,Refresco de naranja y de limón,Refresco de limón Hacendado fresh gas,Lata 330 ml,"0,35 € /ud.",29044," 1,061 €/L"
Agua y refrescos,Refresco de naranja y de limón,Refresco de limón Hacendado zero azúcar fresh gas,Botella 2 L,"0,95 € /ud.",29078," 0,475 €/L"
Agua y refrescos,Refresco de naranja y de limón,Refresco de limón Hacendado zero azúcar fresh gas,6 latas x 330 ml,"2,10 € /pack",29045," 1,061 €/L"
Agua y refrescos,Refresco de naranja y de limón,Refresco de limón Hacendado zero azúcar fresh gas,Lata 330 ml,"0,35 € /ud.",29046," 1,061 €/L"
Agua y refrescos,Refresco de naranja y de limón,Refresco limón Schweppes original,8 latas x 330 ml,"7,52 €5,12 € /pack",27761," 1,94 €/L"
Agua y refrescos,Refresco de naranja y de limón,Refresco limón Schweppes original,Lata 330 ml,"0,95 € /ud.",27762," 2,879 €/L"
Agua y refrescos,Refresco de naranja y de limón,Refresco lima limón Sprite,Botella 2 L,"1,59 €1,25 € /ud.",26990," 0,625 €/L"
Agua y refrescos,Refresco de naranja y de limón,Refresco lima limón Sprite,8 latas x 330 ml,"4,56 € /pack",28176," 1,728 €/L"
Agua y refrescos,Refresco de naranja y de limón,Refresco lima limón Sprite,Lata 330 ml,"0,59 € /ud.",27845," 1,788 €/L"
Agua y refrescos,Refresco de naranja y de limón,Refresco lima limón 7 Up zero azúcar,Botella 2 L,"1,59 € /ud.",27763," 0,795 €/L"
Agua y refrescos,Refresco de naranja y de limón,Refresco lima limón 7 Up zero azúcar,9 latas x 330 ml,"4,95 € /pack",22112," 1,667 €/L"
Agua y refrescos,Refresco de naranja y de limón,Refresco lima limón 7 Up zero azúcar,Lata 330 ml,"0,59 € /ud.",27770," 1,788 €/L"
Agua y refrescos,Refresco de naranja y de limón,Refresco lima limón Hacendado fresh gas,Botella 2 L,"0,95 € /ud.",29079," 0,475 €/L"
Agua y refrescos,Refresco de naranja y de limón,Refresco lima limón Hacendado fresh gas,6 latas x 330 ml,"2,10 € /pack",29047," 1,061 €/L"
Agua y refrescos,Refresco de naranja y de limón,Refresco lima limón Hacendado fresh gas,Lata 330 ml,"0,35 € /ud.",29048," 1,061 €/L"
Agua y refrescos,Refresco de naranja y de limón,Refresco lima limón Hacendado zero azúcar fresh gas,Botella 2 L,"0,95 € /ud.",29064," 0,475 €/L"
Agua y refrescos,Refresco de naranja y de limón,Refresco Fanta naranja,2 botellas x 2 L,"3,50 € /pack",27526," 0,875 €/L"
Agua y refrescos,Refresco de naranja y de limón,Refresco Fanta naranja,Botella 2 L,"1,79 € /ud.",27508," 0,895 €/L"
Agua y refrescos,Refresco de naranja y de limón,Refresco Fanta naranja,9 latas x 330 ml,"6,57 €5,76 € /pack",27571," 1,94 €/L"
Agua y refrescos,Refresco de naranja y de limón,Refresco Fanta naranja,Lata 330 ml,"0,75 €0,66 € /ud.",27502," 2,00 €/L"
Agua y refrescos,Refresco de naranja y de limón,Refresco Fanta naranja zero azúcares añadidos,Botella 2 L,"1,79 € /ud.",27545," 0,895 €/L"
Agua y refrescos,Refresco de naranja y de limón,Refresco Fanta naranja zero azúcares añadidos,Lata 330 ml,"0,75 €0,66 € /ud.",27510," 2,00 €/L"
Agua y refrescos,Refresco de naranja y de limón,Refresco de naranja Hacendado fresh gas,Botella 2 L,"0,95 € /ud.",29075," 0,475 €/L"
Agua y refrescos,Refresco de naranja y de limón,Refresco Fanta limón,Botella 2 L,"1,79 € /ud.",27610," 0,895 €/L"
Agua y refrescos,Refresco de naranja y de limón,Refresco Fanta limón,9 latas x 330 ml,"6,57 €5,76 € /pack",13817," 1,94 €/L"
Agua y refrescos,Refresco de naranja y de limón,Refresco Fanta limón,Lata 330 ml,"0,75 €0,66 € /ud.",27602," 2,00 €/L"
Agua y refrescos,Refresco de naranja y de limón,Refresco Fanta limón zero azúcares añadidos,Lata 330 ml,"0,75 €0,66 € /ud.",27608," 2,00 €/L"
Agua y refrescos,Refresco de naranja y de limón,Refresco de limón Hacendado fresh gas,Botella 2 L,"0,95 € /ud.",29077," 0,475 €/L"
Agua y refrescos,Refresco de naranja y de limón,Refresco de limón Hacendado fresh gas,6 latas x 330 ml,"2,10 € /pack",29043," 1,061 €/L"
Agua y refrescos,Refresco de naranja y de limón,Refresco de limón Hacendado fresh gas,Lata 330 ml,"0,35 € /ud.",29044," 1,061 €/L"
Agua y refrescos,Refresco de naranja y de limón,Refresco de limón Hacendado zero azúcar fresh gas,Botella 2 L,"0,95 € /ud.",29078," 0,475 €/L"
Agua y refrescos,Refresco de naranja y de limón,Refresco de limón Hacendado zero azúcar fresh gas,6 latas x 330 ml,"2,10 € /pack",29045," 1,061 €/L"
Agua y refrescos,Refresco de naranja y de limón,Refresco de limón Hacendado zero azúcar fresh gas,Lata 330 ml,"0,35 € /ud.",29046," 1,061 €/L"
Agua y refrescos,Refresco de naranja y de limón,Refresco limón Schweppes original,8 latas x 330 ml,"7,52 €5,12 € /pack",27761," 1,94 €/L"
Agua y refrescos,Refresco de naranja y de limón,Refresco limón Schweppes original,Lata 330 ml,"0,95 € /ud.",27762," 2,879 €/L"
Agua y refrescos,Refresco de naranja y de limón,Refresco lima limón Sprite,Botella 2 L,"1,59 €1,25 € /ud.",26990," 0,625 €/L"
Agua y refrescos,Refresco de naranja y de limón,Refresco lima limón Sprite,8 latas x 330 ml,"4,56 € /pack",28176," 1,728 €/L"
Agua y refrescos,Refresco de naranja y de limón,Refresco lima limón Sprite,Lata 330 ml,"0,59 € /ud.",27845," 1,788 €/L"
Agua y refrescos,Refresco de naranja y de limón,Refresco lima limón 7 Up zero azúcar,Botella 2 L,"1,59 € /ud.",27763," 0,795 €/L"
Agua y refrescos,Refresco de naranja y de limón,Refresco lima limón 7 Up zero azúcar,9 latas x 330 ml,"4,95 € /pack",22112," 1,667 €/L"
Agua y refrescos,Refresco de naranja y de limón,Refresco lima limón 7 Up zero azúcar,Lata 330 ml,"0,59 € /ud.",27770," 1,788 €/L"
Agua y refrescos,Refresco de naranja y de limón,Refresco lima limón Hacendado fresh gas,Botella 2 L,"0,95 € /ud.",29079," 0,475 €/L"
Agua y refrescos,Refresco de naranja y de limón,Refresco lima limón Hacendado fresh gas,6 latas x 330 ml,"2,10 € /pack",29047," 1,061 €/L"
Agua y refrescos,Refresco de naranja y de limón,Refresco lima limón Hacendado fresh gas,Lata 330 ml,"0,35 € /ud.",29048," 1,061 €/L"
Agua y refrescos,Refresco de naranja y de limón,Refresco lima limón Hacendado zero azúcar fresh gas,Botella 2 L,"0,95 € /ud.",29064," 0,475 €/L"
Agua y refrescos,Refresco de naranja y de limón,Refresco Fanta naranja,2 botellas x 2 L,"3,50 € /pack",27526," 0,875 €/L"
Agua y refrescos,Refresco de naranja y de limón,Refresco Fanta naranja,Botella 2 L,"1,79 € /ud.",27508," 0,895 €/L"
Agua y refrescos,Refresco de naranja y de limón,Refresco Fanta naranja,9 latas x 330 ml,"6,57 €5,76 € /pack",27571," 1,94 €/L"
Agua y refrescos,Refresco de naranja y de limón,Refresco Fanta naranja,Lata 330 ml,"0,75 €0,66 € /ud.",27502," 2,00 €/L"
Agua y refrescos,Refresco de naranja y de limón,Refresco Fanta naranja zero azúcares añadidos,Botella 2 L,"1,79 € /ud.",27545," 0,895 €/L"
Agua y refrescos,Refresco de naranja y de limón,Refresco Fanta naranja zero azúcares añadidos,Lata 330 ml,"0,75 €0,66 € /ud.",27510," 2,00 €/L"
Agua y refrescos,Refresco de naranja y de limón,Refresco de naranja Hacendado fresh gas,Botella 2 L,"0,95 € /ud.",29075," 0,475 €/L"
Agua y refrescos,Refresco de naranja y de limón,Refresco de naranja Hacendado fresh gas,6 latas x 330 ml,"2,10 € /pack",29039," 1,061 €/L"
Agua y refrescos,Refresco de naranja y de limón,Refresco de naranja Hacendado fresh gas,Lata 330 ml,"0,35 € /ud.",29040," 1,061 €/L"
Agua y refrescos,Refresco de naranja y de limón,Refresco de naranja Hacendado zero fresh gas,Botella 2 L,"0,95 € /ud.",29076," 0,475 €/L"
Agua y refrescos,Refresco de naranja y de limón,Refresco de naranja Hacendado zero fresh gas,6 latas x 330 ml,"2,10 € /pack",29041," 1,061 €/L"
Agua y refrescos,Refresco de naranja y de limón,Refresco de naranja Hacendado zero fresh gas,Lata 330 ml,"0,35 € /ud.",29042," 1,061 €/L"
Agua y refrescos,Tónica y bitter,Tónica original Schweppes,8 latas x 330 ml,"7,52 € /pack",27666," 2,849 €/L"
Agua y refrescos,Tónica y bitter,Tónica original Schweppes,Lata 330 ml,"0,95 € /ud.",27667," 2,879 €/L"
Agua y refrescos,Tónica y bitter,Tónica original Schweppes,Botella 1 L,"1,90 € /ud.",29247," 1,90 €/L"
Agua y refrescos,Tónica y bitter,Tónica original Schweppes,6 botellines x 200 ml,"6,30 € /pack",86117," 5,25 €/L"
Agua y refrescos,Tónica y bitter,Tónica original Schweppes,Botellín 200 ml,"1,06 € /ud.",86118," 5,30 €/L"
Agua y refrescos,Tónica y bitter,Tónica Hacendado,6 latas x 330 ml,"2,28 € /pack",28034," 1,152 €/L"
Agua y refrescos,Tónica y bitter,Tónica Hacendado,Lata 330 ml,"0,38 € /ud.",27980," 1,152 €/L"
Agua y refrescos,Tónica y bitter,Tónica zero calorías Schweppes,8 latas x 330 ml,"7,52 € /pack",27487," 2,849 €/L"
Agua y refrescos,Tónica y bitter,Tónica zero calorías Schweppes,Lata 330 ml,"0,95 € /ud.",27488," 2,879 €/L"
Agua y refrescos,Tónica y bitter,Tónica Nordic Mist,8 latas x 250 ml,"4,72 € /pack",27234," 2,36 €/L"
Agua y refrescos,Tónica y bitter,Tónica Nordic Mist,Lata 250 ml,"0,69 € /ud.",27017," 2,76 €/L"
Agua y refrescos,Tónica y bitter,Tónica pink zero Schweppes,8 latas x 330 ml,"7,52 € /pack",47995," 2,849 €/L"
Agua y refrescos,Tónica y bitter,Tónica pink zero Schweppes,Lata 330 ml,"0,95 € /ud.",4888," 2,879 €/L"
Agua y refrescos,Tónica y bitter,Bitter Kas sin alcohol,Lata 330 ml,"0,99 € /ud.",28435," 3,00 €/L"
Agua y refrescos,Refresco de té y sin gas,Refresco té al limón Nestea,8 latas x 330 ml,"7,68 € /pack",28509," 2,91 €/L"
Agua y refrescos,Refresco de té y sin gas,Refresco té al limón Nestea,Lata 330 ml,"0,99 € /ud.",27801," 3,00 €/L"
Agua y refrescos,Refresco de té y sin gas,Refresco té al limón Nestea,"Botella 1,5 L","1,99 € /ud.",27903," 1,327 €/L"
Agua y refrescos,Refresco de té y sin gas,Refresco té verde Hacendado,"Botella 1,5 L","0,95 € /ud.",27832," 0,634 €/L"
Agua y refrescos,Refresco de té y sin gas,Refresco té sabor limón Hacendado,"Botella 1,5 L","0,95 € /ud.",67938," 0,634 €/L"
Agua y refrescos,Refresco de té y sin gas,Refresco té sabor melocotón Hacendado zero,"Botella 1,5 L","0,95 € /ud.",86137," 0,634 €/L"
Agua y refrescos,Refresco de té y sin gas,Refresco té sabor melocotón Hacendado,"Botella 1,5 L","0,95 € /ud.",80478," 0,634 €/L"
Agua y refrescos,Refresco de té y sin gas,Refresco té sabor limón Hacendado para diluir,Caja 12 sobres (36 g),"1,50 € /ud.",11307," 4,167 €/100 g"
Agua y refrescos,Refresco de té y sin gas,Refresco té sabor melocotón Hacendado para diluir,Caja 12 sobres (36 g),"1,50 € /ud.",11319," 4,167 €/100 g"
Agua y refrescos,Refresco de té y sin gas,Refresco té sabor mango Hacendado zero,"Botella 1,5 L","0,95 € /ud.",86138," 0,634 €/L"
Agua y refrescos,Refresco de té y sin gas,Refresco té sabor limón Hacendado,6 latas x 330 ml,"3,00 € /pack",67939," 1,516 €/L"
Agua y refrescos,Refresco de té y sin gas,Refresco té sabor limón Hacendado,Lata 330 ml,"0,50 € /ud.",67940," 1,516 €/L"
Agua y refrescos,Refresco de té y sin gas,Refresco té sabor limón Hacendado zero,"Botella 1,5 L","0,95 € /ud.",5546," 0,634 €/L"
Agua y refrescos,Refresco de té y sin gas,Limonada Don Simón light sin gas,Botella 2 L,"1,50 € /ud.",28102," 0,75 €/L"
Agua y refrescos,Refresco de té y sin gas,Refresco de naranja Simon Life sin gas,"Botella 1,5 L","1,85 €1,60 € /ud.",27951," 1,067 €/L"
Agua y refrescos,Refresco de té y sin gas,Refresco de naranja Gold Spring sin gas,Botella 2 L,"1,40 € /ud.",28077," 0,70 €/L"
Agua y refrescos,Refresco de té y sin gas,Refresco de naranja Gold Spring sin gas,4 botellas x 330 ml,"1,50 € /pack",27842," 1,137 €/L"
Agua y refrescos,Refresco de té y sin gas,Refresco fusión de frutas Gold Spring cero sin gas,Botella 2 L,"1,40 € /ud.",28187," 0,70 €/L"
Agua y refrescos,Refresco de té y sin gas,Refresco de naranja Trina sin gas,"Botella 1,5 L","1,69 € /ud.",27755," 1,127 €/L"
Agua y refrescos,Refresco de té y sin gas,Bebida Florida Sunny Delight,"Botella 1,25 L","1,95 €1,65 € /ud.",27759," 1,32 €/L"
Agua y refrescos,Refresco de té y sin gas,Refresco de manzana sin gas,"Botella 1,5 L","1,00 € /ud.",13606," 0,667 €/L"
Agua y refrescos,Refresco de té y sin gas,Refresco piña-coco Gold Spring cero sin gas,Botella 2 L,"1,40 € /ud.",28191," 0,70 €/L"
Agua y refrescos,Refresco de té y sin gas,Agua de coco Chaokoh 100% natural,Brick 1 L,"2,60 € /ud.",28198," 2,60 €/L"
Agua y refrescos,Refresco de té y sin gas,Refresco sandía Gold Spring cero sin gas,Botella 2 L,"1,40 € /ud.",28190," 0,70 €/L"
Agua y refrescos,Refresco de té y sin gas,Refresco Caribe Gold Spring cero sin gas,Botella 2 L,"1,40 € /ud.",28193," 0,70 €/L"
Agua y refrescos,Refresco de té y sin gas,Limonada Hacendado light sin gas,4 botellas x 330 ml,"1,50 € /pack",15988," 1,137 €/L"
Aperitivos,Aceitunas y encurtidos,Aceitunas manzanilla rellenas de anchoa Hacendado,3 botes x 150 g,"3,12 € /pack",22910," 6,934 €/kg"
Aperitivos,Aceitunas y encurtidos,Aceitunas manzanilla rellenas de anchoa Hacendado,3 botes x 50 g,"1,60 € /pack",23217," 10,667 €/kg"
Aperitivos,Aceitunas y encurtidos,Aceitunas manzanilla rellenas de anchoa Hacendado,Bote 350 g (150 g escurrido),"1,04 € /ud.",22911," 6,934 €/kg"
Aperitivos,Aceitunas y encurtidos,Aceitunas manzanilla Hacendado sin hueso,Tarro 835 g (400 g escurrido),"2,60 € /ud.",33053," 6,50 €/kg"
Aperitivos,Aceitunas y encurtidos,Aceitunas rellenas de anchoa Hacendado reducido en sal,Bote 350 g (150 g escurrido),"1,40 € /ud.",33024," 9,334 €/kg"
Aperitivos,Aceitunas y encurtidos,Aceitunas manzanilla rellenas de anchoa Hacendado reducidas en sal,3 botes x 50 g,"1,80 € /pack",33078," 12,00 €/kg"
Aperitivos,Aceitunas y encurtidos,Aceitunas chupadedos Huerta de Barros partidas aliñadas con hueso,Tarro 980 g (600 g escurrido),"3,30 € /ud.",33168," 5,50 €/kg"
Aperitivos,Aceitunas y encurtidos,Aceitunas gazpacha Hacendado con hueso,Tarro 835 g (500 g escurrido),"2,50 € /ud.",80177," 5,00 €/kg"
Aperitivos,Aceitunas y encurtidos,Aceitunas rellenas de anchoa Hacendado,Bote 350 g (150 g escurrido),"1,65 € /ud.",23759," 11,00 €/kg"
Aperitivos,Aceitunas y encurtidos,Aceitunas rellenas de anchoa Hacendado,"Bote 1,46 kg (600 g escurrido)","3,95 € /ud.",33010," 6,584 €/kg"
Aperitivos,Aceitunas y encurtidos,Aceitunas manzanilla Hacendado sin hueso,3 paquetes x 75 g,"1,65 € /pack",33114," 7,334 €/kg"
Aperitivos,Aceitunas y encurtidos,Aceitunas estilo caseras Hacendado aliñadas,Tarro 935 g (550 g escurrido),"2,90 € /ud.",13422," 5,273 €/kg"
Aperitivos,Aceitunas y encurtidos,Aceitunas manzanilla Hacendado con hueso,Tarro 835 g (500 g escurrido),"2,60 € /ud.",80016," 5,20 €/kg"
Aperitivos,Aceitunas y encurtidos,Aceitunas manzanilla aliñadas Hacendado sin hueso,Tarro 420 g (200 g escurrido),"1,85 € /ud.",33121," 9,25 €/kg"
Aperitivos,Aceitunas y encurtidos,Aceitunas chupadedos Huerta de Barros partidas aliñadas con hueso,Tarro 350 g (185 g escurrido),"1,70 € /ud.",60718," 9,19 €/kg"
Aperitivos,Aceitunas y encurtidos,Aceitunas rellenas de jalapeño Hacendado,Bote 350 g (150 g escurrido),"1,65 € /ud.",33178," 11,00 €/kg"
Aperitivos,Aceitunas y encurtidos,Aceitunas aloreña Roldán partida con hueso,"Bote 1,33 kg (830 g escurrido)","4,20 € /ud.",33059," 5,061 €/kg"
Aperitivos,Aceitunas y encurtidos,Aceitunas rellenas de pimiento asado Hacendado,Bote 350 g (150 g escurrido),"1,65 € /ud.",23708," 11,00 €/kg"
Aperitivos,Aceitunas y encurtidos,Aceitunas manzanilla sabor anchoa Hacendado con hueso,Tarro 935 g (530 g escurrido),"3,20 € /ud.",33120," 6,038 €/kg"
Aperitivos,Aceitunas y encurtidos,Aceitunas manzanilla sabor anchoa Hacendado con hueso,Tarro 430 g (250 g escurrido),"1,50 € /ud.",33205," 6,00 €/kg"
Aperitivos,Aceitunas y encurtidos,Aceitunas Olives Garcia partida con hueso,Bote 815 g (450 g escurrido),"3,95 €3,90 € /ud.",86100," 8,667 €/kg"
Aperitivos,Aceitunas y encurtidos,Aceitunas arbequina Hacendado con hueso,Tarro 370 g (210 g escurrido),"1,75 € /ud.",67915," 8,334 €/kg"
Aperitivos,Aceitunas y encurtidos,Aceitunas verdes rellenas de boquerón Hacendado en vinagre,Bote 350 g (150 g escurrido),"1,75 € /ud.",4791," 11,667 €/kg"
Aperitivos,Aceitunas y encurtidos,Aceitunas picadedos Hacendado aliñadas sin hueso,Tarro 710 g (350 g escurrido),"3,25 € /ud.",52622," 9,286 €/kg"
Aperitivos,Aceitunas y encurtidos,Aceitunas negras Hacendado sin hueso,Bote 350 g (150 g escurrido),"1,20 €1,10 € /ud.",33249," 7,334 €/kg"
Aperitivos,Aceitunas y encurtidos,Aceitunas negras naturales de Aragón Campo Nature,Tarro 200 g,"2,50 € /ud.",21756," 12,50 €/kg"
Aperitivos,Aceitunas y encurtidos,Aceitunas negras Hacendado con hueso,Bote 350 g (185 g escurrido),"1,15 € /ud.",16851," 6,217 €/kg"
Aperitivos,Aceitunas y encurtidos,Aceitunas arrugadas negras de Aragón Campo Nature,Tarro 210 g,"2,80 € /ud.",33113," 13,334 €/kg"
Aperitivos,Aceitunas y encurtidos,Aceitunas negras Hacendado a rodajas,3 botes x 50 g,"2,20 €2,15 € /pack",86593," 14,334 €/kg"
Aperitivos,Aceitunas y encurtidos,Banderillas picantes Hacendado,Tarro 345 g (160 g escurrido),"1,55 € /ud.",33235," 9,688 €/kg"
Aperitivos,Aceitunas y encurtidos,Banderillas dulces Hacendado en vinagre,Tarro 345 g (160 g escurrido),"1,55 € /ud.",22154," 9,688 €/kg"
Aperitivos,Aceitunas y encurtidos,Mix de encurtidos Hacendado,Tarro 670 g (370 g escurrido),"2,35 € /ud.",73331," 6,352 €/kg"
Aperitivos,Aceitunas y encurtidos,Pepinillos medianos Convite,Tarro 420 g (230 g escurrido),"1,30 € /ud.",86309," 5,653 €/kg"
Aperitivos,Aceitunas y encurtidos,Altramuces Hacendado,Tarro 690 g (440 g escurrido),"1,75 € /ud.",33136," 3,978 €/kg"
Aperitivos,Aceitunas y encurtidos,Alcaparras Hacendado en vinagre,Tarro 135 g (80 g escurrido),"1,30 € /ud.",33190," 16,25 €/kg"
Aperitivos,Aceitunas y encurtidos,Pepinillos en vinagre Hacendado,Tarro 670 g (370 g escurrido),"2,10 €2,05 € /ud.",33182," 5,541 €/kg"
Aperitivos,Aceitunas y encurtidos,Picadillo de variantes Hacendado,Tarro 420 g (250 g escurrido),"1,80 € /ud.",4868," 7,20 €/kg"
Aperitivos,Aceitunas y encurtidos,Pepinillos laminados agridulces Hacendado,Tarro 530 g (290 g escurrido),"1,80 € /ud.",33100," 6,207 €/kg"
Aperitivos,Aceitunas y encurtidos,Cebollitas Hacendado,Tarro 350 g (190 g escurrido),"1,50 € /ud.",33141," 7,895 €/kg"
Aperitivos,Aceitunas y encurtidos,Guindillas picantes Hacendado,Tarro 285 g (125 g escurrido),"1,30 € /ud.",15966," 10,40 €/kg"
Aperitivos,Aceitunas y encurtidos,Ajos aliñados Hacendado,Tarro 345 g (235 g escurrido),"2,40 € /ud.",33022," 10,213 €/kg"
Aperitivos,Aceitunas y encurtidos,Berenjenas de Almagro Antonio aliño suave,Bote 800 g (350 g escurrido),"2,89 € /ud.",33108," 8,258 €/kg"
Aperitivos,Aceitunas y encurtidos,Jalapeños picantes Hacendado en vinagre,Tarro 135 g (60 g escurrido),"1,65 € /ud.",33189," 27,50 €/kg"
Aperitivos,Aceitunas y encurtidos,Piparra Hacendado,Tarro 285 g (125 g escurrido),"2,50 € /ud.",15967," 20,00 €/kg"
Aperitivos,Aceitunas y encurtidos,Pepinillos agridulces Hacendado,Tarro 670 g (360 g escurrido),"1,45 €1,40 € /ud.",5480," 3,889 €/kg"
Aperitivos,Aceitunas y encurtidos,Pepinillos agridulces Hacendado,Tarro 425 g (230 g escurrido),"1,60 €1,55 € /ud.",5481," 6,74 €/kg"
Aperitivos,Frutos secos y fruta desecada,Nuez natural Hacendado pelada,Paquete 200 g,"2,00 € /ud.",34024," 10,00 €/kg"
Aperitivos,Frutos secos y fruta desecada,Almendra natural Hacendado,Paquete 200 g,"2,05 € /ud.",34865," 10,25 €/kg"
Aperitivos,Frutos secos y fruta desecada,Pistacho tostado Hacendado con sal,Paquete 250 g,"3,35 € /ud.",86202," 13,40 €/kg"
Aperitivos,Frutos secos y fruta desecada,Pipas girasol tostadas Hacendado gigante con sal,Paquete 200 g,"1,20 € /ud.",34079," 6,00 €/kg"
Aperitivos,Frutos secos y fruta desecada,Pistacho tostado Hacendado 0% sal añadida,Paquete 250 g,"3,35 € /ud.",86190," 13,40 €/kg"
Aperitivos,Frutos secos y fruta desecada,Cacahuete frito con sal Belnut pelado,Paquete 250 g,"1,05 € /ud.",70702," 4,20 €/kg"
Aperitivos,Frutos secos y fruta desecada,Pipas girasol tostadas Hacendado gigante aguasal,Paquete 200 g,"1,20 € /ud.",34078," 6,00 €/kg"
Aperitivos,Frutos secos y fruta desecada,Anacardo natural Hacendado,Paquete 200 g,"2,30 € /ud.",23365," 11,50 €/kg"
Aperitivos,Frutos secos y fruta desecada,Palomitas de maíz con sal Hacendado para microondas,Paquete 3 ud. (270 g),"1,10 € /ud.",34822," 4,075 €/kg"
Aperitivos,Frutos secos y fruta desecada,Anacardo frito salado Hacendado,Paquete 200 g,"2,40 € /ud.",34027," 12,00 €/kg"
Aperitivos,Frutos secos y fruta desecada,Avellana tostada Hacendado 0% sal añadida,Paquete 200 g,"3,10 € /ud.",34025," 15,50 €/kg"
Aperitivos,Frutos secos y fruta desecada,Almendra tostada y salada Hacendado con piel,Paquete 200 g,"2,80 € /ud.",34013," 14,00 €/kg"
Aperitivos,Frutos secos y fruta desecada,Cacahuete frito y salado Hacendado con piel,Paquete 250 g,"1,30 € /ud.",34868," 5,20 €/kg"
Aperitivos,Frutos secos y fruta desecada,Maíz frito crujiente y tierno Hacendado,Paquete 170 g,"1,00 € /ud.",34821," 5,883 €/kg"
Aperitivos,Frutos secos y fruta desecada,Almendra frita y salada Hacendado pelada,Paquete 200 g,"2,55 € /ud.",34009," 12,75 €/kg"
Aperitivos,Frutos secos y fruta desecada,Cacahuete tostado Hacendado 0% sal añadida,Paquete 400 g,"1,60 €1,55 € /ud.",34031," 3,875 €/kg"
Aperitivos,Frutos secos y fruta desecada,Almendra tostada Hacendado 0% sal añadida con piel,Paquete 200 g,"2,80 € /ud.",34014," 14,00 €/kg"
Aperitivos,Frutos secos y fruta desecada,Maíz palomitas Hacendado,Paquete 250 g,"0,82 € /ud.",34804," 3,28 €/kg"
Aperitivos,Patatas fritas y snacks,Patatas fritas extra crujientes Hacendado,Paquete 150 g,"1,30 € /ud.",86146," 8,667 €/kg"
Aperitivos,Patatas fritas y snacks,Patatas fritas clásicas Hacendado,2 paquetes x 150 g,"1,75 € /pack",22245," 5,834 €/kg"
Aperitivos,Patatas fritas y snacks,Patatas fritas receta churrería Hacendado,Paquete 150 g,"1,00 € /ud.",33444," 6,667 €/kg"
Aperitivos,Patatas fritas y snacks,Patatas fritas Lisas Hacendado,Paquete 150 g,"1,00 € /ud.",33365," 6,667 €/kg"
Aperitivos,Patatas fritas y snacks,Patatas fritas onduladas Hacendado sabor jamón serrano,Paquete 150 g,"1,20 €1,15 € /ud.",86145," 7,667 €/kg"
Aperitivos,Patatas fritas y snacks,Patatas fritas corte ondulado Hacendado,Paquete 150 g,"1,00 € /ud.",15589," 6,667 €/kg"
Aperitivos,Patatas fritas y snacks,Patatas light Hacendado,Paquete 150 g,"1,35 € /ud.",15810," 9,00 €/kg"
Aperitivos,Patatas fritas y snacks,Aperitivo de patata sabor original Pringles,Bote 165 g,"2,55 €1,99 € /ud.",33555," 12,061 €/kg"
Aperitivos,Patatas fritas y snacks,Patatas fritas sabor campestre Hacendado,Paquete 150 g,"1,20 €1,15 € /ud.",15590," 7,667 €/kg"
Aperitivos,Patatas fritas y snacks,Aperitivo de patata sabor crema agria y cebolla Pringles,Bote 165 g,"2,55 €1,99 € /ud.",33556," 12,061 €/kg"
Aperitivos,Patatas fritas y snacks,Patatas fritas sabor sal y vinagre Hacendado,Paquete 130 g,"1,15 € /ud.",13548," 8,847 €/kg"
Aperitivos,Patatas fritas y snacks,Patatas fritas sabor chili y lima Hacendado,Paquete 130 g,"1,15 € /ud.",33367," 8,847 €/kg"
Aperitivos,Patatas fritas y snacks,Patatas fritas al punto de sal Lay's,Paquete 195 g,"1,99 € /ud.",46580," 10,206 €/kg"
Aperitivos,Patatas fritas y snacks,Patatas fritas onduladas Munchos sabor queso,Paquete 130 g,"1,15 € /ud.",86205," 8,847 €/kg"
Aperitivos,Patatas fritas y snacks,Patatas fritas 0% sal añadida Hacendado,Paquete 130 g,"1,60 € /ud.",5398," 12,308 €/kg"
Aperitivos,Patatas fritas y snacks,Patatas fritas sabor ketchup Hacendado,Paquete 130 g,"1,15 € /ud.",52748," 8,847 €/kg"
Aperitivos,Patatas fritas y snacks,Patatas fritas sabor pimiento asado Hacendado,Paquete 130 g,"1,15 € /ud.",52742," 8,847 €/kg"
Aperitivos,Patatas fritas y snacks,Nachos Hacendado,Paquete 150 g,"0,90 € /ud.",33640," 6,00 €/kg"
Aperitivos,Patatas fritas y snacks,Pandilla sabor queso Cheetos,Paquete 75 g,"1,89 € /ud.",33529," 25,20 €/kg"
Aperitivos,Patatas fritas y snacks,Tiras de maíz frito sabor barbacoa Hacendado,Paquete 150 g,"0,80 € /ud.",33639," 5,334 €/kg"
Aperitivos,Patatas fritas y snacks,Pelotazos sabor queso Cheetos,Paquete 130 g,"1,89 € /ud.",33543," 14,539 €/kg"
Aperitivos,Patatas fritas y snacks,Nachos tex-mex Hacendado sabor queso,Paquete 150 g,"0,95 € /ud.",33641," 6,334 €/kg"
Aperitivos,Patatas fritas y snacks,Garfitos de maíz sabor queso Hacendado,Paquete 80 g,"0,75 €0,70 € /ud.",13889," 8,75 €/kg"
Aperitivos,Patatas fritas y snacks,Cuquitos sabor queso Hacendado,Paquete 100 g,"0,80 € /ud.",33642," 8,00 €/kg"
Aperitivos,Patatas fritas y snacks,Conos sabor bacon y queso Hacendado,Paquete 100 g,"0,75 € /ud.",15778," 7,50 €/kg"
Aperitivos,Patatas fritas y snacks,Galletitas saladas Hacendado,Bote 350 g,"1,30 € /ud.",14216," 3,715 €/kg"
Aperitivos,Patatas fritas y snacks,Cuquis Hacendado,Paquete 80 g,"0,75 €0,70 € /ud.",33581," 8,75 €/kg"
Aperitivos,Patatas fritas y snacks,Combinado de aperitivos Hacendado,Paquete 200 g,"1,50 € /ud.",33488," 7,50 €/kg"
Aperitivos,Patatas fritas y snacks,Bombitas de maíz sabor mantequilla Hacendado,Paquete 80 g,"0,75 € /ud.",16860," 9,375 €/kg"
Aperitivos,Patatas fritas y snacks,Snack de maíz sabor barbacoa Estrella,Paquete 140 g,"1,45 € /ud.",33637," 10,358 €/kg"
Aperitivos,Patatas fritas y snacks,Torreznos sabor barbacoa Hacendado,Paquete 100 g,"1,55 € /ud.",33436," 15,50 €/kg"
Aperitivos,Patatas fritas y snacks,Trigo snack sabor ahumado Hacendado,Paquete 80 g,"0,85 € /ud.",33633," 10,625 €/kg"
Aperitivos,Patatas fritas y snacks,Patatas fritas paja Hacendado,Paquete 200 g,"1,50 € /ud.",33624," 7,50 €/kg"
Aperitivos,Patatas fritas y snacks,Torreznos Hacendado,Paquete 120 g,"1,65 € /ud.",33416," 13,75 €/kg"
Aperitivos,Patatas fritas y snacks,Piña deshidratada Hacendado,Paquete 50 g,"1,35 €1,25 € /ud.",33440," 25,00 €/kg"
Aperitivos,Patatas fritas y snacks,Snack de maíz Bits Doritos sabor barbacoa,Paquete 80 g,"0,95 € /ud.",67774," 11,875 €/kg"
Aperitivos,Patatas fritas y snacks,Cocktail galletitas de aperitivo Hacendado,Bote 300 g,"1,55 € /ud.",14926," 5,167 €/kg"
Aperitivos,Patatas fritas y snacks,Sticks de patata Hacendado,Paquete 75 g,"0,85 € /ud.",22568," 11,334 €/kg"
Aperitivos,Patatas fritas y snacks,Cortezas,Paquete 75 g,"1,00 € /ud.",33407," 13,334 €/kg"
Aperitivos,Patatas fritas y snacks,Súper cuquis La Llanura,10 paquetes x 6 g,"1,20 € /pack",33409," 20,00 €/kg"
Aperitivos,Patatas fritas y snacks,Manzana deshidratada Hacendado,Paquete 20 g,"0,90 € /ud.",22835," 4,50 €/100 g"
Aperitivos,Patatas fritas y snacks,Aros de maíz Hacendado,Paquete 120 g,"0,90 €0,85 € /ud.",15757," 7,084 €/kg"
Aperitivos,Patatas fritas y snacks,Palomitas caramelo Hacendado,Paquete 120 g,"1,30 € /ud.",34811," 10,834 €/kg"
Aperitivos,Patatas fritas y snacks,Snack de maíz sabor mantequilla Snakis,Paquete 100 g,"1,00 € /ud.",50360," 10,00 €/kg"
Aperitivos,Patatas fritas y snacks,Chicharrones Mont-Palau,Paquete 125 g,"3,34 € /ud.",53144," 26,72 €/kg"
Aperitivos,Patatas fritas y snacks,Snack de maíz Crunchy sabor picante Munchos,Paquete 100 g,"1,00 € /ud.",80476," 10,00 €/kg"
Aperitivos,Patatas fritas y snacks,Cocktail mezcla aperitivos fritos Hacendado,Paquete 100 g,"1,10 € /ud.",30138," 11,00 €/kg"
Aperitivos,Patatas fritas y snacks,Snack de maíz Redes sabor barbacoa Hacendado,Paquete 100 g,"0,95 € /ud.",60323," 9,50 €/kg"
Aperitivos,Patatas fritas y snacks,Sticks vegetales Hacendado,Paquete 100 g,"1,20 € /ud.",52686," 12,00 €/kg"
"Arroz, legumbres y pasta",Arroz,Arroz redondo Hacendado,Paquete 1 kg,"1,27 € /ud.",5044," 1,27 €/kg"
"Arroz, legumbres y pasta",Arroz,Arroz largo Hacendado,Paquete 1 kg,"1,30 € /ud.",5063," 1,30 €/kg"
"Arroz, legumbres y pasta",Arroz,Arroz cocido basmati Sabroz,2 vasitos x 125 g,"1,20 € /pack",22280," 4,80 €/kg"
"Arroz, legumbres y pasta",Arroz,Arroz cocido integral Sabroz,2 vasitos x 125 g,"1,15 € /pack",22281," 4,60 €/kg"
"Arroz, legumbres y pasta",Arroz,Arroz bomba Hacendado,Paquete 1 kg,"4,90 € /ud.",5025," 4,90 €/kg"
"Arroz, legumbres y pasta",Arroz,Quinoa cocida blanca y roja Sabroz,2 vasitos x 125 g,"1,50 € /pack",22278," 6,00 €/kg"
"Arroz, legumbres y pasta",Arroz,Arroz cocido redondo Sabroz,2 vasitos x 125 g,"1,15 € /pack",22279," 4,60 €/kg"
"Arroz, legumbres y pasta",Arroz,Arroz redondo J Sendra Hacendado,Paquete 1 kg,"1,54 € /ud.",5042," 1,54 €/kg"
"Arroz, legumbres y pasta",Arroz,Arroz basmati aromático Hacendado,Paquete 1 kg,"2,54 €2,44 € /ud.",5002," 2,44 €/kg"
"Arroz, legumbres y pasta",Arroz,Arroz integral redondo Hacendado,Paquete 1 kg,"1,70 € /ud.",5014," 1,70 €/kg"
"Arroz, legumbres y pasta",Arroz,Cous cous mediano Bia,Caja 1 kg,"1,90 €1,85 € /ud.",9395," 1,85 €/kg"
"Arroz, legumbres y pasta",Arroz,Arroz vaporizado Hacendado,Paquete 1 kg,"1,54 € /ud.",5020," 1,54 €/kg"
"Arroz, legumbres y pasta",Arroz,Quinoa Hacendado,Paquete 500 g,"2,65 € /ud.",9430," 5,30 €/kg"
"Arroz, legumbres y pasta",Arroz,Noodles de arroz Acecook,Paquete 200 g,"1,50 € /ud.",8713," 7,50 €/kg"
"Arroz, legumbres y pasta",Arroz,Arroz redondo Sabroz,Paquete 1 kg,"2,68 € /ud.",5005," 2,68 €/kg"
"Arroz, legumbres y pasta",Arroz,Arroz Nomen,Paquete 1 kg,"1,82 € /ud.",5050," 1,82 €/kg"
"Arroz, legumbres y pasta",Legumbres,Garbanzo cocido Hacendado,Tarro 570 g (400 g escurrido),"0,71 € /ud.",26029," 1,775 €/kg"
"Arroz, legumbres y pasta",Legumbres,Garbanzo cocido Hacendado,Tarro 295 g (210 g escurrido),"0,65 € /ud.",26039," 3,096 €/kg"
"Arroz, legumbres y pasta",Legumbres,Garbanzo cocido pedrosillano Hacendado,Tarro 570 g (400 g escurrido),"1,06 € /ud.",26033," 2,65 €/kg"
"Arroz, legumbres y pasta",Legumbres,Garbanzo Hacendado,Paquete 1 kg,"2,20 €2,15 € /ud.",5214," 2,15 €/kg"
"Arroz, legumbres y pasta",Legumbres,Garbanzo pedrosillano Hacendado,Paquete 1 kg,"1,95 € /ud.",5219," 1,95 €/kg"
"Arroz, legumbres y pasta",Legumbres,Garbanzo lechoso andaluz Hacendado,Paquete 1 kg,"2,75 €2,65 € /ud.",5220," 2,65 €/kg"
"Arroz, legumbres y pasta",Legumbres,Alubia cocida blanca Hacendado,Tarro 570 g (400 g escurrido),"0,69 € /ud.",26019," 1,725 €/kg"
"Arroz, legumbres y pasta",Legumbres,Alubia cocida blanca Hacendado,Tarro 295 g (210 g escurrido),"0,65 € /ud.",26028," 3,096 €/kg"
"Arroz, legumbres y pasta",Legumbres,Alubia cocida roja Hacendado,Tarro 570 g (400 g escurrido),"1,05 € /ud.",26000," 2,625 €/kg"
"Arroz, legumbres y pasta",Legumbres,Alubia cocida pinta Hacendado,Tarro 570 g (400 g escurrido),"1,10 € /ud.",26001," 2,75 €/kg"
"Arroz, legumbres y pasta",Legumbres,Alubia blanca Hacendado,Paquete 1 kg,"1,85 € /ud.",5124," 1,85 €/kg"
"Arroz, legumbres y pasta",Legumbres,Alubia cocida Ganxet Hacendado,Tarro 295 g (210 g escurrido),"2,20 € /ud.",26023," 10,477 €/kg"
"Arroz, legumbres y pasta",Legumbres,Alubia negra Hacendado,Paquete 1 kg,"2,40 € /ud.",67608," 2,40 €/kg"
"Arroz, legumbres y pasta",Legumbres,Alubia roja Hacendado,Paquete 1 kg,"2,55 € /ud.",67609," 2,55 €/kg"
"Arroz, legumbres y pasta",Legumbres,Alubia cocida granja Hacendado,Tarro 570 g (350 g escurrido),"1,50 € /ud.",26002," 3,75 €/kg"
"Arroz, legumbres y pasta",Legumbres,Alubia pinta Hacendado,Paquete 1 kg,"2,26 € /ud.",23453," 2,26 €/kg"
"Arroz, legumbres y pasta",Legumbres,Lenteja pardina Hacendado,Paquete 1 kg,"2,10 € /ud.",5330," 2,10 €/kg"
"Arroz, legumbres y pasta",Legumbres,Lenteja cocida Hacendado,Tarro 570 g (400 g escurrido),"0,87 €0,80 € /ud.",26030," 2,00 €/kg"
"Arroz, legumbres y pasta",Legumbres,Lenteja cocida Hacendado,Tarro 295 g (210 g escurrido),"0,75 €0,70 € /ud.",26011," 3,334 €/kg"
"Arroz, legumbres y pasta",Legumbres,Soja texturizada grano fino Hacendado,Paquete 250 g,"2,25 € /ud.",7329," 9,00 €/kg"
"Arroz, legumbres y pasta",Legumbres,Lenteja Hacendado,Paquete 1 kg,"1,88 € /ud.",5325," 1,88 €/kg"
"Arroz, legumbres y pasta",Pasta y fideos,Fideo cabello de ángel Hacendado,Paquete 500 g,"0,82 € /ud.",13577," 1,64 €/kg"
"Arroz, legumbres y pasta",Pasta y fideos,Fideuá Hacendado,Paquete 500 g,"0,82 € /ud.",6253," 1,64 €/kg"
"Arroz, legumbres y pasta",Pasta y fideos,Fideo grueso Hacendado,Paquete 500 g,"0,82 € /ud.",6261," 1,64 €/kg"
"Arroz, legumbres y pasta",Pasta y fideos,Pasta maravilla Hacendado,Paquete 500 g,"0,82 € /ud.",6258," 1,64 €/kg"
"Arroz, legumbres y pasta",Pasta y fideos,Pasta piñones Hacendado,Paquete 500 g,"0,82 € /ud.",6282," 1,64 €/kg"
"Arroz, legumbres y pasta",Pasta y fideos,Fideo mediano Hacendado,Paquete 500 g,"0,82 € /ud.",6256," 1,64 €/kg"
"Arroz, legumbres y pasta",Pasta y fideos,Fideo al huevo Hacendado,Paquete 500 g,"1,35 € /ud.",6341," 2,70 €/kg"
"Arroz, legumbres y pasta",Pasta y fideos,Pasta infantil con vegetales Hacendado,Paquete 500 g,"1,30 €1,20 € /ud.",6333," 2,40 €/kg"
"Arroz, legumbres y pasta",Pasta y fideos,Sémola de trigo Hacendado,Paquete 500 g,"1,60 € /ud.",80291," 3,20 €/kg"
"Arroz, legumbres y pasta",Pasta y fideos,Tapioca Tipiak,Caja 225 g,"1,90 € /ud.",9490," 8,445 €/kg"
"Arroz, legumbres y pasta",Pasta y fideos,Pasta estrellas sin gluten Felicia,Paquete 500 g,"2,00 €1,95 € /ud.",35618," 3,90 €/kg"
"Arroz, legumbres y pasta",Pasta y fideos,Pajaritas vegetales Hacendado,Paquete 500 g,"1,10 € /ud.",6305," 2,20 €/kg"
"Arroz, legumbres y pasta",Pasta y fideos,Pasta penne integral Hacendado,Paquete 500 g,"1,20 € /ud.",35777," 2,40 €/kg"
"Arroz, legumbres y pasta",Pasta y fideos,Pasta tortiglioni Armando,Paquete 500 g,"1,24 € /ud.",6358," 2,48 €/kg"
"Arroz, legumbres y pasta",Pasta y fideos,Hélices con vegetales Hacendado,Paquete 1 kg,"1,60 € /ud.",6344," 1,60 €/kg"
"Arroz, legumbres y pasta",Pasta y fideos,Macarrón fino Hacendado,Paquete 500 g,"0,82 € /ud.",6260," 1,64 €/kg"
"Arroz, legumbres y pasta",Pasta y fideos,Macarrón al huevo Hacendado,Paquete 500 g,"1,35 € /ud.",6300," 2,70 €/kg"
"Arroz, legumbres y pasta",Pasta y fideos,Macarrón Hacendado,Paquete 1 kg,"1,35 €1,30 € /ud.",6250," 1,30 €/kg"
"Arroz, legumbres y pasta",Pasta y fideos,Macarrón rayado Hacendado,Paquete 500 g,"0,82 € /ud.",6278," 1,64 €/kg"
"Arroz, legumbres y pasta",Pasta y fideos,Pasta penne Armando,Paquete 500 g,"1,24 € /ud.",6361," 2,48 €/kg"
"Arroz, legumbres y pasta",Pasta y fideos,Pasta Fusilli 100% lentejas rojas Felicia,Paquete 250 g,"1,58 € /ud.",6106," 6,32 €/kg"
"Arroz, legumbres y pasta",Pasta y fideos,Pasta trottole vegetales Hacendado,Paquete 500 g,"1,30 €1,20 € /ud.",6371," 2,40 €/kg"
"Arroz, legumbres y pasta",Pasta y fideos,Pasta fusilli Armando,Paquete 500 g,"1,24 € /ud.",6357," 2,48 €/kg"
"Arroz, legumbres y pasta",Pasta y fideos,Pasta tiburón Hacendado,Paquete 500 g,"0,82 € /ud.",6244," 1,64 €/kg"
"Arroz, legumbres y pasta",Pasta y fideos,Hélices Hacendado,Paquete 500 g,"0,82 € /ud.",6238," 1,64 €/kg"
"Arroz, legumbres y pasta",Pasta y fideos,Macarrón Hacendado,Paquete 500 g,"0,82 € /ud.",6326," 1,64 €/kg"
"Arroz, legumbres y pasta",Pasta y fideos,Pasta fusilli sin gluten Felicia,Paquete 500 g,"2,00 €1,95 € /ud.",35643," 3,90 €/kg"
"Arroz, legumbres y pasta",Pasta y fideos,Pasta mariscos Hacendado,Paquete 500 g,"0,82 € /ud.",6276," 1,64 €/kg"
"Arroz, legumbres y pasta",Pasta y fideos,Pasta Corallini integral Hacendado,Paquete 500 g,"1,20 € /ud.",35779," 2,40 €/kg"
"Arroz, legumbres y pasta",Pasta y fideos,Tallarines Hacendado,Paquete 500 g,"0,82 € /ud.",6246," 1,64 €/kg"
"Arroz, legumbres y pasta",Pasta y fideos,Spaghetti integral Hacendado,Paquete 500 g,"1,20 € /ud.",35778," 2,40 €/kg"
"Arroz, legumbres y pasta",Pasta y fideos,Spaghetti fino Hacendado,Paquete 500 g,"0,82 € /ud.",6277," 1,64 €/kg"
"Arroz, legumbres y pasta",Pasta y fideos,Nidos al huevo Hacendado,Paquete 500 g,"1,35 € /ud.",6321," 2,70 €/kg"
"Arroz, legumbres y pasta",Pasta y fideos,Spaghetti al huevo Hacendado,Paquete 500 g,"1,35 € /ud.",6302," 2,70 €/kg"
"Arroz, legumbres y pasta",Pasta y fideos,Spaghetti Hacendado,Paquete 1 kg,"1,35 €1,30 € /ud.",6245," 1,30 €/kg"
"Arroz, legumbres y pasta",Pasta y fideos,Spaghetti Hacendado,Paquete 500 g,"0,82 € /ud.",6331," 1,64 €/kg"
"Arroz, legumbres y pasta",Pasta y fideos,Spaghetti sin gluten Felicia,Paquete 500 g,"2,00 €1,95 € /ud.",35670," 3,90 €/kg"
"Arroz, legumbres y pasta",Pasta y fideos,Pasta fresca tagliatelle al huevo Hacendado,Paquete 250 g,"1,15 € /ud.",6153," 4,60 €/kg"
"Arroz, legumbres y pasta",Pasta y fideos,Tortellini con carne Pagani,Paquete 250 g,"1,35 € /ud.",6565," 5,40 €/kg"
"Arroz, legumbres y pasta",Pasta y fideos,Pasta fresca tortellini carne Hacendado,Bandeja 250 g,"1,72 € /ud.",6142," 6,88 €/kg"
"Arroz, legumbres y pasta",Pasta y fideos,Pasta fresca ravioli ricotta y espinacas Hacendado,Bandeja 250 g,"1,72 € /ud.",6143," 6,88 €/kg"
"Arroz, legumbres y pasta",Pasta y fideos,Tortellini con tres quesos Pagani,Paquete 250 g,"1,35 € /ud.",6566," 5,40 €/kg"
"Arroz, legumbres y pasta",Pasta y fideos,Pasta fresca gnocchi Hacendado,Paquete 500 g,"1,12 € /ud.",6175," 2,24 €/kg"
"Arroz, legumbres y pasta",Pasta y fideos,Pasta fresca triángulo setas y mascarpone Hacendado,Bandeja 250 g,"2,24 € /ud.",6141," 8,96 €/kg"
"Arroz, legumbres y pasta",Pasta y fideos,Pasta fresca girasoles quesos Hacendado,Bandeja 250 g,"1,72 € /ud.",6145," 6,88 €/kg"
"Arroz, legumbres y pasta",Pasta y fideos,Pasta fresca medialunas parmigiano reggiano y trufa Hacendado,Bandeja 250 g,"2,48 € /ud.",6149," 9,92 €/kg"
"Arroz, legumbres y pasta",Pasta y fideos,Pasta fresca medialunas calabaza y crema de quesos Hacendado,Bandeja 250 g,"2,24 € /ud.",6152," 8,96 €/kg"
"Arroz, legumbres y pasta",Pasta y fideos,Pasta fresca tortellini jamón y queso Hacendado,Paquete 250 g,"1,72 € /ud.",86841," 6,88 €/kg"
"Arroz, legumbres y pasta",Pasta y fideos,Pasta fresca gnocchi quesos Hacendado,Paquete 400 g,"2,00 € /ud.",86840," 5,00 €/kg"
"Arroz, legumbres y pasta",Pasta y fideos,Pasta fresca girasoles queso de cabra y cebolla caramelizada Hacendado,Bandeja 250 g,"2,24 € /ud.",35652," 8,96 €/kg"
"Arroz, legumbres y pasta",Pasta y fideos,Pasta fresca ravioli tomate y queso burrata Hacendado,Bandeja 250 g,"2,24 € /ud.",35868," 8,96 €/kg"
"Arroz, legumbres y pasta",Pasta y fideos,Placas para lasaña precocidas El Pavo,Caja 18 placas (200 g),"1,43 € /ud.",6856," 7,15 €/kg"
"Arroz, legumbres y pasta",Pasta y fideos,Placas para canelones precocidas El Pavo,Caja 12 placas (80 g),"1,20 € /ud.",35953," 15,00 €/kg"
"Arroz, legumbres y pasta",Pasta y fideos,Placas para canelones El Pavo,Caja 20 placas (125 g),"1,20 € /ud.",52889," 9,60 €/kg"
"Arroz, legumbres y pasta",Pasta y fideos,Fideos orientales Yakisoba classic Gallina Blanca,Vaso 93 g,"1,95 € /ud.",8648," 20,968 €/kg"
"Arroz, legumbres y pasta",Pasta y fideos,Fideos orientales Yatekomo sabor pollo Gallina Blanca,3 vasos x 60 g,"3,95 € /pack",8645," 21,945 €/kg"
"Arroz, legumbres y pasta",Pasta y fideos,Fideos orientales Yatekomo sabor pollo Gallina Blanca,Vaso 60 g,"1,55 € /ud.",8618," 25,834 €/kg"
"Arroz, legumbres y pasta",Pasta y fideos,Pasta oriental sabor pollo Maggi,Paquete 71 g,"0,90 € /ud.",86514," 12,677 €/kg"
"Arroz, legumbres y pasta",Pasta y fideos,Fideos orientales Yakisoba sabor soja Hacendado,Vaso 80 g,"1,30 € /ud.",8727," 16,25 €/kg"
"Arroz, legumbres y pasta",Pasta y fideos,Fideos orientales Yakisoba sabor soja Hacendado,Paquete 90 g,"0,90 € /ud.",8730," 10,00 €/kg"
"Arroz, legumbres y pasta",Pasta y fideos,Fideos orientales sabor pollo Hacendado,Vaso 65 g,"0,95 €0,85 € /ud.",22453," 13,077 €/kg"
"Arroz, legumbres y pasta",Pasta y fideos,Fideos orientales sabor picante Hacendado,Vaso 65 g,"1,00 € /ud.",22455," 15,385 €/kg"
"Azúcar, caramelos y chocolate",Azúcar y edulcorante,Azúcar blanco Hacendado,Paquete 1 kg,"1,45 € /ud.",19897," 1,45 €/kg"
"Azúcar, caramelos y chocolate",Azúcar y edulcorante,Azúcar blanco Hacendado,Paquete 1 kg,"1,45 € /ud.",19897," 1,45 €/kg"
"Azúcar, caramelos y chocolate",Azúcar y edulcorante,Azúcar blanco en sobres Hacendado,Caja 50 sticks (350 g),"1,55 € /ud.",19837," 4,429 €/kg"
"Azúcar, caramelos y chocolate",Azúcar y edulcorante,Azúcar moreno de caña Hacendado,Paquete 1 kg,"1,95 € /ud.",22349," 1,95 €/kg"
"Azúcar, caramelos y chocolate",Azúcar y edulcorante,Azúcar moreno de caña en sobres Hacendado,Caja 50 sobres (350 g),"1,60 € /ud.",19832," 4,572 €/kg"
"Azúcar, caramelos y chocolate",Azúcar y edulcorante,Panela azúcar moreno de caña integral Hacendado,Paquete 500 g,"1,95 € /ud.",19859," 3,90 €/kg"
"Azúcar, caramelos y chocolate",Azúcar y edulcorante,Azúcar glas Hacendado,Bote 500 g,"2,60 € /ud.",35649," 5,20 €/kg"
"Azúcar, caramelos y chocolate",Azúcar y edulcorante,Edulcorante líquido sacarina Hacendado,Bote 150 ml,"0,85 € /ud.",70741," 5,667 €/L"
"Azúcar, caramelos y chocolate",Azúcar y edulcorante,Edulcorante en pastillas sacarina Hacendado,Bote 850 pastillas (52 g),"1,15 € /ud.",19802," 22,116 €/kg"
"Azúcar, caramelos y chocolate",Azúcar y edulcorante,Edulcorante en sobres sacarina Hacendado,Caja 60 sobres (60 g),"1,15 € /ud.",19808," 19,167 €/kg"
"Azúcar, caramelos y chocolate",Azúcar y edulcorante,Sirope de agave Hacendado,Bote 350 g,"2,70 €2,60 € /ud.",19860," 7,429 €/kg"
"Azúcar, caramelos y chocolate",Azúcar y edulcorante,Edulcorante líquido stevia Hacendado,Bote 150 ml,"2,05 € /ud.",19820," 13,667 €/L"
"Azúcar, caramelos y chocolate",Azúcar y edulcorante,Edulcorante granulado stevia Hacendado,Bote 200 g,"3,10 € /ud.",19817," 15,50 €/kg"
"Azúcar, caramelos y chocolate",Azúcar y edulcorante,Edulcorante en pastillas stevia Hacendado,Bote 175 pastillas (9 g),"1,85 € /ud.",19812," 20,556 €/100 g"
"Azúcar, caramelos y chocolate",Azúcar y edulcorante,Edulcorante en sobres stevia Hacendado,Caja 54 sobres (54 g),"2,00 € /ud.",19825," 37,038 €/kg"
"Azúcar, caramelos y chocolate",Azúcar y edulcorante,Edulcorante Eritritol y Sucralosa Hacendado,Bote 200 g,"3,20 € /ud.",67637," 16,00 €/kg"
"Azúcar, caramelos y chocolate",Chicles y caramelos,Chicles menta fuerte gragea Hacendado,Paquete 32 chicles (45 g),"1,00 € /ud.",65235," 2,223 €/100 g"
"Azúcar, caramelos y chocolate",Chicles y caramelos,Chicles menta fuerte gragea Hacendado,Bote 70 chicles (100 g),"1,95 € /ud.",65067," 19,50 €/kg"
"Azúcar, caramelos y chocolate",Chicles y caramelos,Chicles hierbabuena gragea Hacendado,Paquete 32 chicles (45 g),"1,00 € /ud.",65161," 2,223 €/100 g"
"Azúcar, caramelos y chocolate",Chicles y caramelos,Chicles hierbabuena gragea Hacendado,Bote 70 chicles (100 g),"1,95 € /ud.",65172," 19,50 €/kg"
"Azúcar, caramelos y chocolate",Chicles y caramelos,Chicles hierbabuena lámina Hacendado,Paquete 12 chicles (31 g),"1,00 € /ud.",65139," 3,226 €/100 g"
"Azúcar, caramelos y chocolate",Chicles y caramelos,Chicles menta suave gragea Hacendado,Paquete 32 chicles (45 g),"1,00 € /ud.",65147," 2,223 €/100 g"
"Azúcar, caramelos y chocolate",Chicles y caramelos,Chicles fresa gragea Hacendado,Paquete 32 chicles (45 g),"1,00 € /ud.",65164," 2,223 €/100 g"
"Azúcar, caramelos y chocolate",Chicles y caramelos,Chicles fresa gragea Hacendado,Bote 70 chicles (100 g),"1,95 € /ud.",65165," 19,50 €/kg"
"Azúcar, caramelos y chocolate",Chicles y caramelos,Chicles original sabor frutas gragea Hacendado,Paquete 32 chicles (45 g),"1,00 € /ud.",65135," 2,223 €/100 g"
"Azúcar, caramelos y chocolate",Chicles y caramelos,Chicles regaliz y menta gragea Hacendado,Paquete 32 chicles (45 g),"1,25 € /ud.",65056," 2,778 €/100 g"
"Azúcar, caramelos y chocolate",Chicles y caramelos,Chicles sandía lámina Hacendado,Paquete 12 chicles (31 g),"1,00 € /ud.",65140," 3,226 €/100 g"
"Azúcar, caramelos y chocolate",Chicles y caramelos,Chicles XXL gragea Hacendado,Paquete 25 chicles (100 g),"1,80 € /ud.",65213," 18,00 €/kg"
"Azúcar, caramelos y chocolate",Chicles y caramelos,Chicles jengibre gragea Hacendado,Paquete 32 chicles (45 g),"1,25 € /ud.",65177," 2,778 €/100 g"
"Azúcar, caramelos y chocolate",Chicles y caramelos,Chicles Melones ácidos Hacendado,Paquete 100 g,"1,15 € /ud.",52754," 11,50 €/kg"
"Azúcar, caramelos y chocolate",Chicles y caramelos,Caramelos nata Hacendado 0% azúcares,Paquete 90 g,"1,15 € /ud.",65302," 12,778 €/kg"
"Azúcar, caramelos y chocolate",Chicles y caramelos,Caramelos café Hacendado 0% azúcares,Paquete 90 g,"1,15 € /ud.",65123," 12,778 €/kg"
"Azúcar, caramelos y chocolate",Chicles y caramelos,Caramelos sabor eucalipto y mentol Hacendado 0% azúcares,Paquete 90 g,"1,05 € /ud.",65138," 11,667 €/kg"
"Azúcar, caramelos y chocolate",Chicles y caramelos,Caramelos eucaliptus mentol Respiral Halls,Paquete 150 g,"1,95 € /ud.",65326," 13,00 €/kg"
"Azúcar, caramelos y chocolate",Chicles y caramelos,Caramelos cítricos mix Halls,4 paquetes x 32 g,"2,60 € /pack",65298," 20,313 €/kg"
"Azúcar, caramelos y chocolate",Chicles y caramelos,Caramelos limón mentol Respiral Halls,Paquete 150 g,"1,95 € /ud.",65328," 13,00 €/kg"
"Azúcar, caramelos y chocolate",Chicles y caramelos,Caramelos original Halls,4 paquetes x 32 g,"2,60 € /pack",65299," 20,313 €/kg"
"Azúcar, caramelos y chocolate",Chicles y caramelos,Caramelos blandos Fruits Hacendado,Paquete 300 g,"1,50 € /ud.",65311," 5,00 €/kg"
"Azúcar, caramelos y chocolate",Chicles y caramelos,Caramelos miel sabor limón Pifarré,Paquete 125 g,"1,15 € /ud.",65324," 9,20 €/kg"
"Azúcar, caramelos y chocolate",Chicles y caramelos,Caramelos con palo 4 sabores Chupa Chups,Paquete 12 ud. (144 g),"1,95 € /ud.",13388," 13,542 €/kg"
"Azúcar, caramelos y chocolate",Chicles y caramelos,Caramelos regaliz mentol Respiral Halls,Paquete 150 g,"1,95 € /ud.",65327," 13,00 €/kg"
"Azúcar, caramelos y chocolate",Chicles y caramelos,Caramelos jengibre y própolis Hacendado 0% azúcares,Paquete 90 g,"1,35 € /ud.",65143," 15,00 €/kg"
"Azúcar, caramelos y chocolate",Chicles y caramelos,Caramelos Mix Fruits Hacendado 0% azúcares,Paquete 100 g,"1,20 € /ud.",13390," 12,00 €/kg"
"Azúcar, caramelos y chocolate",Chicles y caramelos,Caramelos con palo Cherry Stick Hacendado con chicle sabor cereza,Paquete 7 ud. (105 g),"1,30 € /ud.",22823," 12,381 €/kg"
"Azúcar, caramelos y chocolate",Chicles y caramelos,Caramelos sabor eucalipto y mentol Hacendado extra forte,Paquete 150 g,"1,25 € /ud.",52570," 8,334 €/kg"
"Azúcar, caramelos y chocolate",Chicles y caramelos,Caramelos blandos rellenos Fruits Hacendado,Paquete 300 g,"2,30 € /ud.",52794," 7,667 €/kg"
"Azúcar, caramelos y chocolate",Chocolate,Chocolate negro 85% cacao Hacendado,Tableta 100 g,"1,25 € /ud.",60722," 12,50 €/kg"
"Azúcar, caramelos y chocolate",Chocolate,Chocolate negro fundir Hacendado,Tableta 200 g,"1,45 € /ud.",12531," 7,25 €/kg"
"Azúcar, caramelos y chocolate",Chocolate,Porciones de Chocolate negro 72% cacao extrafino Hacendado,Paquete 200 g,"2,35 € /ud.",12495," 11,75 €/kg"
"Azúcar, caramelos y chocolate",Chocolate,Chocolate 70% negro Valor 0% azúcares añadidos,Tableta 100 g,"2,00 € /ud.",7913," 20,00 €/kg"
"Azúcar, caramelos y chocolate",Chocolate,Chocolate negro 72% de cacao Hacendado con pepitas de cacao caramelizadas,Tableta 100 g,"1,45 € /ud.",22704," 14,50 €/kg"
"Azúcar, caramelos y chocolate",Chocolate,Chocolate negro 72% de cacao Hacendado,Tableta 100 g,"1,05 € /ud.",23773," 10,50 €/kg"
"Azúcar, caramelos y chocolate",Chocolate,Chocolate negro 55% cacao Hacendado con almendras,Tableta 200 g,"1,60 € /ud.",40358," 8,00 €/kg"
"Azúcar, caramelos y chocolate",Chocolate,Chocolate puro Valor,Tableta 300 g,"3,80 € /ud.",12126," 12,667 €/kg"
"Azúcar, caramelos y chocolate",Chocolate,Chocolate puro Valor con almendras enteras,Tableta 250 g,"3,90 €3,45 € /ud.",12130," 13,80 €/kg"
"Azúcar, caramelos y chocolate",Chocolate,Chocolate negro relleno de mousse Hacendado,Tableta 140 g,"1,85 € /ud.",12553," 13,215 €/kg"
"Azúcar, caramelos y chocolate",Chocolate,Chocolate puro Valor con almendras enteras,Tableta 150 g,"3,25 € /ud.",12139," 21,667 €/kg"
"Azúcar, caramelos y chocolate",Chocolate,Chocolatinas de chocolate negro Royal Mints 49% rellenas de crema sabor a menta,Caja 200 g,"1,70 € /ud.",12431," 8,50 €/kg"
"Azúcar, caramelos y chocolate",Chocolate,Gotas de chocolate negro para fundir Hacendado,Paquete 250 g,"2,00 € /ud.",12544," 8,00 €/kg"
"Azúcar, caramelos y chocolate",Chocolate,Chocolate negro 72% de cacao Hacendado con almendras enteras,Tableta 200 g,"2,15 € /ud.",29062," 10,75 €/kg"
"Azúcar, caramelos y chocolate",Chocolate,Porciones de Chocolate negro 85% cacao extrafino Hacendado,Paquete 200 g,"2,65 € /ud.",12493," 13,25 €/kg"
"Azúcar, caramelos y chocolate",Chocolate,Chocolate negro 72% cacao Hacendado con trozos de naranja,Tableta 100 g,"1,40 € /ud.",22703," 14,00 €/kg"
"Azúcar, caramelos y chocolate",Chocolate,Chocolate negro 85% cacao extrafino y edulcorante Hacendado 0% azúcares añadidos,Tableta 100 g,"1,50 € /ud.",12524," 15,00 €/kg"
"Azúcar, caramelos y chocolate",Chocolate,Chocolate negro 70% cacao fundir Hacendado 0% azúcares añadidos,Tableta 200 g,"2,25 € /ud.",12530," 11,25 €/kg"
"Azúcar, caramelos y chocolate",Chocolate,99% cacao negro Hacendado,Tableta 100 g,"1,80 € /ud.",12586," 18,00 €/kg"
"Azúcar, caramelos y chocolate",Chocolate,Chocolate negro 55% cacao Hacendado,Tableta 150 g,"1,05 € /ud.",70652," 7,00 €/kg"
"Azúcar, caramelos y chocolate",Chocolate,Chocolate negro Fussion Hacendado relleno sabor stracciatella,Tableta 95 g,"1,05 € /ud.",80518," 11,053 €/kg"
"Azúcar, caramelos y chocolate",Chocolate,Chocolate con leche classic Hacendado,Tableta 150 g,"1,05 € /ud.",80517," 7,00 €/kg"
"Azúcar, caramelos y chocolate",Chocolate,Chocolate con leche extrafino Nestlé,Tableta 125 g,"1,40 € /ud.",12562," 11,20 €/kg"
"Azúcar, caramelos y chocolate",Chocolate,Chocolate con leche Oreo Milka,Tableta 100 g,"1,55 €1,30 € /ud.",12099," 13,00 €/kg"
"Azúcar, caramelos y chocolate",Chocolate,Chocolate con leche Milka,Tableta 150 g,"1,55 €1,30 € /ud.",12151," 8,667 €/kg"
"Azúcar, caramelos y chocolate",Chocolate,Chocolate extrafino con leche Hacendado almendras enteras,Tableta 200 g,"1,45 € /ud.",12037," 7,25 €/kg"
"Azúcar, caramelos y chocolate",Chocolate,Chocolate con leche Valor almendras enteras,Tableta 250 g,"3,90 €3,45 € /ud.",12107," 13,80 €/kg"
"Azúcar, caramelos y chocolate",Chocolate,Chocolate con leche Hacendado avellanas troceadas,Tableta 150 g,"1,15 € /ud.",15633," 7,667 €/kg"
"Azúcar, caramelos y chocolate",Chocolate,Chocolate extrafino con leche Hacendado 0% azúcares añadidos,Tableta 125 g,"1,25 € /ud.",12527," 10,00 €/kg"
"Azúcar, caramelos y chocolate",Chocolate,Chocolate con leche caramelo Milka,Tableta 100 g,"1,55 €1,30 € /ud.",12098," 13,00 €/kg"
"Azúcar, caramelos y chocolate",Chocolate,Chocolate con leche Valor almendras enteras,Tableta 150 g,"3,25 € /ud.",12140," 21,667 €/kg"
"Azúcar, caramelos y chocolate",Chocolate,Chocolate con leche Milka galleta,Tableta 300 g,"3,50 € /ud.",12016," 11,667 €/kg"
"Azúcar, caramelos y chocolate",Chocolate,Chocolate con leche Hacendado almendras troceadas,Tableta 150 g,"1,15 € /ud.",23837," 7,667 €/kg"
"Azúcar, caramelos y chocolate",Chocolate,Chocolate con leche Fussion Hacendado relleno crema de fresa,Tableta 110 g,"1,05 € /ud.",86798," 9,546 €/kg"
"Azúcar, caramelos y chocolate",Chocolate,Fideos de chocolate Hacendado,Paquete 100 g,"1,45 € /ud.",32227," 14,50 €/kg"
"Azúcar, caramelos y chocolate",Chocolate,Chocolate con leche fundir Hacendado,Tableta 200 g,"1,60 € /ud.",12533," 8,00 €/kg"
"Azúcar, caramelos y chocolate",Chocolate,"Chocolate con leche Fussion Hacendado relleno cremoso, avellanas y barquillo crujiente",Tableta 100 g,"1,05 € /ud.",15527," 10,50 €/kg"
"Azúcar, caramelos y chocolate",Chocolate,Chocolate con leche Fussion Hacendado relleno de galleta caramelizada,Tableta 110 g,"1,05 € /ud.",70756," 9,546 €/kg"
"Azúcar, caramelos y chocolate",Chocolate,Chocolate blanco Hacendado,Tableta 100 g,"0,75 € /ud.",12476," 7,50 €/kg"
"Azúcar, caramelos y chocolate",Chocolate,Chocolate blanco fundir Hacendado,Tableta 200 g,"1,60 € /ud.",12543," 8,00 €/kg"
"Azúcar, caramelos y chocolate",Chocolate,Chocolate blanco Fussion Hacendado galletas al cacao,Tableta 100 g,"1,00 € /ud.",12490," 10,00 €/kg"
"Azúcar, caramelos y chocolate",Chocolate,Chocolate blanco Fussion Hacendado relleno con cremoso de coco y almendras troceadas,Tableta 100 g,"1,05 € /ud.",22408," 10,50 €/kg"
"Azúcar, caramelos y chocolate",Chocolate,Barritas de barquillo Huesitos bañadas de chocolate con leche,Paquete 10 ud. (200 g),"2,45 € /ud.",12526," 12,25 €/kg"
"Azúcar, caramelos y chocolate",Chocolate,Barritas de chocolate con leche Hacendado rellenas de leche,Paquete 16 ud. (200 g),"1,95 € /ud.",12171," 9,75 €/kg"
"Azúcar, caramelos y chocolate",Chocolate,Barritas de barquillo Kit-Kat bañadas de chocolate con leche,"Paquete 5 ud. (207,5 g)","3,00 € /ud.",12510," 14,458 €/kg"
"Azúcar, caramelos y chocolate",Chocolate,Barritas de barquillo Tokke original,Paquete 3 ud. (141 g),"1,30 € /ud.",12509," 9,22 €/kg"
"Azúcar, caramelos y chocolate",Chocolate,Disquitos Pintarolas de chocolate con leche coloreados,Paquete 200 g,"1,50 € /ud.",12094," 7,50 €/kg"
"Azúcar, caramelos y chocolate",Chocolate,Cacahuetes Hacendado chocolate negro,Paquete 250 g,"2,00 € /ud.",12348," 8,00 €/kg"
"Azúcar, caramelos y chocolate",Chocolate,Cacahuetes Hacendado chocolate con leche,Paquete 250 g,"2,00 € /ud.",12347," 8,00 €/kg"
"Azúcar, caramelos y chocolate",Chocolate,Barritas de galleta y caramelo Hacendado bañadas de chocolate con leche,Paquete 5 ud. (200 g),"1,50 € /ud.",12540," 7,50 €/kg"
"Azúcar, caramelos y chocolate",Chocolate,Cacahuetes Chocoiris Hacendado bañados de chocolate con leche coloreados,Paquete 180 g,"1,75 € /ud.",12020," 9,723 €/kg"
"Azúcar, caramelos y chocolate",Chocolate,Monedas de chocolate con leche,Malla 70 g,"1,10 € /ud.",12457," 15,715 €/kg"
"Azúcar, caramelos y chocolate",Chocolate,Huevos de chocolate Hacendado dibujo,3 ud. x 20 g,"1,65 € /pack",12364," 27,50 €/kg"
"Azúcar, caramelos y chocolate",Chocolate,Huevos de chocolate Hacendado dibujo,3 ud. x 20 g,"1,65 € /pack",12362," 27,50 €/kg"
"Azúcar, caramelos y chocolate",Chocolate,Huevo de chocolate Hacendado,50 g,"1,40 € /ud.",12421," 28,00 €/kg"
"Azúcar, caramelos y chocolate",Chocolate,Huevo crema al cacao,25 g,"1,25 € /ud.",12420," 5,00 €/100 g"
"Azúcar, caramelos y chocolate",Chocolate,"Bolas de cereal bañadas Hacendado de chocolate negro, con leche y blanco",Paquete 200 g,"2,15 € /ud.",34046," 10,75 €/kg"
"Azúcar, caramelos y chocolate",Chocolate,Barritas de barquillo Hacendado con relleno de avellana cubiertas de chocolate con leche,Paquete 6 ud. (135 g),"1,50 € /ud.",13571," 11,112 €/kg"
"Azúcar, caramelos y chocolate",Chocolate,Barritas de barquillo Hacendado con relleno cremoso cubiertas de chocolate blanco,Paquete 6 ud. (135 g),"1,90 € /ud.",35787," 14,075 €/kg"
"Azúcar, caramelos y chocolate",Chocolate,"Barritas Peanuts bañadas de chocolate con leche y rellenas con caramelo, cacahuetes tostados y crema azucarada Hacendado",Paquete 6 ud. (216 g),"1,75 € /ud.",52442," 8,102 €/kg"
"Azúcar, caramelos y chocolate",Chocolate,Piruleta de chocolate con leche Pascua Hacendado,35 g,"1,50 € /ud.",52827," 4,286 €/100 g"
"Azúcar, caramelos y chocolate",Chocolate,Surtido de chocolate con leche Pascua Hacendado,Paquete 200 g,"2,90 € /ud.",52824," 14,50 €/kg"
"Azúcar, caramelos y chocolate",Chocolate,Huevos de chocolate con disquitos de colores Pascua Hacendado,Paquete 150 g,"2,90 € /ud.",12413," 19,334 €/kg"
"Azúcar, caramelos y chocolate",Chocolate,Huevo de chocolate con leche Pokemon Pascua Hacendado con sorpresa,120 g,"3,90 € /ud.",12417," 32,50 €/kg"
"Azúcar, caramelos y chocolate",Chocolate,Huevo de chocolate con leche Paw Patrol Pascua Hacendado con sorpresa,120 g,"3,90 € /ud.",12418," 32,50 €/kg"
"Azúcar, caramelos y chocolate",Chocolate,Huevos de chocolate con leche Minis relleno cremoso y cereales Pascua Hacendado,Paquete 150 g,"1,90 € /ud.",60531," 12,667 €/kg"
"Azúcar, caramelos y chocolate",Chocolate,Huevo de chocolate con leche chispeante Pascua Kokoa,40 g,"1,90 € /ud.",60535," 4,75 €/100 g"
"Azúcar, caramelos y chocolate",Chocolate,Figura chocolate blanco conejo Pascua Hacendado,60 g,"1,15 € /ud.",52826," 19,167 €/kg"
"Azúcar, caramelos y chocolate",Chocolate,Figura de chocolate con leche conejo Pascua Hacendado,60 g,"1,15 € /ud.",52825," 19,167 €/kg"
"Azúcar, caramelos y chocolate",Chocolate,"Surtido bombones Senzza de chocolate con avellana, fondant, praliné y almendra",Paquete 470 g,"4,30 € /ud.",12238," 9,149 €/kg"
"Azúcar, caramelos y chocolate",Chocolate,Bombones cereza al licor Hacendado con chocolate negro,Paquete 150 g,"1,90 € /ud.",35909," 12,667 €/kg"
"Azúcar, caramelos y chocolate",Chocolate,Surtido bombones Caja Roja Nestlé,Caja 22 ud. (200 g),"6,30 € /ud.",12288," 31,50 €/kg"
"Azúcar, caramelos y chocolate",Chocolate,Bombones de chocolate con leche Lindor Lindt,Caja 200 g,"7,00 € /ud.",86496," 35,00 €/kg"
"Azúcar, caramelos y chocolate",Chocolate,Surtido bombones Senzza de chocolate negro 70%,Paquete 16 ud. (180 g),"2,25 € /ud.",14221," 12,50 €/kg"
"Azúcar, caramelos y chocolate",Chocolate,Bombones delicias de avellana Delizze Hacendado,Caja 16 ud. (216 g),"3,70 € /ud.",12471," 17,13 €/kg"
"Azúcar, caramelos y chocolate",Chocolate,Surtido bombones La Boutique del Praliné,Caja 20 ud. (205 g),"3,75 € /ud.",86027," 18,293 €/kg"
"Azúcar, caramelos y chocolate",Chocolate,Crema al cacao con avellanas Hacendado,Bote 500 g,"1,95 € /ud.",67416," 3,90 €/kg"
"Azúcar, caramelos y chocolate",Chocolate,Crema de avellanas y cacao Hacendado,Bote 400 g,"2,40 € /ud.",22511," 6,00 €/kg"
"Azúcar, caramelos y chocolate",Chocolate,Crema al cacao con avellanas Nutella,Tarro 350 g,"3,69 € /ud.",67409," 10,543 €/kg"
"Azúcar, caramelos y chocolate",Chocolate,Crema al cacao con avellanas Nocilla original,Tarro 360 g,"3,49 € /ud.",67163," 9,695 €/kg"
"Azúcar, caramelos y chocolate",Chocolate,Dulce de leche Chimbote,Tarro 430 g,"2,71 € /ud.",10286," 6,303 €/kg"
"Azúcar, caramelos y chocolate",Chocolate,Crema al cacao con avellanas Hacendado de 2 sabores,Bote 500 g,"1,95 € /ud.",67417," 3,90 €/kg"
"Azúcar, caramelos y chocolate",Chocolate,Crema al cacao y leche con avellanas Nocilla,Tarro 360 g,"3,49 € /ud.",67164," 9,695 €/kg"
"Azúcar, caramelos y chocolate",Chocolate,Crema de cacahuete 100% Crunchy Hacendado,Tarro 500 g,"3,05 €2,95 € /ud.",22836," 5,90 €/kg"
"Azúcar, caramelos y chocolate",Chocolate,Crema de cacahuete 100% Hacendado,Tarro 500 g,"3,05 €2,95 € /ud.",16883," 5,90 €/kg"
"Azúcar, caramelos y chocolate",Chocolate,Crema de leche y avellanas Hacendado,Tarro 400 g,"2,90 € /ud.",23044," 7,25 €/kg"
"Azúcar, caramelos y chocolate",Golosinas,Golosinas Xuxes Top Ten Hacendado,Paquete 20 ud. (135 g),"1,25 € /ud.",65008," 9,26 €/kg"
"Azúcar, caramelos y chocolate",Golosinas,Golosinas Moras Hacendado,Paquete 200 g,"1,15 € /ud.",65077," 5,75 €/kg"
"Azúcar, caramelos y chocolate",Golosinas,Golosinas Fruit Mix Hacendado,Paquete 250 g,"1,15 €1,10 € /ud.",67814," 4,40 €/kg"
"Azúcar, caramelos y chocolate",Golosinas,Golosinas Nubi Mallow Hacendado,Paquete 150 g,"0,95 € /ud.",65088," 6,334 €/kg"
"Azúcar, caramelos y chocolate",Golosinas,Caramelo Pikotas masticable Dulciora,Paquete 100 g,"1,45 € /ud.",65017," 14,50 €/kg"
"Azúcar, caramelos y chocolate",Golosinas,Golosinas tubos de fresa Hacendado rellenos,Caja 320 g,"1,75 € /ud.",65064," 5,469 €/kg"
"Azúcar, caramelos y chocolate",Golosinas,Golosinas Boca Fruit Hacendado,Paquete 200 g,"1,25 €1,20 € /ud.",65070," 6,00 €/kg"
"Azúcar, caramelos y chocolate",Golosinas,Grageas de regaliz Hacendado,Paquete 150 g,"1,45 € /ud.",65158," 9,667 €/kg"
"Azúcar, caramelos y chocolate",Golosinas,Golosinas Pulpis Mix con pica Hacendado,Paquete 300 g,"1,65 €1,60 € /ud.",52437," 5,334 €/kg"
"Azúcar, caramelos y chocolate",Golosinas,Surtido de caramelos Diver Xuxes Hacendado,Paquete 300 g,"2,15 € /ud.",65059," 7,167 €/kg"
"Azúcar, caramelos y chocolate",Golosinas,Golosinas Rega Relli Hacendado rellena con zumo de fruta,Paquete 150 g,"1,00 € /ud.",65055," 6,667 €/kg"
"Azúcar, caramelos y chocolate",Golosinas,Golosinas Dentaduras Hacendado,Paquete 100 g,"1,15 € /ud.",23528," 11,50 €/kg"
"Azúcar, caramelos y chocolate",Golosinas,Golosinas Mix Hacendado,Paquete 300 g,"1,65 €1,60 € /ud.",86288," 5,334 €/kg"
"Azúcar, caramelos y chocolate",Golosinas,Golosinas Rega Black Mix Hacendado,Paquete 300 g,"1,65 €1,60 € /ud.",86847," 5,334 €/kg"
"Azúcar, caramelos y chocolate",Golosinas,Golosinas Fresi Pink Mix Hacendado,Paquete 300 g,"1,65 €1,60 € /ud.",67736," 5,334 €/kg"
"Azúcar, caramelos y chocolate",Golosinas,Golosinas ladrillos con pica Hacendado sabor fresa y nata ácida,Paquete 200 g,"1,10 € /ud.",52445," 5,50 €/kg"
"Azúcar, caramelos y chocolate",Golosinas,Golosinas Cintas de fresa con pica Hacendado,Caja 300 g,"1,90 €1,75 € /ud.",67967," 5,834 €/kg"
"Azúcar, caramelos y chocolate",Golosinas,Golosinas Xuxes Top Ten Hacendado,Paquete 20 ud. (135 g),"1,25 € /ud.",65008," 9,26 €/kg"
"Azúcar, caramelos y chocolate",Golosinas,Golosinas Moras Hacendado,Paquete 200 g,"1,15 € /ud.",65077," 5,75 €/kg"
"Azúcar, caramelos y chocolate",Golosinas,Golosinas Fruit Mix Hacendado,Paquete 250 g,"1,15 €1,10 € /ud.",67814," 4,40 €/kg"
"Azúcar, caramelos y chocolate",Golosinas,Golosinas Nubi Mallow Hacendado,Paquete 150 g,"0,95 € /ud.",65088," 6,334 €/kg"
"Azúcar, caramelos y chocolate",Golosinas,Caramelo Pikotas masticable Dulciora,Paquete 100 g,"1,45 € /ud.",65017," 14,50 €/kg"
"Azúcar, caramelos y chocolate",Golosinas,Golosinas tubos de fresa Hacendado rellenos,Caja 320 g,"1,75 € /ud.",65064," 5,469 €/kg"
"Azúcar, caramelos y chocolate",Golosinas,Golosinas Boca Fruit Hacendado,Paquete 200 g,"1,25 €1,20 € /ud.",65070," 6,00 €/kg"
"Azúcar, caramelos y chocolate",Golosinas,Grageas de regaliz Hacendado,Paquete 150 g,"1,45 € /ud.",65158," 9,667 €/kg"
"Azúcar, caramelos y chocolate",Golosinas,Golosinas Pulpis Mix con pica Hacendado,Paquete 300 g,"1,65 €1,60 € /ud.",52437," 5,334 €/kg"
"Azúcar, caramelos y chocolate",Golosinas,Surtido de caramelos Diver Xuxes Hacendado,Paquete 300 g,"2,15 € /ud.",65059," 7,167 €/kg"
"Azúcar, caramelos y chocolate",Golosinas,Golosinas Rega Relli Hacendado rellena con zumo de fruta,Paquete 150 g,"1,00 € /ud.",65055," 6,667 €/kg"
"Azúcar, caramelos y chocolate",Golosinas,Golosinas Dentaduras Hacendado,Paquete 100 g,"1,15 € /ud.",23528," 11,50 €/kg"
"Azúcar, caramelos y chocolate",Golosinas,Golosinas Mix Hacendado,Paquete 300 g,"1,65 €1,60 € /ud.",86288," 5,334 €/kg"
"Azúcar, caramelos y chocolate",Golosinas,Golosinas Rega Black Mix Hacendado,Paquete 300 g,"1,65 €1,60 € /ud.",86847," 5,334 €/kg"
"Azúcar, caramelos y chocolate",Golosinas,Golosinas Fresi Pink Mix Hacendado,Paquete 300 g,"1,65 €1,60 € /ud.",67736," 5,334 €/kg"
"Azúcar, caramelos y chocolate",Golosinas,Golosinas ladrillos con pica Hacendado sabor fresa y nata ácida,Paquete 200 g,"1,10 € /ud.",52445," 5,50 €/kg"
"Azúcar, caramelos y chocolate",Golosinas,Golosinas Cintas de fresa con pica Hacendado,Caja 300 g,"1,90 €1,75 € /ud.",67967," 5,834 €/kg"
"Azúcar, caramelos y chocolate",Golosinas,Golosinas Mix azúcar Hacendado,Paquete 300 g,"1,65 €1,60 € /ud.",60384," 5,334 €/kg"
"Azúcar, caramelos y chocolate",Golosinas,"Golosinas Rega Red Mix Hacendado sabor fresa, nata y tutti frutti",Paquete 300 g,"1,65 €1,60 € /ud.",67968," 5,334 €/kg"
"Azúcar, caramelos y chocolate",Golosinas,Golosinas Mix con pica Hacendado,Paquete 300 g,"1,65 €1,60 € /ud.",35856," 5,334 €/kg"
"Azúcar, caramelos y chocolate",Golosinas,Surtido de caramelos Ácidos pintalenguas Hacendado sabor frambuesa y cola,Paquete 200 g,"1,85 € /ud.",60630," 9,25 €/kg"
"Azúcar, caramelos y chocolate",Golosinas,Brocheta golosinas Pascua Hacendado,Paquete 60 g,"1,85 € /ud.",60540," 30,834 €/kg"
"Azúcar, caramelos y chocolate",Golosinas,Golosinas Mix Pascua Hacendado,Paquete 200 g,"1,60 € /ud.",60538," 8,00 €/kg"
"Azúcar, caramelos y chocolate",Golosinas,Caramelos rellenos Pascua Soft Eggies Trolli,Paquete 4 ud. (75 g),"1,85 € /ud.",60539," 24,667 €/kg"
"Azúcar, caramelos y chocolate",Golosinas,Golosinas Rega Fruit Mix Hacendado,Paquete 300 g,"1,60 € /ud.",60567," 5,334 €/kg"
"Azúcar, caramelos y chocolate",Mermelada y miel,Mermelada de fresa Hacendado,Tarro 400 g,"1,55 € /ud.",86755," 3,875 €/kg"
"Azúcar, caramelos y chocolate",Mermelada y miel,Mermelada de fresa monodosis Hacendado,10 ud. x 25 g,"1,50 € /pack",13441," 6,00 €/kg"
"Azúcar, caramelos y chocolate",Mermelada y miel,Mermelada de tomate Hacendado,Tarro 440 g,"1,70 € /ud.",15077," 3,864 €/kg"
"Azúcar, caramelos y chocolate",Mermelada y miel,Mermelada de arándanos Hacendado,Tarro 330 g,"1,95 € /ud.",35932," 5,91 €/kg"
"Azúcar, caramelos y chocolate",Mermelada y miel,Mermelada de melocotón Hacendado,Tarro 440 g,"1,55 € /ud.",86684," 3,523 €/kg"
"Azúcar, caramelos y chocolate",Mermelada y miel,Mermelada de melocotón monodosis Hacendado,10 ud. x 25 g,"1,50 € /pack",13444," 6,00 €/kg"
"Azúcar, caramelos y chocolate",Mermelada y miel,Mermelada de fresa Hero,Tarro 350 g,"3,00 €2,60 € /ud.",15047," 7,429 €/kg"
"Azúcar, caramelos y chocolate",Mermelada y miel,Mermelada de melocotón Hero,Tarro 350 g,"3,00 €2,60 € /ud.",15048," 7,429 €/kg"
"Azúcar, caramelos y chocolate",Mermelada y miel,Mermelada de naranja amarga Hacendado,Tarro 440 g,"1,35 € /ud.",15076," 3,069 €/kg"
"Azúcar, caramelos y chocolate",Mermelada y miel,Mermelada de albaricoque Hacendado,Tarro 440 g,"1,70 € /ud.",15068," 3,864 €/kg"
"Azúcar, caramelos y chocolate",Mermelada y miel,Mermelada de higo Hacendado,Tarro 340 g,"1,95 € /ud.",67753," 5,736 €/kg"
"Azúcar, caramelos y chocolate",Mermelada y miel,Untable de pimiento de piquillo confitado Hacendado,Tarro 230 g,"2,40 € /ud.",52837," 10,435 €/kg"
"Azúcar, caramelos y chocolate",Mermelada y miel,Mermelada de ciruela y kiwi Hacendado,Tarro 340 g,"1,70 € /ud.",22476," 5,00 €/kg"
"Azúcar, caramelos y chocolate",Mermelada y miel,Mermelada de frambuesa Hacendado,Tarro 340 g,"2,55 € /ud.",86033," 7,50 €/kg"
"Azúcar, caramelos y chocolate",Mermelada y miel,Miel de flores Hacendado,Tarro 1 kg,"4,70 € /ud.",15436," 4,70 €/kg"
"Azúcar, caramelos y chocolate",Mermelada y miel,Miel de flores Hacendado,Bote 500 g,"3,30 €3,20 € /ud.",15430," 6,40 €/kg"
"Azúcar, caramelos y chocolate",Mermelada y miel,Miel de romero Hacendado,Bote 500 g,"4,75 € /ud.",15449," 9,50 €/kg"
"Azúcar, caramelos y chocolate",Mermelada y miel,Miel de naranjo Hacendado,Bote 500 g,"3,85 € /ud.",15448," 7,70 €/kg"
"Azúcar, caramelos y chocolate",Mermelada y miel,Miel de caña de azúcar Nuestra Señora del Carmen,Tarro 300 g,"2,40 € /ud.",15428," 8,00 €/kg"
"Azúcar, caramelos y chocolate",Mermelada y miel,Miel de eucalipto Hacendado,Bote 500 g,"4,20 € /ud.",15451," 8,40 €/kg"
"Azúcar, caramelos y chocolate",Mermelada y miel,Cebolla caramelizada Hacendado,Tarro 190 g,"1,70 € /ud.",52749," 8,948 €/kg"
"Azúcar, caramelos y chocolate",Mermelada y miel,Confitura de fresa Hacendado 0% azúcares añadidos,Tarro 380 g,"1,60 € /ud.",15093," 4,211 €/kg"
"Azúcar, caramelos y chocolate",Mermelada y miel,Confitura de melocotón Hacendado 0% azúcares añadidos,Tarro 380 g,"1,60 € /ud.",15094," 4,211 €/kg"
"Azúcar, caramelos y chocolate",Mermelada y miel,Confitura de ciruela Hacendado 0% azúcares añadidos,Tarro 380 g,"1,70 € /ud.",15071," 4,474 €/kg"
Bebé,Alimentación infantil,Papilla crema de bechamel con lenguado Hero baby +8 meses,Tarrito 235 g,"1,70 € /ud.",9265," 7,235 €/kg"
Bebé,Alimentación infantil,Papilla verduritas con merluza Hero baby +6 meses,Tarrito 235 g,"1,70 € /ud.",9280," 7,235 €/kg"
Bebé,Alimentación infantil,Papilla verduritas con pollo y ternera Hero baby +6 meses,Tarrito 235 g,"1,70 € /ud.",9058," 7,235 €/kg"
Bebé,Alimentación infantil,Papilla arroz con pollo Hero baby +6 meses,Tarrito 235 g,"1,70 € /ud.",9247," 7,235 €/kg"
Bebé,Alimentación infantil,Papilla verduritas con pollo Hero baby buenas noches +6 meses,2 tarritos x 190 g,"3,00 € /pack",9288," 7,895 €/kg"
Bebé,Alimentación infantil,Papilla verduritas con delicias de pavo Hero baby natur +6 meses,Tarrito 235 g,"1,70 € /ud.",9246," 7,235 €/kg"
Bebé,Alimentación infantil,Papilla zanahorias baby con ternera Hero baby +6 meses,Tarrito 235 g,"1,70 € /ud.",9242," 7,235 €/kg"
Bebé,Alimentación infantil,Papilla zanahorias con arroz en caldito de pollo Hero baby +6 meses,Tarrito 235 g,"1,70 € /ud.",9259," 7,235 €/kg"
Bebé,Alimentación infantil,Papilla lentejas con verduritas Hero baby recetas caseras +8 meses,2 tarritos x 190 g,"3,00 € /pack",9298," 7,895 €/kg"
Bebé,Alimentación infantil,Papilla menestra de cordero a la crema Hero baby recetas caseras +6 meses,2 tarritos x 190 g,"3,00 € /pack",9387," 7,895 €/kg"
Bebé,Alimentación infantil,Papilla fresa y plátano +8 meses Hacendado,1 ud. (120 g),"0,90 € /ud.",22180," 7,50 €/kg"
Bebé,Alimentación infantil,Papilla fruta variada +6 meses Hacendado,1 ud. (120 g),"0,90 € /ud.",22178," 7,50 €/kg"
Bebé,Alimentación infantil,Papilla plátano y manzana +6 meses Hacendado,1 ud. (120 g),"0,90 € /ud.",22179," 7,50 €/kg"
Bebé,Alimentación infantil,Papilla fruta variada +4 meses Hacendado,4 tarritos x 130 g,"2,65 € /pack",22189," 5,097 €/kg"
Bebé,Alimentación infantil,Papilla cuatro frutas con avena +8 meses Hacendado,4 tarritos x 130 g,"2,75 € /pack",22191," 5,289 €/kg"
Bebé,Alimentación infantil,"Papilla plátano, mandarina y pera +4 meses Hacendado",4 tarritos x 130 g,"2,65 € /pack",22186," 5,097 €/kg"
Bebé,Alimentación infantil,Papilla pera y manzana +4 meses Hacendado,4 tarritos x 130 g,"2,65 € /pack",22194," 5,097 €/kg"
Bebé,Alimentación infantil,"Papilla plátano, fresa, arándanos y avena +8 meses Hacendado",1 ud. (120 g),"0,90 € /ud.",22182," 7,50 €/kg"
Bebé,Alimentación infantil,Papilla piña y coco +8 meses Hacendado,1 ud. (120 g),"0,90 € /ud.",80490," 7,50 €/kg"
Bebé,Alimentación infantil,Papilla tres frutas con yogur +8 meses Hacendado,4 tarritos x 130 g,"2,75 € /pack",35961," 5,289 €/kg"
Bebé,Alimentación infantil,Postre lácteo infantil de fresa y plátano Hacendado +8 meses,1 ud. (100 g),"0,85 € /ud.",22442," 8,50 €/kg"
Bebé,Alimentación infantil,Postre lácteo infantil de pera Hacendado +8 meses,1 ud. (100 g),"0,85 € /ud.",22443," 8,50 €/kg"
Bebé,Alimentación infantil,Postre lácteo infantil de fresa Yogolino +8 meses,4 ud. x 100 g,"2,95 €2,50 € /pack",9192," 6,25 €/kg"
Bebé,Alimentación infantil,Yogur líquido infantil con cereales y miel Go-Lácteo +8 meses,Caja 4 ud. (360 g),"3,05 € /ud.",9456," 8,473 €/kg"
Bebé,Alimentación infantil,Postre lácteo infantil de plátano Yogolino +6 meses,4 ud. x 100 g,"2,95 €2,50 € /pack",9193," 6,25 €/kg"
Bebé,Alimentación infantil,Postre lácteo infantil de natillas Yogolino +6 meses,4 ud. x 100 g,"3,45 €2,50 € /pack",35403," 6,25 €/kg"
Bebé,Alimentación infantil,Postre lácteo infantil de galleta Hacendado +8 meses,1 ud. (100 g),"0,85 € /ud.",60400," 8,50 €/kg"
Bebé,Alimentación infantil,Preparado lácteo crecimiento Peques 3 Puleva,6 bricks x 1 L,"11,70 €10,50 € /pack",9049," 1,75 €/L"
Bebé,Alimentación infantil,Preparado lácteo crecimiento Peques 3 Puleva,Brick 1 L,"1,95 €1,75 € /ud.",9040," 1,75 €/L"
Bebé,Alimentación infantil,Preparado lácteo con cereales crecimiento Peques 3 Puleva,6 bricks x 1 L,"11,70 €10,50 € /pack",9057," 1,75 €/L"
Bebé,Alimentación infantil,Preparado lácteo con cereales crecimiento Peques 3 Puleva,Brick 1 L,"1,95 €1,75 € /ud.",9034," 1,75 €/L"
Bebé,Alimentación infantil,Preparado lácteo crecimiento +1 año Hacendado,6 bricks x 1 L,"7,50 € /pack",9187," 1,25 €/L"
Bebé,Alimentación infantil,Preparado lácteo crecimiento +1 año Hacendado,Brick 1 L,"1,25 € /ud.",9188," 1,25 €/L"
Bebé,Alimentación infantil,Preparado lácteo crecimiento +1 año Hacendado,6 mini bricks x 200 ml,"1,95 € /pack",9189," 1,625 €/L"
Bebé,Alimentación infantil,Preparado lácteo cereales al cacao Peques 3 Puleva,3 mini bricks x 200 ml,"1,95 €1,75 € /pack",9054," 2,917 €/L"
Bebé,Alimentación infantil,Preparado lácteo con cacao y cereales crecimiento Hacendado +1 año,6 mini bricks x 200 ml,"2,30 € /pack",9190," 1,917 €/L"
Bebé,Alimentación infantil,Preparado lácteo con cereales crecimiento Hacendado +1 año,6 bricks x 1 L,"9,60 € /pack",9398," 1,60 €/L"
Bebé,Alimentación infantil,Preparado lácteo con cereales crecimiento Hacendado +1 año,Brick 1 L,"1,60 € /ud.",9397," 1,60 €/L"
Bebé,Alimentación infantil,Leche para lactantes en polvo 1 Nativa Nestlé,Bote 800 g,"11,90 € /ud.",9421," 14,875 €/kg"
Bebé,Alimentación infantil,Leche de continuación en polvo 2 Nativa Nestlé,Bote 800 g,"11,95 €11,90 € /ud.",9407," 14,875 €/kg"
Bebé,Alimentación infantil,Leche para lactantes en polvo 1 Nidina Nestlé,Bote 800 g,"14,95 € /ud.",9420," 18,688 €/kg"
Bebé,Alimentación infantil,Leche de continuación en polvo 2 Nidina Nestlé,Bote 800 g,"17,95 € /ud.",9408," 22,438 €/kg"
Bebé,Alimentación infantil,Leche crecimiento en polvo 3 Nidina Nestlé,Bote 800 g,"17,95 € /ud.",9406," 22,438 €/kg"
Bebé,Alimentación infantil,Papilla 8 cereales Nestlé +6 meses,Caja 725 g,"5,45 €4,75 € /ud.",35599," 6,552 €/kg"
Bebé,Alimentación infantil,Papilla 8 cereales con galleta María Nestlé +6 meses,Caja 725 g,"5,45 €4,75 € /ud.",35602," 6,552 €/kg"
Bebé,Alimentación infantil,Papilla 8 cereales con miel Nestlé +6 meses,Caja 725 g,"5,45 €4,75 € /ud.",35601," 6,552 €/kg"
Bebé,Alimentación infantil,Papilla 8 cereales con miel Hero baby +6 meses,Caja 410 g,"3,90 € /ud.",9581," 9,513 €/kg"
Bebé,Alimentación infantil,Papilla 8 cereales Hero baby +6 meses,Caja 410 g,"3,90 € /ud.",9580," 9,513 €/kg"
Bebé,Alimentación infantil,Papilla sin gluten crema de arroz Hero baby +4 meses,Caja 220 g,"2,95 € /ud.",9579," 13,41 €/kg"
Bebé,Alimentación infantil,Papilla 8 cereales con galleta Hero baby +6 meses,Caja 340 g,"3,60 € /ud.",9582," 10,589 €/kg"
Bebé,Biberón y chupete,Biberón 150 ml tetina silicona flujo lento +0 meses Deliplus,1 ud.,"3,00 € /ud.",79715," 3,00 €/ud"
Bebé,Biberón y chupete,Biberón 360 ml tetina silicona tres posiciones +1 mes Deliplus,1 ud.,"3,50 € /ud.",79470," 3,50 €/ud"
Bebé,Biberón y chupete,Tetina silicona tres posiciones +1 mes Deliplus,Paquete 2 ud.,"2,50 € /ud.",79473," 1,25 €/ud"
Bebé,Biberón y chupete,Tetina silicona papillas espesas +4 meses Deliplus,Paquete 2 ud.,"2,50 € /ud.",79476," 1,25 €/ud"
Bebé,Biberón y chupete,Cepillo limpiabiberón y tetina Deliplus,Paquete 1 ud.,"2,50 € /ud.",79576," 2,50 €/ud"
Bebé,Biberón y chupete,Limpiador bebé para biberones y tetinas Deliplus,Bote 500 ml,"2,90 € /ud.",79501," 5,80 €/L"
Bebé,Biberón y chupete,Chupete silicona reversible +0 a 6 meses Deliplus,Paquete 1 ud.,"1,95 € /ud.",79663," 1,95 €/ud"
Bebé,Biberón y chupete,Chupete silicona reversible +6 a 18 meses Deliplus luminiscente,Paquete 1 ud.,"1,95 € /ud.",79493," 1,95 €/ud"
Bebé,Biberón y chupete,Chupete silicona reversible +18 meses Deliplus,Paquete 1 ud.,"1,95 € /ud.",79497," 1,95 €/ud"
Bebé,Higiene y cuidado,Gel corporal infantil Deliplus,Bote 600 ml,"2,05 € /ud.",46641," 0,342 €/100 ml"
Bebé,Higiene y cuidado,Champú infantil Deliplus,Bote 600 ml,"2,70 € /ud.",46643," 0,45 €/100 ml"
Bebé,Higiene y cuidado,Gel - champú bebé para pieles atópicas Deliplus,Bote 600 ml,"3,70 € /ud.",46978," 0,617 €/100 ml"
Bebé,Higiene y cuidado,Pomada del pañal sin perfume Deliplus,Tubo 100 ml,"2,75 € /ud.",79344," 2,75 €/100 ml"
Bebé,Higiene y cuidado,Aceite corporal bebé con aloe vera Johnson's,Botella 500 ml,"3,70 € /ud.",79600," 0,74 €/100 ml"
Bebé,Higiene y cuidado,Loción corporal infantil hidratante Deliplus,Bote 600 ml,"3,65 € /ud.",47106," 0,609 €/100 ml"
Bebé,Higiene y cuidado,Bálsamo facial corporal infantil pieles atópicas Deliplus,Bote 200 ml,"4,40 € /ud.",52760," 2,20 €/100 ml"
Bebé,Higiene y cuidado,Agua de colonia bebé Nenuco,Botella 500 ml,"2,85 €2,50 € /ud.",35516," 0,50 €/100 ml"
Bebé,Higiene y cuidado,Agua de colonia fresca infantil Deliplus con notas cítricas,Bote 600 ml,"1,80 € /ud.",60857," 0,30 €/100 ml"
Bebé,Higiene y cuidado,Agua perfumada bebé con notas florales Deliplus,Bote 100 ml,"3,20 € /ud.",46559," 3,20 €/100 ml"
Bebé,Higiene y cuidado,"Solución fisiológica salina 0,9 % Deliplus",Caja 30 ud.,"3,23 € /ud.",79006," 0,108 €/ud"
Bebé,Higiene y cuidado,Gasas para bebé no tejidas Deliplus,Paquete 100 ud.,"1,97 € /ud.",78132," 0,02 €/ud"
Bebé,Higiene y cuidado,Esponja anatómica para bebés Deliplus,Paquete 1 ud.,"0,90 € /ud.",47489," 0,90 €/ud"
Bebé,Higiene y cuidado,Babero desechable Deliplus,Paquete 10 ud.,"1,80 € /ud.",47474," 0,18 €/ud"
Bebé,Higiene y cuidado,Aspirador nasal anatómico +0 meses Deliplus,Paquete 1 ud.,"5,50 € /ud.",79581," 5,50 €/ud"
Bebé,Higiene y cuidado,Recambios recarga aspirador nasal anatómico Deliplus,Paquete 10 ud.,"4,20 € /ud.",79582," 0,42 €/ud"
Bebé,Higiene y cuidado,Polvos de talco Deliplus,Bote 200 g,"1,70 € /ud.",35595," 8,50 €/kg"
Bebé,Higiene y cuidado,Bastoncillos algodón para bebés Deliplus,Caja 60 ud.,"1,05 € /ud.",52856," 0,018 €/ud"
Bebé,Toallitas y pañales,Toallitas bebé frescas & perfumadas Deliplus,3 paquetes x 80 ud.,"3,00 € /pack",79603," 0,013 €/ud"
Bebé,Toallitas y pañales,Toallitas bebé frescas & perfumadas Deliplus,Paquete 80 ud.,"1,05 € /ud.",79427," 0,014 €/ud"
Bebé,Toallitas y pañales,Toallitas bebé frescas & perfumadas Deliplus,Paquete 24 ud.,"0,75 € /ud.",79428," 0,032 €/ud"
Bebé,Toallitas y pañales,Toallitas bebé cremosas Deliplus,Paquete 80 ud.,"1,40 € /ud.",79429," 0,018 €/ud"
Bebé,Toallitas y pañales,Toallitas infantiles cara y manos Deliplus,Paquete 20 ud.,"0,60 € /ud.",22931," 0,03 €/ud"
Bebé,Toallitas y pañales,Toallitas bebé pieles con tendencia atópica Deliplus,Paquete 60 ud.,"1,70 € /ud.",79433," 0,029 €/ud"
Bebé,Toallitas y pañales,Toallitas bebé Aqua Deliplus,Paquete 60 ud.,"1,80 € /ud.",35356," 0,03 €/ud"
Bebé,Toallitas y pañales,Pañales bebé talla 1 de 2-5 kg Dodot,Paquete 44 ud.,"12,20 € /ud.",13693," 0,278 €/ud"
Bebé,Toallitas y pañales,Pañales bebé talla 1 de 2-4 kg Deliplus,Paquete 30 ud.,"6,60 € /ud.",35472," 0,22 €/ud"
Bebé,Toallitas y pañales,Pañales bebé talla 2 de 3-6 kg Deliplus,Paquete 42 ud.,"7,15 € /ud.",52868," 0,171 €/ud"
Bebé,Toallitas y pañales,Pañales bebé talla 2 de 4-8 kg Dodot,Paquete 58 ud.,"15,60 € /ud.",47287," 0,269 €/ud"
Bebé,Toallitas y pañales,Pañales bebé talla 3 de 6-10 kg Dodot,Paquete 56 ud.,"19,75 € /ud.",52879," 0,353 €/ud"
Bebé,Toallitas y pañales,Pañales bebé talla 3 de 4-10 kg Deliplus,3 paquetes x 36 ud.,"16,50 € /pack",47598," 0,153 €/ud"
Bebé,Toallitas y pañales,Pañales bebé talla 3 de 4-10 kg Deliplus,Paquete 36 ud.,"5,60 € /ud.",47597," 0,156 €/ud"
Bebé,Toallitas y pañales,Pañales bebé talla 4 de 9-15 kg Deliplus,3 paquetes x 34 ud.,"17,25 € /pack",47600," 0,17 €/ud"
Bebé,Toallitas y pañales,Pañales bebé talla 4 de 9-15 kg Deliplus,Paquete 34 ud.,"5,85 € /ud.",47599," 0,173 €/ud"
Bebé,Toallitas y pañales,Pañales bebé talla 4 de 9-14 kg Dodot,Paquete 58 ud.,"17,95 € /ud.",35390," 0,31 €/ud"
Bebé,Toallitas y pañales,Pañales bebé talla 5 de 13-18 kg Deliplus,3 paquetes x 30 ud.,"17,85 € /pack",47605," 0,199 €/ud"
Bebé,Toallitas y pañales,Pañales bebé talla 5 de 13-18 kg Deliplus,Paquete 30 ud.,"6,05 € /ud.",47601," 0,202 €/ud"
Bebé,Toallitas y pañales,Pañales bebé talla 5 de 11-16 kg Dodot,Paquete 54 ud.,"17,95 € /ud.",35391," 0,333 €/ud"
Bebé,Toallitas y pañales,Pañales bebé talla 6 de 17-28 kg Deliplus,Paquete 22 ud.,"6,30 € /ud.",47623," 0,287 €/ud"
Bebé,Toallitas y pañales,Pañales bebé talla 6 de 13-19 kg Dodot,Paquete 36 ud.,"14,00 € /ud.",35392," 0,389 €/ud"
Bebé,Toallitas y pañales,Pañal junior talla hasta 34 más de 25 kg Deliplus,Paquete 20 ud.,"11,00 € /ud.",35246," 0,55 €/ud"
Bebé,Toallitas y pañales,Cambiador multiusos desechable Deliplus,Paquete 6 ud.,"2,50 € /ud.",47475," 0,417 €/ud"
Bebé,Toallitas y pañales,Pañal bebé braguita talla L de 12-18 kg Deliplus,Paquete 24 ud.,"7,40 € /ud.",47038," 0,309 €/ud"
Bebé,Toallitas y pañales,Pañal bebé braguita talla XL de 16-28 kg Deliplus,Paquete 22 ud.,"7,40 € /ud.",47039," 0,337 €/ud"
Bebé,Toallitas y pañales,Pañal junior braguita noche infantil Deliplus de 17-30 kg,Paquete 16 ud.,"10,65 € /ud.",47366," 0,666 €/ud"
Bebé,Toallitas y pañales,Pañal junior braguita noche infantil Deliplus de 27-57 kg,Paquete 13 ud.,"10,65 € /ud.",47367," 0,82 €/ud"
Bodega,Cerveza,Cerveza Clásica Steinburg,12 latas x 330 ml,"3,72 € /pack",66462," 0,94 €/L"
Bodega,Cerveza,Cerveza Clásica Steinburg,Lata 330 ml,"0,31 € /ud.",66463," 0,94 €/L"
Bodega,Cerveza,Cerveza Heineken,12 latas x 330 ml,"8,28 € /pack",27338," 2,091 €/L"
Bodega,Cerveza,Cerveza Heineken,Lata 330 ml,"0,82 € /ud.",27100," 2,485 €/L"
Bodega,Cerveza,Cerveza doble malta Voll-Damm,6 latas x 330 ml,"5,58 € /pack",28057," 2,819 €/L"
Bodega,Cerveza,Cerveza doble malta Voll-Damm,Lata 330 ml,"0,99 € /ud.",27137," 3,00 €/L"
Bodega,Cerveza,Cerveza Suave Steinburg,12 latas x 330 ml,"3,48 € /pack",66485," 0,879 €/L"
Bodega,Cerveza,Cerveza Suave Steinburg,Lata 330 ml,"0,29 € /ud.",66486," 0,879 €/L"
Bodega,Cerveza,Cerveza especial San Miguel,12 latas x 330 ml,"6,48 € /pack",66026," 1,637 €/L"
Bodega,Cerveza,Cerveza especial San Miguel,Lata 330 ml,"0,72 € /ud.",27103," 2,182 €/L"
Bodega,Cerveza,Cerveza Especial Steinburg,12 latas x 330 ml,"4,44 € /pack",66764," 1,122 €/L"
Bodega,Cerveza,Cerveza Especial Steinburg,Lata 330 ml,"0,37 € /ud.",66765," 1,122 €/L"
Bodega,Cerveza,Cerveza Pils Krombacher,6 latas x 330 ml,"3,60 € /pack",66469," 1,819 €/L"
Bodega,Cerveza,Cerveza Pils Krombacher,Lata 330 ml,"0,60 € /ud.",66470," 1,819 €/L"
Bodega,Cerveza,Cerveza doble malta,6 latas x 330 ml,"3,30 €3,18 € /pack",66432," 1,607 €/L"
Bodega,Cerveza,Cerveza doble malta,Lata 330 ml,"0,53 € /ud.",66433," 1,607 €/L"
Bodega,Cerveza,Cerveza sin gluten Steinburg,12 latas x 330 ml,"7,92 € /pack",22385," 2,00 €/L"
Bodega,Cerveza,Cerveza sin gluten Steinburg,Lata 330 ml,"0,66 € /ud.",66793," 2,00 €/L"
Bodega,Cerveza,Cerveza Estrella Damm,12 latas x 330 ml,"9,96 € /pack",66015," 2,516 €/L"
Bodega,Cerveza,Cerveza Estrella Damm,Lata 330 ml,"0,85 € /ud.",27134," 2,576 €/L"
Bodega,Cerveza,Cerveza 100% malta Moritz 7,9 latas x 330 ml,"5,85 € /pack",23121," 1,97 €/L"
Bodega,Cerveza,Cerveza 100% malta Moritz 7,Lata 330 ml,"0,78 € /ud.",66342," 2,364 €/L"
Bodega,Cerveza,Cerveza Xibeca Damm,12 latas x 330 ml,"7,92 € /pack",27370," 2,00 €/L"
Bodega,Cerveza,Cerveza Xibeca Damm,Lata 330 ml,"0,69 € /ud.",27120," 2,091 €/L"
Bodega,Cerveza,Cerveza negra Victoria Marengo,6 latas x 330 ml,"5,40 € /pack",86233," 2,728 €/L"
Bodega,Cerveza,Cerveza negra Victoria Marengo,Lata 330 ml,"0,90 € /ud.",86234," 2,728 €/L"
Bodega,Cerveza,Cerveza Clásica Steinburg,6 botellas x 1 L,"6,30 € /pack",66994," 1,05 €/L"
Bodega,Cerveza,Cerveza Clásica Steinburg,Botella 1 L,"1,05 € /ud.",66482," 1,05 €/L"
Bodega,Cerveza,Cerveza Clásica Steinburg,6 botellas x 1 L,"5,70 € /pack",66465," 0,95 €/L"
Bodega,Cerveza,Cerveza Clásica Steinburg,Botella 1 L,"0,95 € /ud.",66466," 0,95 €/L"
Bodega,Cerveza,Cerveza Clásica Steinburg,12 botellines x 250 ml,"4,20 € /pack",22467," 1,40 €/L"
Bodega,Cerveza,Cerveza Clásica Steinburg,Botellín 250 ml,"0,35 € /ud.",22489," 1,40 €/L"
Bodega,Cerveza,Cerveza reserva 1925 Alhambra,6 botellines x 330 ml,"7,92 € /pack",27150," 4,00 €/L"
Bodega,Cerveza,Cerveza reserva 1925 Alhambra,Botellín 330 ml,"1,49 € /ud.",66518," 4,516 €/L"
Bodega,Cerveza,Cerveza suave Xibeca Damm,6 botellas x 1 L,"7,74 € /pack",60333," 1,29 €/L"
Bodega,Cerveza,Cerveza suave Xibeca Damm,Botella 1 L,"1,62 € /ud.",27144," 1,62 €/L"
Bodega,Cerveza,Cerveza Heineken,6 botellines x 250 ml,"3,72 € /pack",27114," 2,48 €/L"
Bodega,Cerveza,Cerveza Heineken,Botellín 250 ml,"0,70 € /ud.",70745," 2,80 €/L"
Bodega,Cerveza,Cerveza tostada Turia,12 botellines x 250 ml,"7,44 € /pack",67154," 2,48 €/L"
Bodega,Cerveza,Cerveza tostada Turia,Botellín 250 ml,"0,65 € /ud.",67031," 2,60 €/L"
Bodega,Cerveza,Cerveza El Águila sin filtrar,6 botellines x 330 ml,"5,94 €5,34 € /pack",13895," 2,697 €/L"
Bodega,Cerveza,Cerveza El Águila sin filtrar,Botellín 330 ml,"0,99 € /ud.",27456," 3,00 €/L"
Bodega,Cerveza,Cerveza Estrella Damm,12 botellines x 250 ml,"7,92 €6,84 € /pack",66016," 2,28 €/L"
Bodega,Cerveza,Cerveza Estrella Damm,Botellín 250 ml,"0,67 € /ud.",79318," 2,68 €/L"
Bodega,Cerveza,Cerveza Pilsen Cruzcampo,12 botellines x 250 ml,"5,88 €5,04 € /pack",29368," 1,68 €/L"
Bodega,Cerveza,Cerveza Pilsen Cruzcampo,Botellín 250 ml,"0,51 € /ud.",29411," 2,04 €/L"
Bodega,Cerveza,Cerveza especial Estrella Galicia,12 botellines x 250 ml,"7,80 €6,96 € /pack",66587," 2,32 €/L"
Bodega,Cerveza,Cerveza especial Estrella Galicia,Botellín 250 ml,"0,66 € /ud.",15936," 2,64 €/L"
Bodega,Cerveza,Cerveza extra 1906 reserva especial,6 botellines x 330 ml,"7,26 € /pack",66009," 3,667 €/L"
Bodega,Cerveza,Cerveza extra 1906 reserva especial,Botellín 330 ml,"1,22 € /ud.",67092," 3,697 €/L"
Bodega,Cerveza,Cerveza especial mini Mahou,12 botellines x 200 ml,"6,48 € /pack",86866," 2,70 €/L"
Bodega,Cerveza,Cerveza especial mini Mahou,Botellín 200 ml,"0,59 € /ud.",86867," 2,95 €/L"
Bodega,Cerveza,Cerveza especial 18/70 La Rubia,6 botellines x 250 ml,"4,74 € /pack",60315," 3,16 €/L"
Bodega,Cerveza,Cerveza especial 18/70 La Rubia,Botellín 250 ml,"0,89 € /ud.",60316," 3,56 €/L"
Bodega,Cerveza,Cerveza sin gluten Daura Damm,6 botellines x 250 ml,"4,32 € /pack",5573," 2,88 €/L"
Bodega,Cerveza,Cerveza sin gluten Daura Damm,Botellín 250 ml,"0,72 € /ud.",5574," 2,88 €/L"
Bodega,Cerveza,Cerveza de trigo Paulaner,6 botellines x 330 ml,"6,90 € /pack",52853," 3,485 €/L"
Bodega,Cerveza,Cerveza de trigo Paulaner,Botellín 330 ml,"1,25 € /ud.",52854," 3,788 €/L"
Bodega,Cerveza,Cerveza Especial Steinburg,12 botellines x 250 ml,"4,92 € /pack",52652," 1,64 €/L"
Bodega,Cerveza,Cerveza Especial Steinburg,Botellín 250 ml,"0,41 € /ud.",52653," 1,64 €/L"
Bodega,Cerveza,Cerveza Radler con zumo natural de limón Steinburg,12 latas x 330 ml,"4,80 € /pack",66783," 1,213 €/L"
Bodega,Cerveza,Cerveza Radler con zumo natural de limón Steinburg,Lata 330 ml,"0,40 € /ud.",66554," 1,213 €/L"
Bodega,Cerveza,Cerveza Radler Steinburg con zumo natural de limón,6 botellas x 500 ml,"3,48 € /pack",66492," 1,16 €/L"
Bodega,Cerveza,Cerveza Radler Steinburg con zumo natural de limón,Botellín 500 ml,"0,58 € /ud.",66481," 1,16 €/L"
Bodega,Cerveza,Bebida cider con gas Wild panther sabor a manzana,12 botellines x 200 ml,"9,00 € /pack",22078," 3,75 €/L"
Bodega,Cerveza,Bebida cider con gas Wild panther sabor manzana,Botellín 200 ml,"0,75 € /ud.",67060," 3,75 €/L"
Bodega,Cerveza,Cerveza Corona,6 botellines x 355 ml,"9,00 €7,80 € /pack",66172," 3,662 €/L"
Bodega,Cerveza,Cerveza Corona,Botellín 355 ml,"1,50 € /ud.",27355," 4,226 €/L"
Bodega,Cerveza,Cerveza Shandy sabor limón Steinburg,12 latas x 330 ml,"4,20 € /pack",66770," 1,061 €/L"
Bodega,Cerveza,Cerveza Shandy sabor limón Steinburg,Lata 330 ml,"0,35 € /ud.",66771," 1,061 €/L"
Bodega,Cerveza,Cerveza Shandy Steinburg sabor limón,6 botellines x 500 ml,"3,30 € /pack",66499," 1,10 €/L"
Bodega,Cerveza,Cerveza Shandy Steinburg sabor limón,Botellín 500 ml,"0,55 € /ud.",66493," 1,10 €/L"
Bodega,Cerveza,Cerveza con sabor a tequila Desperados,6 botellines x 250 ml,"5,82 € /pack",5396," 3,88 €/L"
Bodega,Cerveza,Cerveza con sabor a tequila Desperados,Botellín 250 ml,"1,00 € /ud.",5397," 4,00 €/L"
Bodega,Cerveza sin alcohol,Cerveza sin alcohol Falke,6 botellines x 250 ml,"2,10 € /pack",86552," 1,40 €/L"
Bodega,Cerveza sin alcohol,Cerveza sin alcohol Falke,Botellín 250 ml,"0,35 € /ud.",86553," 1,40 €/L"
Bodega,Cerveza sin alcohol,"Cerveza 0,0% sin alcohol Falke",6 botellines x 250 ml,"2,10 € /pack",66394," 1,40 €/L"
Bodega,Cerveza sin alcohol,"Cerveza 0,0% sin alcohol Falke",Botellín 250 ml,"0,35 € /ud.",15990," 1,40 €/L"
Bodega,Cerveza sin alcohol,"Cerveza 0,0% sin alcohol tostada Mahou",6 botellines x 330 ml,"6,90 € /pack",66558," 3,485 €/L"
Bodega,Cerveza sin alcohol,"Cerveza 0,0% sin alcohol tostada Mahou",Botellín 330 ml,"1,15 € /ud.",67026," 3,485 €/L"
Bodega,Cerveza sin alcohol,"Cerveza 0,0% sin alcohol tostada Falke",6 botellines x 250 ml,"3,00 € /pack",67623," 2,00 €/L"
Bodega,Cerveza sin alcohol,"Cerveza 0,0% sin alcohol tostada Falke",Botellín 250 ml,"0,50 € /ud.",67624," 2,00 €/L"
Bodega,Cerveza sin alcohol,Cerveza sin alcohol Falke,12 latas x 330 ml,"4,20 € /pack",23694," 1,061 €/L"
Bodega,Cerveza sin alcohol,Cerveza sin alcohol Falke,Lata 330 ml,"0,35 € /ud.",23695," 1,061 €/L"
Bodega,Cerveza sin alcohol,"Cerveza 0,0% sin alcohol Falke",12 latas x 330 ml,"4,20 € /pack",66392," 1,061 €/L"
Bodega,Cerveza sin alcohol,"Cerveza 0,0% sin alcohol Falke",Lata 330 ml,"0,35 € /ud.",66393," 1,061 €/L"
Bodega,Cerveza sin alcohol,"Cerveza 0,0% sin alcohol tostada Falke",12 latas x 330 ml,"6,00 €5,76 € /pack",13417," 1,455 €/L"
Bodega,Cerveza sin alcohol,"Cerveza 0,0% sin alcohol tostada Falke",Lata 330 ml,"0,48 € /ud.",13418," 1,455 €/L"
Bodega,Cerveza sin alcohol,"Cerveza Radler Amstel 0,0% sin alcohol",12 latas x 330 ml,"6,60 € /pack",11270," 1,667 €/L"
Bodega,Cerveza sin alcohol,"Cerveza Radler Amstel 0,0% sin alcohol",Lata 330 ml,"0,59 € /ud.",11271," 1,788 €/L"
Bodega,Licores,Vermouth rojo Maronti reserva,Botella 1 L,"3,45 € /ud.",28520," 3,45 €/L"
Bodega,Licores,Vermouth blanco Maronti,Botella 1 L,"2,50 € /ud.",15846," 2,50 €/L"
Bodega,Licores,Vermouth bianco Martini,Botella 1 L,"10,20 € /ud.",28400," 10,20 €/L"
Bodega,Licores,Vermouth rosso Martini,Botella 1 L,"10,20 € /ud.",28401," 10,20 €/L"
Bodega,Licores,Aperitivo Aperol,Botella 700 ml,"13,40 € /ud.",28356," 19,143 €/L"
Bodega,Licores,Bitter Campari,Botella 700 ml,"15,20 € /ud.",28408," 21,715 €/L"
Bodega,Licores,Vermouth rojo Maronti,Botella 1 L,"2,50 € /ud.",28837," 2,50 €/L"
Bodega,Licores,Ginebra London Dry Gin Larios,Botella 1 L,"12,50 € /ud.",28715," 12,50 €/L"
Bodega,Licores,Ginebra London Dry Gin Beefeater,Botella 700 ml,"13,95 €12,95 € /ud.",28712," 18,50 €/L"
Bodega,Licores,Ginebra Dry Gin Seagram's,Botella 700 ml,"16,50 € /ud.",28032," 23,572 €/L"
Bodega,Licores,Ginebra London Dry Gin Tanqueray,Botella 700 ml,"16,50 €15,50 € /ud.",28775," 22,143 €/L"
Bodega,Licores,Ginebra strawberry Gin Glivery,Botella 700 ml,"7,70 €7,65 € /ud.",28848," 10,929 €/L"
Bodega,Licores,Ginebra sweet Gin Exotic Glivery,Botella 700 ml,"7,80 €7,65 € /ud.",22316," 10,929 €/L"
Bodega,Cerveza sin alcohol,Cerveza sin alcohol Falke,6 botellines x 250 ml,"2,10 € /pack",86552," 1,40 €/L"
Bodega,Cerveza sin alcohol,Cerveza sin alcohol Falke,Botellín 250 ml,"0,35 € /ud.",86553," 1,40 €/L"
Bodega,Cerveza sin alcohol,"Cerveza 0,0% sin alcohol Falke",6 botellines x 250 ml,"2,10 € /pack",66394," 1,40 €/L"
Bodega,Cerveza sin alcohol,"Cerveza 0,0% sin alcohol Falke",Botellín 250 ml,"0,35 € /ud.",15990," 1,40 €/L"
Bodega,Cerveza sin alcohol,"Cerveza 0,0% sin alcohol tostada Mahou",6 botellines x 330 ml,"6,90 € /pack",66558," 3,485 €/L"
