categoria,subcategoria,descripcion,unidades,precio,code,compare
"Aceite, especias y salsas","Aceite, vinagre y sal","Aceite de oliva 0,4º Hacendado",Botella 1 L,"9,25 € /ud.",4240," 9,25 €/L"
"Aceite, especias y salsas","Aceite, vinagre y sal",Aceite de oliva virgen extra Hacendado,Garrafa 3 L,"29,55 € /ud.",4717," 9,85 €/L"
"Aceite, especias y salsas","Aceite, vinagre y sal",Aceite de oliva virgen extra Hacendado,Botella 1 L,"9,90 € /ud.",4740," 9,90 €/L"
"Aceite, especias y salsas","Aceite, vinagre y sal",Aceite de oliva virgen extra Hacendado Gran Selección,Botella 750 ml,"8,10 € /ud.",4706," 10,80 €/L"
"Aceite, especias y salsas","Aceite, vinagre y sal",Aceite de oliva 1º Hacendado,Botella 1 L,"9,25 € /ud.",4640," 9,25 €/L"
"Aceite, especias y salsas","Aceite, vinagre y sal",Aceite de oliva virgen Hacendado,Garrafa 3 L,"28,50 € /ud.",4711," 9,50 €/L"
"Aceite, especias y salsas","Aceite, vinagre y sal",Aceite de oliva virgen Hacendado,Botella 1 L,"9,55 € /ud.",4749," 9,55 €/L"
"Aceite, especias y salsas","Aceite, vinagre y sal",Aceite de oliva suave Hacendado,Garrafa 3 L,"27,60 € /ud.",4204," 9,20 €/L"
"Aceite, especias y salsas","Aceite, vinagre y sal",Aceite de oliva intenso Hacendado,Garrafa 3 L,"27,60 € /ud.",4609," 9,20 €/L"
"Aceite, especias y salsas","Aceite, vinagre y sal",Aceite de oliva virgen extra Hacendado,Spray 200 ml,"3,30 € /ud.",4718," 16,50 €/L"
"Aceite, especias y salsas","Aceite, vinagre y sal",Aceite de oliva virgen extra Picual Casa Juncal,Botella 500 ml,"7,85 € /ud.",4850," 15,70 €/L"
"Aceite, especias y salsas","Aceite, vinagre y sal","Aceite de girasol refinado 0,2º Hacendado",Garrafa 5 L,"6,95 €6,75 € /ud.",4041," 1,35 €/L"
"Aceite, especias y salsas","Aceite, vinagre y sal","Aceite de girasol refinado 0,2º Hacendado",Botella 1 L,"1,45 € /ud.",4040," 1,45 €/L"
"Aceite, especias y salsas","Aceite, vinagre y sal",Aceite de coco virgen Hacendado,Bote 450 ml,"4,40 € /ud.",4193," 9,778 €/L"
"Aceite, especias y salsas","Aceite, vinagre y sal",Vinagre de vino blanco Hacendado,Botella 1 L,"0,75 € /ud.",4940," 0,75 €/L"
"Aceite, especias y salsas","Aceite, vinagre y sal",Vinagre de manzana Hacendado,Botella 1 L,"0,90 € /ud.",4957," 0,90 €/L"
"Aceite, especias y salsas","Aceite, vinagre y sal",Limón exprimido Hacendado,Botella 280 ml,"1,00 € /ud.",4903," 3,572 €/L"
"Aceite, especias y salsas","Aceite, vinagre y sal",Crema de vinagre balsámico de Módena Hacendado,Botella 250 g,"1,75 € /ud.",4908," 7,00 €/kg"
"Aceite, especias y salsas","Aceite, vinagre y sal",Vinagre de Jerez reserva Hacendado,Botella 250 ml,"2,00 € /ud.",13609," 8,00 €/L"
"Aceite, especias y salsas","Aceite, vinagre y sal",Bebida aromatizada a base de vino para cocinar Abuela Carola,Botella 750 ml,"2,35 € /ud.",66905," 3,134 €/L"
"Aceite, especias y salsas","Aceite, vinagre y sal",Vinagre de vino tinto Hacendado,Botella 1 L,"1,00 € /ud.",15843," 1,00 €/L"
"Aceite, especias y salsas","Aceite, vinagre y sal",Reducción de vinagre Pedro Ximénez Hacendado,Botella 300 g,"2,25 € /ud.",4905," 7,50 €/kg"
"Aceite, especias y salsas","Aceite, vinagre y sal","Aceite de oliva, vinagre y sal Merry",15 monodosis x 10 ml,"2,20 € /pack",4962," 22,00 €/L"
"Aceite, especias y salsas","Aceite, vinagre y sal",Aliño viandox Knorr,Botella 160 ml,"3,05 € /ud.",7104," 15,25 €/L"
"Aceite, especias y salsas","Aceite, vinagre y sal",Vinagre balsámico de Módena Hacendado,Botella 500 ml,"2,50 € /ud.",26496," 5,00 €/L"
"Aceite, especias y salsas","Aceite, vinagre y sal",Vinagre de manzana Hacendado sin filtrar,Botella 500 ml,"1,70 € /ud.",26497," 3,40 €/L"
"Aceite, especias y salsas","Aceite, vinagre y sal",Sal fina Hacendado,Paquete 1 kg,"0,35 € /ud.",19731," 0,35 €/kg"
"Aceite, especias y salsas","Aceite, vinagre y sal",Sal fina de mesa Hacendado,Bote 250 g,"0,60 € /ud.",19715," 2,40 €/kg"
"Aceite, especias y salsas","Aceite, vinagre y sal",Sal yodada fina Hacendado,Paquete 1 kg,"0,35 € /ud.",19732," 0,35 €/kg"
"Aceite, especias y salsas","Aceite, vinagre y sal",Sal gruesa Hacendado,Paquete 1 kg,"0,35 € /ud.",19733," 0,35 €/kg"
"Aceite, especias y salsas","Aceite, vinagre y sal",Bicarbonato sódico Hacendado,Paquete 1 kg,"1,50 € /ud.",29007," 1,50 €/kg"
"Aceite, especias y salsas","Aceite, vinagre y sal",Bicarbonato sódico Hacendado,Bote 300 g,"1,10 € /ud.",29006," 3,667 €/kg"
"Aceite, especias y salsas","Aceite, vinagre y sal",Sal marina en escamas Polasal,Bote 125 g,"2,00 € /ud.",19740," 16,00 €/kg"
"Aceite, especias y salsas","Aceite, vinagre y sal",Sal gruesa para hornear Hacendado,Paquete 2 kg,"0,95 € /ud.",19734," 0,475 €/kg"
"Aceite, especias y salsas","Aceite, vinagre y sal",Sal de ajo Hacendado,Bote 130 g,"1,80 € /ud.",34130," 13,847 €/kg"
"Aceite, especias y salsas","Aceite, vinagre y sal",Sal de frutas sabor limón Hacendado,Bote 250 g,"2,10 € /ud.",29016," 8,40 €/kg"
"Aceite, especias y salsas","Aceite, vinagre y sal",Sal 60% menos de sodio Hacendado,Bote 250 g,"2,30 € /ud.",19713," 9,20 €/kg"
"Aceite, especias y salsas","Aceite, vinagre y sal",Preparado para salmón ahumado Hacendado,Bote 750 g,"3,30 € /ud.",19726," 4,40 €/kg"
"Aceite, especias y salsas","Aceite, vinagre y sal",Sal rosa del Himalaya Hacendado,Bote 250 g,"1,80 € /ud.",19701," 7,20 €/kg"
"Aceite, especias y salsas",Especias,Orégano Hacendado,Bote 25 g,"0,95 € /ud.",5598," 3,80 €/100 g"
"Aceite, especias y salsas",Especias,Perejil Hacendado,Bote 18 g,"0,95 €0,90 € /ud.",5599," 5,00 €/100 g"
"Aceite, especias y salsas",Especias,Hoja de laurel Hacendado,Paquete 12 g,"0,80 € /ud.",47994," 6,667 €/100 g"
"Aceite, especias y salsas",Especias,Hierbas provenzales Hacendado,Bote 25 g,"1,20 € /ud.",34131," 4,80 €/100 g"
"Aceite, especias y salsas",Especias,Albahaca Hacendado,Bote 20 g,"1,25 € /ud.",34128," 6,25 €/100 g"
"Aceite, especias y salsas",Especias,Romero Hacendado,Bote 40 g,"1,35 € /ud.",34175," 3,375 €/100 g"
"Aceite, especias y salsas",Especias,Tomillo Hacendado,Bote 24 g,"1,05 € /ud.",5547," 4,375 €/100 g"
"Aceite, especias y salsas",Especias,Eneldo Hacendado,Bote 18 g,"1,85 € /ud.",52739," 10,278 €/100 g"
"Aceite, especias y salsas",Especias,Cilantro Hacendado,Bote 12 g,"1,85 € /ud.",34721," 15,417 €/100 g"
"Aceite, especias y salsas",Especias,Ajo y Perejil Hacendado,Bote 74 g,"1,35 € /ud.",60873," 18,244 €/kg"
"Aceite, especias y salsas",Especias,Colorante alimentario Hacendado,Bote 85 g,"0,90 € /ud.",34182," 10,589 €/kg"
"Aceite, especias y salsas",Especias,Pimentón dulce Hacendado,Bote 56 g,"1,00 € /ud.",34184," 17,858 €/kg"
"Aceite, especias y salsas",Especias,Pimentón dulce Hacendado,Bote 75 g,"1,40 € /ud.",34186," 18,667 €/kg"
"Aceite, especias y salsas",Especias,Pimentón dulce de la Vera Hacendado,Bote 75 g,"1,75 € /ud.",34102," 23,334 €/kg"
"Aceite, especias y salsas",Especias,Azafrán molido Hacendado,"Paquete 4 sobres (0,4 g)","1,75 € /ud.",34116," 437,50 €/100 g"
"Aceite, especias y salsas",Especias,Azafrán hebra Hacendado,"Paquete 3 usos (0,38 g)","1,70 € /ud.",34115," 459,46 €/100 g"
"Aceite, especias y salsas",Especias,Pimentón picante Hacendado,Bote 60 g,"1,35 € /ud.",34183," 22,50 €/kg"
"Aceite, especias y salsas",Especias,Pimienta negra molida Hacendado,Bote 70 g,"1,05 € /ud.",34171," 15,00 €/kg"
"Aceite, especias y salsas",Especias,Molinillo pimienta negra Hacendado,Bote 65 g,"1,65 € /ud.",67693," 25,385 €/kg"
"Aceite, especias y salsas",Especias,Pimienta negra en grano Hacendado,Bote 70 g,"1,45 € /ud.",34172," 20,715 €/kg"
"Aceite, especias y salsas",Especias,Molinillo mix pimientas Hacendado,Bote 50 g,"1,85 € /ud.",67694," 37,00 €/kg"
"Aceite, especias y salsas",Especias,Pimienta blanca molida Hacendado,Bote 70 g,"2,15 € /ud.",34170," 30,715 €/kg"
"Aceite, especias y salsas",Especias,Ajo granulado Hacendado,Bote 115 g,"1,15 €1,10 € /ud.",86656," 9,566 €/kg"
"Aceite, especias y salsas",Especias,Cebolla frita crujiente Hacendado,Bote 150 g,"1,15 € /ud.",34208," 7,667 €/kg"
"Aceite, especias y salsas",Especias,Canela molida Hacendado,Bote 52 g,"0,95 € /ud.",34177," 18,27 €/kg"
"Aceite, especias y salsas",Especias,Canela en rama Hacendado,Bote 19 g,"1,45 € /ud.",52880," 7,632 €/100 g"
"Aceite, especias y salsas",Especias,Comino molido Hacendado,Bote 58 g,"1,20 € /ud.",34120," 20,69 €/kg"
"Aceite, especias y salsas",Especias,Comino en grano Hacendado,Bote 56 g,"1,95 € /ud.",34121," 34,822 €/kg"
"Aceite, especias y salsas",Especias,Curry Hacendado,Bote 57 g,"1,15 € /ud.",34125," 20,176 €/kg"
"Aceite, especias y salsas",Especias,Nuez moscada molida Hacendado,Bote 58 g,"1,65 € /ud.",34173," 28,449 €/kg"
"Aceite, especias y salsas",Especias,Cebolla en polvo Hacendado,Bote 60 g,"0,96 € /ud.",34138," 16,00 €/kg"
"Aceite, especias y salsas",Especias,Cayena guindillas Hacendado,Bote 27 g,"1,30 € /ud.",34178," 4,815 €/100 g"
"Aceite, especias y salsas",Especias,Cayena molida Hacendado,Bote 55 g,"1,59 € /ud.",37417," 28,91 €/kg"
"Aceite, especias y salsas",Especias,Cúrcuma Hacendado,Bote 60 g,"1,25 € /ud.",34163," 20,834 €/kg"
"Aceite, especias y salsas",Especias,Jengibre molido Hacendado,Bote 49 g,"1,65 € /ud.",34149," 3,368 €/100 g"
"Aceite, especias y salsas",Especias,Sal de ajo Hacendado,Bote 130 g,"1,80 € /ud.",34130," 13,847 €/kg"
"Aceite, especias y salsas",Especias,Clavo en grano Hacendado,Bote 42 g,"1,75 € /ud.",34122," 4,167 €/100 g"
"Aceite, especias y salsas",Especias,Piñones Hacendado,Bote 70 g,"2,84 € /ud.",60869," 40,572 €/kg"
"Aceite, especias y salsas",Especias,Picada catalana Hacendado,Bote 25 g,"1,95 € /ud.",52709," 7,80 €/100 g"
"Aceite, especias y salsas",Especias,Sazonador para fajitas Hacendado sabor tex-mex,Sobre 17 g,"0,85 € /ud.",23353," 5,00 €/100 g"
"Aceite, especias y salsas",Especias,Sazonador ajo y limón Hacendado para carne y pescado,Sobre 30 g,"1,05 € /ud.",11971," 3,50 €/100 g"
"Aceite, especias y salsas",Especias,Sazonador hierbas provenzales Hacendado para pollo y costillas,Sobre 24 g,"1,00 € /ud.",11972," 4,167 €/100 g"
"Aceite, especias y salsas",Especias,Sazonador sabor barbacoa Hacendado para carne,Sobre 57 g,"1,35 € /ud.",86659," 23,685 €/kg"
"Aceite, especias y salsas",Especias,Sazonador para paella con azafrán Hacendado,Caja 5 sobres (20 g),"1,45 € /ud.",34702," 7,25 €/100 g"
"Aceite, especias y salsas",Especias,Sazonador para burritos Hacendado,Sobre 40 g,"1,30 € /ud.",17147," 3,25 €/100 g"
"Aceite, especias y salsas",Especias,Sazonador pollo y carne Hacendado,Bote 76 g,"1,50 € /ud.",86808," 19,737 €/kg"
"Aceite, especias y salsas",Especias,Sazonador pasta Hacendado,Bote 45 g,"2,50 € /ud.",34134," 5,556 €/100 g"
"Aceite, especias y salsas","Mayonesa, ketchup y mostaza",Mayonesa Hacendado,Tarro 500 ml,"1,25 € /ud.",13406," 2,50 €/L"
"Aceite, especias y salsas","Mayonesa, ketchup y mostaza",Mayonesa Hacendado,Tarro 240 ml,"1,00 €0,95 € /ud.",52728," 3,959 €/L"
"Aceite, especias y salsas","Mayonesa, ketchup y mostaza",Mayonesa Hacendado,Bote 460 ml,"1,35 € /ud.",13407," 2,935 €/L"
"Aceite, especias y salsas","Mayonesa, ketchup y mostaza",Mayonesa en sobres individuales,12 sobres x 20 ml,"1,25 € /pack",23816," 5,209 €/L"
"Aceite, especias y salsas","Mayonesa, ketchup y mostaza",Mayonesa Hellmann's,Tarro 450 ml,"3,25 €2,95 € /ud.",35840," 6,556 €/L"
"Aceite, especias y salsas","Mayonesa, ketchup y mostaza",Mayonesa Hellmann's,Tarro 225 ml,"1,95 € /ud.",17052," 8,667 €/L"
"Aceite, especias y salsas","Mayonesa, ketchup y mostaza",Salsa ligera Ligeresa,Tarro 425 ml,"2,65 € /ud.",35839," 6,236 €/L"
"Aceite, especias y salsas","Mayonesa, ketchup y mostaza",Salsa ligera Ligeresa,Tarro 210 ml,"1,55 € /ud.",35838," 7,381 €/L"
"Aceite, especias y salsas","Mayonesa, ketchup y mostaza",Salsa ligera Ligeresa,Bote 430 ml,"2,65 € /ud.",17039," 6,163 €/L"
"Aceite, especias y salsas","Mayonesa, ketchup y mostaza",Mayonesa Ybarra,Bote 500 ml,"2,25 € /ud.",17038," 4,50 €/L"
"Aceite, especias y salsas","Mayonesa, ketchup y mostaza",Salsa fina Kraft,Tarro 425 ml,"2,00 € /ud.",35361," 4,706 €/L"
"Aceite, especias y salsas","Mayonesa, ketchup y mostaza",Salsa ligera Hacendado,Tarro 500 ml,"1,30 €1,20 € /ud.",15793," 2,40 €/L"
"Aceite, especias y salsas","Mayonesa, ketchup y mostaza",Salsa ligera Hacendado,Bote 460 ml,"1,35 €1,25 € /ud.",15794," 2,718 €/L"
"Aceite, especias y salsas","Mayonesa, ketchup y mostaza",Ketchup Hacendado,Bote 600 g,"1,30 € /ud.",23579," 2,167 €/kg"
"Aceite, especias y salsas","Mayonesa, ketchup y mostaza",Ketchup Hacendado en sobres individuales,Paquete 12 sobres (240 g),"1,40 € /ud.",67586," 5,834 €/kg"
"Aceite, especias y salsas","Mayonesa, ketchup y mostaza",Ketchup Heinz,Bote 650 g,"3,50 € /ud.",35837," 5,385 €/kg"
"Aceite, especias y salsas","Mayonesa, ketchup y mostaza",Ketchup zero azúcares añadidos Hacendado,Bote 600 g,"1,60 € /ud.",35343," 2,667 €/kg"
"Aceite, especias y salsas","Mayonesa, ketchup y mostaza",Mostaza a la antigua Hacendado,Tarro 200 g,"1,70 € /ud.",17229," 8,50 €/kg"
"Aceite, especias y salsas","Mayonesa, ketchup y mostaza",Mostaza de Dijon Hacendado,Tarro 200 g,"1,25 € /ud.",17228," 6,25 €/kg"
"Aceite, especias y salsas","Mayonesa, ketchup y mostaza",Mostaza clásica Hacendado,Bote 388 g,"1,35 € /ud.",23410," 3,48 €/kg"
"Aceite, especias y salsas","Mayonesa, ketchup y mostaza",Allioli Chovi,Tarrina 180 ml,"1,35 € /ud.",17150," 7,50 €/L"
"Aceite, especias y salsas","Mayonesa, ketchup y mostaza",Allioli Hacendado,Tarrina 200 ml,"1,10 € /ud.",17172," 5,50 €/L"
"Aceite, especias y salsas","Mayonesa, ketchup y mostaza",Allioli en sobres individuales Hacendado,Paquete 8 sobres (160 ml),"1,50 € /ud.",17173," 9,375 €/L"
"Aceite, especias y salsas",Otras salsas,Tomate frito Hacendado,3 bricks x 400 g,"1,40 € /pack",17132," 1,167 €/kg"
"Aceite, especias y salsas",Otras salsas,Tomate frito Hacendado,3 mini bricks x 210 g,"1,10 €1,00 € /pack",17151," 1,588 €/kg"
"Aceite, especias y salsas",Otras salsas,Tomate frito Hacendado,Tarro 560 g,"0,95 €0,85 € /ud.",17108," 1,518 €/kg"
"Aceite, especias y salsas",Otras salsas,Tomate frito receta artesana Hacendado,Tarro 560 g,"2,40 € /ud.",17163," 4,286 €/kg"
"Aceite, especias y salsas",Otras salsas,Tomate frito receta artesana Hacendado,Tarro 300 g,"1,65 € /ud.",17131," 5,50 €/kg"
"Aceite, especias y salsas",Otras salsas,Tomate frito estilo casero Hacendado,Brick 380 g,"1,30 € /ud.",17153," 3,422 €/kg"
"Aceite, especias y salsas",Otras salsas,Tomate frito Hacendado con aceite de oliva,3 mini bricks x 210 g,"1,40 € /pack",17128," 2,223 €/kg"
"Aceite, especias y salsas",Otras salsas,Tomate frito sin azúcares añadidos Hacendado,Tarro 560 g,"1,20 €1,10 € /ud.",17330," 1,965 €/kg"
"Aceite, especias y salsas",Otras salsas,Tomate frito con cebolla Hacendado,Brick 380 g,"1,35 € /ud.",17154," 3,553 €/kg"
"Aceite, especias y salsas",Otras salsas,Salsa barbacoa Hacendado,Bote 350 g,"1,15 € /ud.",17346," 3,286 €/kg"
"Aceite, especias y salsas",Otras salsas,Salsa pimienta verde Hacendado,Sobre 50 g,"1,25 € /ud.",17502," 25,00 €/kg"
"Aceite, especias y salsas",Otras salsas,Salsa burger Hacendado,Bote 250 ml,"1,35 € /ud.",17347," 5,40 €/L"
"Aceite, especias y salsas",Otras salsas,Salsa estilo argentino Hacendado,Bote 300 g,"1,60 €1,50 € /ud.",35780," 5,00 €/kg"
"Aceite, especias y salsas",Otras salsas,Salsa Piri Piri Hacendado,Botella 195 ml,"1,00 € /ud.",17396," 5,129 €/L"
"Aceite, especias y salsas",Otras salsas,Salsa curry Tikka Masala Hacendado picante,Paquete 180 g,"2,00 € /ud.",35412," 11,112 €/kg"
"Aceite, especias y salsas",Otras salsas,Salsa pesto con albahaca Hacendado,Tarro 190 g,"2,10 € /ud.",35438," 11,053 €/kg"
"Aceite, especias y salsas",Otras salsas,Salsa de tomate boloñesa Hacendado,Tarro 290 g,"1,65 €1,55 € /ud.",35545," 5,345 €/kg"
"Aceite, especias y salsas",Otras salsas,Salsa de tomate Basilico con albahaca Hacendado,Tarro 290 g,"1,50 €1,40 € /ud.",35546," 4,828 €/kg"
"Aceite, especias y salsas",Otras salsas,Salsa fresca Trufa Hacendado,Paquete 140 g,"1,45 € /ud.",17410," 10,358 €/kg"
"Aceite, especias y salsas",Otras salsas,Salsa fresca Queso Hacendado,Paquete 180 g,"1,45 € /ud.",17409," 8,056 €/kg"
"Aceite, especias y salsas",Otras salsas,Salsa fresca Pesto con albahaca Hacendado,Tarrina 150 g,"2,00 € /ud.",35186," 13,334 €/kg"
"Aceite, especias y salsas",Otras salsas,Salsa fresca Setas,Paquete 180 g,"1,55 € /ud.",35184," 8,612 €/kg"
"Aceite, especias y salsas",Otras salsas,Salsa fresca Carbonara Hacendado,Paquete 200 g,"1,55 € /ud.",35183," 7,75 €/kg"
"Aceite, especias y salsas",Otras salsas,Salsa de soja Hacendado,Botella 250 ml,"1,45 €1,40 € /ud.",17360," 5,60 €/L"
"Aceite, especias y salsas",Otras salsas,Salsa teriyaki Hacendado,Botella 250 ml,"1,65 € /ud.",17362," 6,60 €/L"
"Aceite, especias y salsas",Otras salsas,Salsa agridulce Salsas Asturianas,Bote 340 g,"1,70 € /ud.",22721," 5,00 €/kg"
"Aceite, especias y salsas",Otras salsas,Salsa thai chili dulce J-Lek,Botella 250 ml,"1,55 € /ud.",22613," 6,20 €/L"
"Aceite, especias y salsas",Otras salsas,Salsa de soja sin gluten Hacendado,Botella 250 ml,"2,50 € /ud.",17382," 10,00 €/L"
"Aceite, especias y salsas",Otras salsas,Guacamole Hacendado,Tarrina 500 g,"3,59 € /ud.",3840," 7,18 €/kg"
"Aceite, especias y salsas",Otras salsas,Guacamole Hacendado,Tarrina 200 g,"1,75 € /ud.",3852," 8,75 €/kg"
"Aceite, especias y salsas",Otras salsas,Salsa yogur Hacendado,Bote 310 ml,"1,25 €1,20 € /ud.",17327," 3,871 €/L"
"Aceite, especias y salsas",Otras salsas,Salsa mexicana Hacendado,Tarro 300 g,"1,25 € /ud.",16827," 4,167 €/kg"
"Aceite, especias y salsas",Otras salsas,Salsa Ranch Hacendado,Bote 250 ml,"1,35 € /ud.",17386," 5,40 €/L"
"Aceite, especias y salsas",Otras salsas,Salsa césar Hacendado,Bote 310 ml,"1,40 € /ud.",17366," 4,517 €/L"
"Aceite, especias y salsas",Otras salsas,"Aliño de aceite, ajo y perejil Hacendado",Tarrina 150 ml,"1,50 € /ud.",17265," 10,00 €/L"
"Aceite, especias y salsas",Otras salsas,Salsa miel y mostaza Hacendado,Bote 340 g,"1,50 €1,45 € /ud.",52467," 4,265 €/kg"
"Aceite, especias y salsas",Otras salsas,Salsa de trufas,Bote 80 g,"3,10 € /ud.",17259," 38,75 €/kg"
"Aceite, especias y salsas",Otras salsas,Salsa gajos rústica Hacendado,Bote 250 ml,"1,35 € /ud.",17348," 5,40 €/L"
"Aceite, especias y salsas",Otras salsas,Salsa de queso Hacendado,Tarro 280 ml,"1,75 € /ud.",35344," 6,25 €/L"
"Aceite, especias y salsas",Otras salsas,Chili con carne Hacendado,Bote 420 g,"2,65 € /ud.",23137," 6,31 €/kg"
"Aceite, especias y salsas",Otras salsas,Salsa bechamel Knorr,Brick 500 ml,"2,25 € /ud.",86713," 4,50 €/L"
"Aceite, especias y salsas",Otras salsas,Extracto original de buey Bovril,Tarro 125 g,"3,00 € /ud.",7307," 24,00 €/kg"
"Aceite, especias y salsas",Otras salsas,Salsa cocktail Hacendado,Bote 460 ml,"1,50 €1,40 € /ud.",23072," 3,044 €/L"
"Aceite, especias y salsas",Otras salsas,Salsa romesco Ferrer,Tarro 130 g,"1,80 € /ud.",17290," 13,847 €/kg"
"Aceite, especias y salsas",Otras salsas,Salsa calçots Ferrer,Tarro 320 g,"2,69 € /ud.",17291," 8,407 €/kg"
"Aceite, especias y salsas",Otras salsas,Pasta de sésamo Tahini Hacendado,Tarro 200 g,"2,95 € /ud.",17441," 14,75 €/kg"
"Aceite, especias y salsas",Otras salsas,Salsa brava Hacendado,Bote 310 g,"1,80 € /ud.",35163," 5,807 €/kg"
Agua y refrescos,Agua,Agua mineral grande Font Agudes,Garrafa 8 L,"0,89 € /ud.",28039," 0,112 €/L"
Agua y refrescos,Agua,Agua mineral grande Font Agudes,Garrafa 6 L,"0,78 € /ud.",27335," 0,13 €/L"
Agua y refrescos,Agua,Agua mineral grande Font Agudes,"6 botellas x 1,5 L","1,50 € /pack",26992," 0,167 €/L"
Agua y refrescos,Agua,Agua mineral grande Font Agudes,"Botella 1,5 L","0,25 € /ud.",26993," 0,167 €/L"
Agua y refrescos,Agua,Agua mineral mediana Font Agudes,6 botellas x 1 L,"2,40 € /pack",28572," 0,40 €/L"
Agua y refrescos,Agua,Agua mineral mediana Font Agudes,Botella 1 L,"0,40 € /ud.",28573," 0,40 €/L"
Agua y refrescos,Agua,Agua mineral pequeña Font Agudes,6 botellas x 500 ml,"1,32 € /pack",27062," 0,44 €/L"
Agua y refrescos,Agua,Agua mineral pequeña Font Agudes,Botella 500 ml,"0,22 € /ud.",27514," 0,44 €/L"
Agua y refrescos,Agua,Agua mineral pequeña Font Agudes tapón infantil,6 botellas x 330 ml,"1,44 € /pack",27576," 0,728 €/L"
Agua y refrescos,Agua,Agua mineral pequeña Font Agudes tapón infantil,Botella 330 ml,"0,24 € /ud.",27575," 0,728 €/L"
Agua y refrescos,Agua,Agua mineral grande Bronchales,Garrafa 6 L,"1,26 € /ud.",28035," 0,21 €/L"
Agua y refrescos,Agua,Agua mineral grande Bronchales,"6 botellas x 1,5 L","2,34 € /pack",23448," 0,26 €/L"
Agua y refrescos,Agua,Agua mineral grande Bronchales,"Botella 1,5 L","0,39 € /ud.",23449," 0,26 €/L"
Agua y refrescos,Agua,Agua mineral mediana Bronchales,6 botellas x 1 L,"3,00 € /pack",28491," 0,50 €/L"
Agua y refrescos,Agua,Agua mineral mediana Bronchales,Botella 1 L,"0,50 € /ud.",28499," 0,50 €/L"
Agua y refrescos,Agua,Agua mineral pequeña Bronchales,6 botellas x 500 ml,"1,62 € /pack",27061," 0,54 €/L"
Agua y refrescos,Agua,Agua mineral pequeña Bronchales,Botella 500 ml,"0,27 € /ud.",27054," 0,54 €/L"
Agua y refrescos,Agua,Agua mineral pequeña Bronchales tapón infantil,6 botellas x 330 ml,"2,28 € /pack",28566," 1,152 €/L"
Agua y refrescos,Agua,Agua mineral pequeña Bronchales tapón infantil,Botella 330 ml,"0,38 € /ud.",28567," 1,152 €/L"
Agua y refrescos,Agua,Agua mineral grande Bezoya,"6 botellas x 1,5 L","4,44 €4,14 € /pack",27314," 0,46 €/L"
Agua y refrescos,Agua,Agua mineral grande Bezoya,"Botella 1,5 L","0,74 €0,69 € /ud.",27230," 0,46 €/L"
Agua y refrescos,Agua,Agua mineral grande Ribes,Garrafa 8 L,"1,99 € /ud.",27292," 0,249 €/L"
Agua y refrescos,Agua,Agua mineral grande Ribes,"6 botellas x 1,5 L","3,30 € /pack",27155," 0,367 €/L"
Agua y refrescos,Agua,Agua mineral grande Ribes,"Botella 1,5 L","0,55 € /ud.",27038," 0,367 €/L"
Agua y refrescos,Agua,Agua mineral grande Nestlé Aquarel,"6 botellas x 1,5 L","3,54 € /pack",27099," 0,394 €/L"
Agua y refrescos,Agua,Agua mineral grande Nestlé Aquarel,"Botella 1,5 L","0,59 € /ud.",27232," 0,394 €/L"
Agua y refrescos,Agua,Agua mineral grande Font Vella,"6 botellas x 1,5 L","4,20 € /pack",27350," 0,467 €/L"
Agua y refrescos,Agua,Agua mineral grande Font Vella,"Botella 1,5 L","0,73 € /ud.",27204," 0,487 €/L"
Agua y refrescos,Agua,Agua mineral grande Solán de Cabras,"6 botellas x 1,5 L","5,34 € /pack",27327," 0,594 €/L"
Agua y refrescos,Agua,Agua mineral grande Solán de Cabras,"Botella 1,5 L","0,89 € /ud.",27356," 0,594 €/L"
Agua y refrescos,Agua,Agua mineral grande Viladrau,"6 botellas x 1,5 L","3,78 € /pack",27253," 0,42 €/L"
Agua y refrescos,Agua,Agua mineral grande Viladrau,"Botella 1,5 L","0,63 € /ud.",27221," 0,42 €/L"
Agua y refrescos,Agua,Agua de coco Chaokoh 100% natural,Brick 1 L,"2,60 € /ud.",28198," 2,60 €/L"
Agua y refrescos,Agua,Agua mineral con gas grande Vichy Catalan,Botella 1 L,"1,49 € /ud.",27213," 1,49 €/L"
Agua y refrescos,Agua,Agua mineral con gas pequeña Vichy Catalan,6 botellas x 300 ml,"5,89 € /pack",28185," 3,273 €/L"
Agua y refrescos,Agua,Agua mineral con gas grande Cortes,"6 botellas x 1,5 L","2,46 € /pack",27366," 0,274 €/L"
Agua y refrescos,Agua,Agua mineral con gas grande Cortes,"Botella 1,5 L","0,41 € /ud.",27367," 0,274 €/L"
Agua y refrescos,Agua,Agua mineral con gas pequeña Cortes,6 botellas x 500 ml,"1,62 € /pack",27368," 0,54 €/L"
Agua y refrescos,Agua,Agua mineral con gas pequeña Cortes,Botella 500 ml,"0,27 € /ud.",27369," 0,54 €/L"
Agua y refrescos,Agua,Agua mineral con gas grande San Narciso,Botella 1 L,"1,29 € /ud.",27084," 1,29 €/L"
Agua y refrescos,Agua,Agua mineral con gas grande San Pellegrino,6 botellas x 1 L,"8,16 € /pack",27894," 1,36 €/L"
Agua y refrescos,Agua,Agua mineral con gas grande San Pellegrino,Botella 1 L,"1,36 € /ud.",27893," 1,36 €/L"
Agua y refrescos,Agua,Agua de soda con sifón La Casa,"Botella 1,5 L","1,60 € /ud.",27203," 1,067 €/L"
Agua y refrescos,Agua,Agua mineral con gas grande Fonter,6 botellas x 1 L,"6,84 € /pack",27598," 1,14 €/L"
Agua y refrescos,Agua,Agua mineral con gas grande Fonter,Botella 1 L,"1,14 € /ud.",27597," 1,14 €/L"
Agua y refrescos,Agua,Gaseosa Hacendado grande,"Botella 1,5 L","0,50 € /ud.",27973," 0,334 €/L"
Agua y refrescos,Agua,Gaseosa Hacendado pequeña,6 botellas x 500 ml,"1,92 € /pack",27972," 0,64 €/L"
Agua y refrescos,Agua,Gaseosa Hacendado pequeña,Botella 500 ml,"0,32 € /ud.",27971," 0,64 €/L"
Agua y refrescos,Agua,Gaseosa La Casera grande,"2 botellas x 1,5 L","2,36 € /pack",27733," 0,787 €/L"
Agua y refrescos,Agua,Gaseosa La Casera grande,"Botella 1,5 L","1,20 € /ud.",27735," 0,80 €/L"
Agua y refrescos,Isotónico y energético,Bebida isotónica limón Aquarius,"Botella 1,5 L","1,99 € /ud.",29608," 1,327 €/L"
Agua y refrescos,Isotónico y energético,Bebida isotónica limón Aquarius,8 latas x 330 ml,"6,80 €6,24 € /pack",29605," 2,364 €/L"
Agua y refrescos,Isotónico y energético,Bebida isotónica limón Aquarius,Lata 330 ml,"0,89 €0,80 € /ud.",29625," 2,425 €/L"
Agua y refrescos,Isotónico y energético,Bebida isotónica sabor cítrico Iso drink,"Botella 1,5 L","1,00 € /ud.",28576," 0,667 €/L"
Agua y refrescos,Isotónico y energético,Bebida isotónica sabor cítrico Iso drink,6 latas x 330 ml,"2,70 € /pack",28575," 1,364 €/L"
Agua y refrescos,Isotónico y energético,Bebida isotónica sabor cítrico Iso drink,Lata 330 ml,"0,45 € /ud.",28574," 1,364 €/L"
Agua y refrescos,Isotónico y energético,Bebida isotónica naranja Aquarius,"Botella 1,5 L","1,99 € /ud.",29609," 1,327 €/L"
Agua y refrescos,Isotónico y energético,Bebida isotónica naranja Aquarius,8 latas x 330 ml,"6,80 €6,24 € /pack",29604," 2,364 €/L"
Agua y refrescos,Isotónico y energético,Bebida isotónica naranja Aquarius,Lata 330 ml,"0,89 €0,80 € /ud.",29624," 2,425 €/L"
Agua y refrescos,Isotónico y energético,Bebida isotónica limón Aquarius zero azúcar,"Botella 1,5 L","1,99 € /ud.",29612," 1,327 €/L"
Agua y refrescos,Isotónico y energético,Bebida isotónica de naranja Iso drink,"Botella 1,5 L","1,00 € /ud.",28688," 0,667 €/L"
Agua y refrescos,Isotónico y energético,Bebida isotónica de naranja Iso drink,6 latas x 330 ml,"2,70 € /pack",28690," 1,364 €/L"
Agua y refrescos,Isotónico y energético,Bebida isotónica de naranja Iso drink,Lata 330 ml,"0,45 € /ud.",28689," 1,364 €/L"
Agua y refrescos,Isotónico y energético,Bebida isotónica Iso On blue Hacendado,"Botella 1,5 L","1,55 € /ud.",29410," 1,034 €/L"
Agua y refrescos,Isotónico y energético,Bebida isotónica Iso On blue Hacendado,Botella 500 ml,"0,60 € /ud.",29080," 1,20 €/L"
Agua y refrescos,Isotónico y energético,Bebida isotónica azul Powerade,Botella 500 ml,"1,52 € /ud.",27491," 3,04 €/L"
Agua y refrescos,Isotónico y energético,Bebida energética Energy Drink Zero Hacendado,6 latas x 250 ml,"2,70 €2,40 € /pack",5564," 1,60 €/L"
Agua y refrescos,Isotónico y energético,Bebida energética Zero Hacendado,Lata 250 ml,"0,40 € /ud.",27944," 1,60 €/L"
Agua y refrescos,Isotónico y energético,Bebida energética Energy Ultra zero Monster,4 latas x 500 ml,"6,68 € /pack",28670," 3,34 €/L"
Agua y refrescos,Isotónico y energético,Bebida energética Energy Ultra zero Monster,Lata 500 ml,"1,79 € /ud.",28119," 3,58 €/L"
Agua y refrescos,Isotónico y energético,Bebida energética energy Monster,4 latas x 500 ml,"7,08 €6,00 € /pack",28664," 3,00 €/L"
Agua y refrescos,Isotónico y energético,Bebida energética Energy Monster,Lata 500 ml,"1,89 €1,55 € /ud.",28016," 3,10 €/L"
Agua y refrescos,Isotónico y energético,Bebida energética Energy Drink Hacendado,"Botella 1,5 L","1,70 € /ud.",28266," 1,134 €/L"
Agua y refrescos,Isotónico y energético,Bebida energética Energy Drink Hacendado,6 latas x 250 ml,"2,70 €2,40 € /pack",28263," 1,60 €/L"
Agua y refrescos,Isotónico y energético,Bebida energética Energy Drink Hacendado,Lata 250 ml,"0,45 €0,40 € /ud.",28264," 1,60 €/L"
Agua y refrescos,Isotónico y energético,Bebida energética Red Bull,4 latas x 250 ml,"5,52 €4,77 € /pack",29378," 4,77 €/L"
Agua y refrescos,Isotónico y energético,Bebida energética Red Bull,Lata 250 ml,"1,64 € /ud.",27905," 6,56 €/L"
Agua y refrescos,Isotónico y energético,Bebida energética original Burn,4 latas x 500 ml,"4,20 € /pack",29365," 2,10 €/L"
Agua y refrescos,Isotónico y energético,Bebida energética original Burn,Lata 500 ml,"1,10 € /ud.",27913," 2,20 €/L"
Agua y refrescos,Isotónico y energético,Gel energético con cafeína Enervit Sport sabor cítricos,3 ud. x 32 g,"3,60 € /pack",28116," 39,131 €/kg"
Agua y refrescos,Isotónico y energético,Bebida energética Mango Loco Monster,4 latas x 500 ml,"7,08 € /pack",13815," 3,54 €/L"
Agua y refrescos,Isotónico y energético,Bebida energética Mango Loco Monster,Lata 500 ml,"1,89 € /ud.",13814," 3,78 €/L"
Agua y refrescos,Isotónico y energético,Bebida energética Furious Energy drink,Lata 500 ml,"1,07 € /ud.",40322," 2,14 €/L"
Agua y refrescos,Isotónico y energético,Bebida energética Tropic Energy drink,Lata 500 ml,"1,07 € /ud.",40323," 2,14 €/L"
Agua y refrescos,Isotónico y energético,Malta Maltín Polar,6 botellines x 250 ml,"7,00 € /pack",52920," 4,667 €/L"
Agua y refrescos,Isotónico y energético,Malta Maltín Polar,Botellín 250 ml,"1,25 € /ud.",52921," 5,00 €/L"
Agua y refrescos,Isotónico y energético,Bebida energética zero Watermelon Energy drink,Lata 500 ml,"1,00 € /ud.",60602," 2,00 €/L"
Agua y refrescos,Refresco de cola,Refresco Coca-Cola,2 botellas x 2 L,"4,64 € /pack",27348," 1,16 €/L"
Agua y refrescos,Refresco de cola,Refresco Coca-Cola,Botella 2 L,"2,36 € /ud.",27342," 1,18 €/L"
Agua y refrescos,Refresco de cola,Refresco Coca-Cola,"Botella 1,25 L","1,72 €1,48 € /ud.",28181," 1,184 €/L"
Agua y refrescos,Refresco de cola,Refresco Coca-Cola,4 botellas x 500 ml,"5,40 € /pack",28113," 2,70 €/L"
Agua y refrescos,Refresco de cola,Refresco Coca-Cola,Botella 500 ml,"1,55 € /ud.",29360," 3,10 €/L"
Agua y refrescos,Refresco de cola,Refresco Coca-Cola,12 latas x 330 ml,"11,16 €10,44 € /pack",27321," 2,637 €/L"
Agua y refrescos,Refresco de cola,Refresco Coca-Cola,Lata 330 ml,"0,95 € /ud.",27326," 2,879 €/L"
Agua y refrescos,Refresco de cola,Refresco cola Hacendado,Botella 2 L,"1,10 € /ud.",29072," 0,55 €/L"
Agua y refrescos,Refresco de cola,Refresco cola Hacendado,6 latas x 330 ml,"2,34 € /pack",29031," 1,182 €/L"
Agua y refrescos,Refresco de cola,Refresco cola Hacendado,Lata 330 ml,"0,39 € /ud.",29032," 1,182 €/L"
Agua y refrescos,Refresco de cola,Refresco cola Pepsi,"Botella 1,75 L","1,69 € /ud.",23894," 0,966 €/L"
Agua y refrescos,Refresco de cola,Refresco Coca-Cola Zero azúcar,12 latas x 330 ml,"10,44 € /pack",27426," 2,637 €/L"
Agua y refrescos,Refresco de cola,Refresco Coca-Cola Zero azúcar,Lata 330 ml,"0,89 € /ud.",27414," 2,697 €/L"
Agua y refrescos,Refresco de cola,Refresco Coca-Cola Zero azúcar,2 botellas x 2 L,"3,90 € /pack",27449," 0,975 €/L"
Agua y refrescos,Refresco de cola,Refresco Coca-Cola Zero azúcar,Botella 2 L,"1,99 € /ud.",27445," 0,995 €/L"
Agua y refrescos,Refresco de cola,Refresco Coca-Cola Zero azúcar,"Botella 1,25 L","1,49 €1,25 € /ud.",13816," 1,00 €/L"
Agua y refrescos,Refresco de cola,Refresco Coca-Cola Zero azúcar,4 botellas x 500 ml,"5,00 € /pack",28115," 2,50 €/L"
Agua y refrescos,Refresco de cola,Refresco Coca-Cola Zero azúcar,Botella 500 ml,"1,45 € /ud.",29361," 2,90 €/L"
Agua y refrescos,Refresco de cola,Refresco Coca-Cola light,9 latas x 330 ml,"7,83 € /pack",27184," 2,637 €/L"
Agua y refrescos,Refresco de cola,Refresco Coca-Cola light,Lata 330 ml,"0,89 € /ud.",27406," 2,697 €/L"
Agua y refrescos,Refresco de cola,Refresco Coca-Cola Zero Zero,12 latas x 330 ml,"10,44 € /pack",26997," 2,637 €/L"
Agua y refrescos,Refresco de cola,Refresco Coca-Cola Zero Zero,Lata 330 ml,"0,89 € /ud.",27559," 2,697 €/L"
Agua y refrescos,Refresco de cola,Refresco Coca-Cola Zero Zero,2 botellas x 2 L,"3,90 € /pack",28180," 0,975 €/L"
Agua y refrescos,Refresco de cola,Refresco Coca-Cola Zero Zero,Botella 2 L,"1,99 € /ud.",27462," 0,995 €/L"
Agua y refrescos,Refresco de cola,Refresco cola Hacendado Zero azúcar,Botella 2 L,"0,70 € /ud.",29073," 0,35 €/L"
Agua y refrescos,Refresco de cola,Refresco cola Hacendado Zero azúcar,6 latas x 330 ml,"1,92 € /pack",29033," 0,97 €/L"
Agua y refrescos,Refresco de cola,Refresco cola Hacendado Zero azúcar,Lata 330 ml,"0,32 € /ud.",29034," 0,97 €/L"
Agua y refrescos,Refresco de cola,Refresco cola Hacendado Zero azúcar Zero cafeína,Botella 2 L,"0,70 € /ud.",29074," 0,35 €/L"
Agua y refrescos,Refresco de cola,Refresco cola Hacendado Zero azúcar Zero cafeína,6 latas x 330 ml,"1,92 € /pack",29035," 0,97 €/L"
Agua y refrescos,Refresco de cola,Refresco cola Hacendado Zero azúcar Zero cafeína,Lata 330 ml,"0,32 € /ud.",29036," 0,97 €/L"
Agua y refrescos,Refresco de cola,Refresco cola Pepsi Zero azúcar,"Botella 1,75 L","1,69 € /ud.",23898," 0,966 €/L"
Agua y refrescos,Refresco de cola,Refresco Coca-Cola Zero Zero,12 latas x 330 ml,"10,44 € /pack",26997," 2,637 €/L"
Agua y refrescos,Refresco de cola,Refresco Coca-Cola Zero Zero,Lata 330 ml,"0,89 € /ud.",27559," 2,697 €/L"
Agua y refrescos,Refresco de cola,Refresco Coca-Cola Zero Zero,2 botellas x 2 L,"3,90 € /pack",28180," 0,975 €/L"
Agua y refrescos,Refresco de cola,Refresco Coca-Cola Zero Zero,Botella 2 L,"1,99 € /ud.",27462," 0,995 €/L"
Agua y refrescos,Refresco de cola,Refresco cola Hacendado Zero azúcar Zero cafeína,Botella 2 L,"0,70 € /ud.",29074," 0,35 €/L"
Agua y refrescos,Refresco de cola,Refresco cola Hacendado Zero azúcar Zero cafeína,6 latas x 330 ml,"1,92 € /pack",29035," 0,97 €/L"
Agua y refrescos,Refresco de cola,Refresco cola Hacendado Zero azúcar Zero cafeína,Lata 330 ml,"0,32 € /ud.",29036," 0,97 €/L"
Agua y refrescos,Refresco de naranja y de limón,Refresco Fanta limón,Botella 2 L,"1,79 € /ud.",27610," 0,895 €/L"
Agua y refrescos,Refresco de naranja y de limón,Refresco Fanta limón,9 latas x 330 ml,"6,57 €5,76 € /pack",13817," 1,94 €/L"
Agua y refrescos,Refresco de naranja y de limón,Refresco Fanta limón,Lata 330 ml,"0,75 €0,66 € /ud.",27602," 2,00 €/L"
Agua y refrescos,Refresco de naranja y de limón,Refresco Fanta limón zero azúcares añadidos,Lata 330 ml,"0,75 €0,66 € /ud.",27608," 2,00 €/L"
Agua y refrescos,Refresco de naranja y de limón,Refresco de limón Hacendado fresh gas,Botella 2 L,"0,95 € /ud.",29077," 0,475 €/L"
Agua y refrescos,Refresco de naranja y de limón,Refresco de limón Hacendado fresh gas,6 latas x 330 ml,"2,10 € /pack",29043," 1,061 €/L"
Agua y refrescos,Refresco de naranja y de limón,Refresco de limón Hacendado fresh gas,Lata 330 ml,"0,35 € /ud.",29044," 1,061 €/L"
Agua y refrescos,Refresco de naranja y de limón,Refresco de limón Hacendado zero azúcar fresh gas,Botella 2 L,"0,95 € /ud.",29078," 0,475 €/L"
Agua y refrescos,Refresco de naranja y de limón,Refresco de limón Hacendado zero azúcar fresh gas,6 latas x 330 ml,"2,10 € /pack",29045," 1,061 €/L"
Agua y refrescos,Refresco de naranja y de limón,Refresco de limón Hacendado zero azúcar fresh gas,Lata 330 ml,"0,35 € /ud.",29046," 1,061 €/L"
Agua y refrescos,Refresco de naranja y de limón,Refresco limón Schweppes original,8 latas x 330 ml,"7,52 €5,12 € /pack",27761," 1,94 €/L"
Agua y refrescos,Refresco de naranja y de limón,Refresco limón Schweppes original,Lata 330 ml,"0,95 € /ud.",27762," 2,879 €/L"
Agua y refrescos,Refresco de naranja y de limón,Refresco lima limón Sprite,Botella 2 L,"1,59 €1,25 € /ud.",26990," 0,625 €/L"
Agua y refrescos,Refresco de naranja y de limón,Refresco lima limón Sprite,8 latas x 330 ml,"4,56 € /pack",28176," 1,728 €/L"
Agua y refrescos,Refresco de naranja y de limón,Refresco lima limón Sprite,Lata 330 ml,"0,59 € /ud.",27845," 1,788 €/L"
Agua y refrescos,Refresco de naranja y de limón,Refresco lima limón 7 Up zero azúcar,Botella 2 L,"1,59 € /ud.",27763," 0,795 €/L"
Agua y refrescos,Refresco de naranja y de limón,Refresco lima limón 7 Up zero azúcar,9 latas x 330 ml,"4,95 € /pack",22112," 1,667 €/L"
Agua y refrescos,Refresco de naranja y de limón,Refresco lima limón 7 Up zero azúcar,Lata 330 ml,"0,59 € /ud.",27770," 1,788 €/L"
Agua y refrescos,Refresco de naranja y de limón,Refresco lima limón Hacendado fresh gas,Botella 2 L,"0,95 € /ud.",29079," 0,475 €/L"
Agua y refrescos,Refresco de naranja y de limón,Refresco lima limón Hacendado fresh gas,6 latas x 330 ml,"2,10 € /pack",29047," 1,061 €/L"
Agua y refrescos,Refresco de naranja y de limón,Refresco lima limón Hacendado fresh gas,Lata 330 ml,"0,35 € /ud.",29048," 1,061 €/L"
Agua y refrescos,Refresco de naranja y de limón,Refresco lima limón Hacendado zero azúcar fresh gas,Botella 2 L,"0,95 € /ud.",29064," 0,475 €/L"
Agua y refrescos,Refresco de naranja y de limón,Refresco Fanta naranja,2 botellas x 2 L,"3,50 € /pack",27526," 0,875 €/L"
Agua y refrescos,Refresco de naranja y de limón,Refresco Fanta naranja,Botella 2 L,"1,79 € /ud.",27508," 0,895 €/L"
Agua y refrescos,Refresco de naranja y de limón,Refresco Fanta naranja,9 latas x 330 ml,"6,57 €5,76 € /pack",27571," 1,94 €/L"
Agua y refrescos,Refresco de naranja y de limón,Refresco Fanta naranja,Lata 330 ml,"0,75 €0,66 € /ud.",27502," 2,00 €/L"
Agua y refrescos,Refresco de naranja y de limón,Refresco Fanta naranja zero azúcares añadidos,Botella 2 L,"1,79 € /ud.",27545," 0,895 €/L"
Agua y refrescos,Refresco de naranja y de limón,Refresco Fanta naranja zero azúcares añadidos,Lata 330 ml,"0,75 €0,66 € /ud.",27510," 2,00 €/L"
Agua y refrescos,Refresco de naranja y de limón,Refresco de naranja Hacendado fresh gas,Botella 2 L,"0,95 € /ud.",29075," 0,475 €/L"
Agua y refrescos,Refresco de naranja y de limón,Refresco de naranja Hacendado fresh gas,6 latas x 330 ml,"2,10 € /pack",29039," 1,061 €/L"
Agua y refrescos,Refresco de naranja y de limón,Refresco de naranja Hacendado fresh gas,Lata 330 ml,"0,35 € /ud.",29040," 1,061 €/L"
Agua y refrescos,Refresco de naranja y de limón,Refresco de naranja Hacendado zero fresh gas,Botella 2 L,"0,95 € /ud.",29076," 0,475 €/L"
Agua y refrescos,Refresco de naranja y de limón,Refresco de naranja Hacendado zero fresh gas,6 latas x 330 ml,"2,10 € /pack",29041," 1,061 €/L"
Agua y refrescos,Refresco de naranja y de limón,Refresco de naranja Hacendado zero fresh gas,Lata 330 ml,"0,35 € /ud.",29042," 1,061 €/L"
Agua y refrescos,Tónica y bitter,Tónica original Schweppes,8 latas x 330 ml,"7,52 € /pack",27666," 2,849 €/L"
Agua y refrescos,Tónica y bitter,Tónica original Schweppes,Lata 330 ml,"0,95 € /ud.",27667," 2,879 €/L"
Agua y refrescos,Tónica y bitter,Tónica original Schweppes,Botella 1 L,"1,90 € /ud.",29247," 1,90 €/L"
Agua y refrescos,Tónica y bitter,Tónica original Schweppes,6 botellines x 200 ml,"6,30 € /pack",86117," 5,25 €/L"
Agua y refrescos,Tónica y bitter,Tónica original Schweppes,Botellín 200 ml,"1,06 € /ud.",86118," 5,30 €/L"
Agua y refrescos,Tónica y bitter,Tónica Hacendado,6 latas x 330 ml,"2,28 € /pack",28034," 1,152 €/L"
Agua y refrescos,Tónica y bitter,Tónica Hacendado,Lata 330 ml,"0,38 € /ud.",27980," 1,152 €/L"
Agua y refrescos,Tónica y bitter,Tónica zero calorías Schweppes,8 latas x 330 ml,"7,52 € /pack",27487," 2,849 €/L"
Agua y refrescos,Tónica y bitter,Tónica zero calorías Schweppes,Lata 330 ml,"0,95 € /ud.",27488," 2,879 €/L"
Agua y refrescos,Tónica y bitter,Tónica Nordic Mist,8 latas x 250 ml,"4,72 € /pack",27234," 2,36 €/L"
Agua y refrescos,Tónica y bitter,Tónica Nordic Mist,Lata 250 ml,"0,69 € /ud.",27017," 2,76 €/L"
Agua y refrescos,Tónica y bitter,Tónica pink zero Schweppes,8 latas x 330 ml,"7,52 € /pack",47995," 2,849 €/L"
Agua y refrescos,Tónica y bitter,Tónica pink zero Schweppes,Lata 330 ml,"0,95 € /ud.",4888," 2,879 €/L"
Agua y refrescos,Tónica y bitter,Bitter Kas sin alcohol,Lata 330 ml,"0,99 € /ud.",28435," 3,00 €/L"
Agua y refrescos,Refresco de té y sin gas,Refresco té al limón Nestea,8 latas x 330 ml,"7,68 € /pack",28509," 2,91 €/L"
Agua y refrescos,Refresco de té y sin gas,Refresco té al limón Nestea,Lata 330 ml,"0,99 € /ud.",27801," 3,00 €/L"
Agua y refrescos,Refresco de té y sin gas,Refresco té al limón Nestea,"Botella 1,5 L","1,99 € /ud.",27903," 1,327 €/L"
Agua y refrescos,Refresco de té y sin gas,Refresco té verde Hacendado,"Botella 1,5 L","0,95 € /ud.",27832," 0,634 €/L"
Agua y refrescos,Refresco de té y sin gas,Refresco té sabor limón Hacendado,"Botella 1,5 L","0,95 € /ud.",67938," 0,634 €/L"
Agua y refrescos,Refresco de té y sin gas,Refresco té sabor melocotón Hacendado zero,"Botella 1,5 L","0,95 € /ud.",86137," 0,634 €/L"
Agua y refrescos,Refresco de té y sin gas,Refresco té sabor melocotón Hacendado,"Botella 1,5 L","0,95 € /ud.",80478," 0,634 €/L"
Agua y refrescos,Refresco de té y sin gas,Refresco té sabor limón Hacendado para diluir,Caja 12 sobres (36 g),"1,50 € /ud.",11307," 4,167 €/100 g"
Agua y refrescos,Refresco de té y sin gas,Refresco té sabor melocotón Hacendado para diluir,Caja 12 sobres (36 g),"1,50 € /ud.",11319," 4,167 €/100 g"
Agua y refrescos,Refresco de té y sin gas,Refresco té sabor mango Hacendado zero,"Botella 1,5 L","0,95 € /ud.",86138," 0,634 €/L"
Agua y refrescos,Refresco de té y sin gas,Refresco té sabor limón Hacendado,6 latas x 330 ml,"3,00 € /pack",67939," 1,516 €/L"
Agua y refrescos,Refresco de té y sin gas,Refresco té sabor limón Hacendado,Lata 330 ml,"0,50 € /ud.",67940," 1,516 €/L"
Agua y refrescos,Refresco de té y sin gas,Refresco té sabor limón Hacendado zero,"Botella 1,5 L","0,95 € /ud.",5546," 0,634 €/L"
Agua y refrescos,Refresco de té y sin gas,Limonada Don Simón light sin gas,Botella 2 L,"1,50 € /ud.",28102," 0,75 €/L"
Agua y refrescos,Refresco de té y sin gas,Refresco de naranja Simon Life sin gas,"Botella 1,5 L","1,85 €1,60 € /ud.",27951," 1,067 €/L"
Agua y refrescos,Refresco de té y sin gas,Refresco de naranja Gold Spring sin gas,Botella 2 L,"1,40 € /ud.",28077," 0,70 €/L"
Agua y refrescos,Refresco de té y sin gas,Refresco de naranja Gold Spring sin gas,4 botellas x 330 ml,"1,50 € /pack",27842," 1,137 €/L"
Agua y refrescos,Refresco de té y sin gas,Refresco fusión de frutas Gold Spring cero sin gas,Botella 2 L,"1,40 € /ud.",28187," 0,70 €/L"
Agua y refrescos,Refresco de té y sin gas,Refresco de naranja Trina sin gas,"Botella 1,5 L","1,69 € /ud.",27755," 1,127 €/L"
Agua y refrescos,Refresco de té y sin gas,Bebida Florida Sunny Delight,"Botella 1,25 L","1,95 €1,65 € /ud.",27759," 1,32 €/L"
Agua y refrescos,Refresco de té y sin gas,Refresco de manzana sin gas,"Botella 1,5 L","1,00 € /ud.",13606," 0,667 €/L"
Agua y refrescos,Refresco de té y sin gas,Refresco piña-coco Gold Spring cero sin gas,Botella 2 L,"1,40 € /ud.",28191," 0,70 €/L"
Agua y refrescos,Refresco de té y sin gas,Agua de coco Chaokoh 100% natural,Brick 1 L,"2,60 € /ud.",28198," 2,60 €/L"
Agua y refrescos,Refresco de té y sin gas,Refresco sandía Gold Spring cero sin gas,Botella 2 L,"1,40 € /ud.",28190," 0,70 €/L"
Agua y refrescos,Refresco de té y sin gas,Refresco Caribe Gold Spring cero sin gas,Botella 2 L,"1,40 € /ud.",28193," 0,70 €/L"
Agua y refrescos,Refresco de té y sin gas,Limonada Hacendado light sin gas,4 botellas x 330 ml,"1,50 € /pack",15988," 1,137 €/L"
Aperitivos,Aceitunas y encurtidos,Aceitunas manzanilla rellenas de anchoa Hacendado,3 botes x 150 g,"3,12 € /pack",22910," 6,934 €/kg"
Aperitivos,Aceitunas y encurtidos,Aceitunas manzanilla rellenas de anchoa Hacendado,3 botes x 50 g,"1,60 € /pack",23217," 10,667 €/kg"
Aperitivos,Aceitunas y encurtidos,Aceitunas manzanilla rellenas de anchoa Hacendado,Bote 350 g (150 g escurrido),"1,04 € /ud.",22911," 6,934 €/kg"
Aperitivos,Aceitunas y encurtidos,Aceitunas manzanilla Hacendado sin hueso,Tarro 835 g (400 g escurrido),"2,60 € /ud.",33053," 6,50 €/kg"
Aperitivos,Aceitunas y encurtidos,Aceitunas rellenas de anchoa Hacendado reducido en sal,Bote 350 g (150 g escurrido),"1,40 € /ud.",33024," 9,334 €/kg"
Aperitivos,Aceitunas y encurtidos,Aceitunas manzanilla rellenas de anchoa Hacendado reducidas en sal,3 botes x 50 g,"1,80 € /pack",33078," 12,00 €/kg"
Aperitivos,Aceitunas y encurtidos,Aceitunas chupadedos Huerta de Barros partidas aliñadas con hueso,Tarro 980 g (600 g escurrido),"3,30 € /ud.",33168," 5,50 €/kg"
Aperitivos,Aceitunas y encurtidos,Aceitunas gazpacha Hacendado con hueso,Tarro 835 g (500 g escurrido),"2,50 € /ud.",80177," 5,00 €/kg"
Aperitivos,Aceitunas y encurtidos,Aceitunas rellenas de anchoa Hacendado,Bote 350 g (150 g escurrido),"1,65 € /ud.",23759," 11,00 €/kg"
Aperitivos,Aceitunas y encurtidos,Aceitunas rellenas de anchoa Hacendado,"Bote 1,46 kg (600 g escurrido)","3,95 € /ud.",33010," 6,584 €/kg"
Aperitivos,Aceitunas y encurtidos,Aceitunas manzanilla Hacendado sin hueso,3 paquetes x 75 g,"1,65 € /pack",33114," 7,334 €/kg"
Aperitivos,Aceitunas y encurtidos,Aceitunas estilo caseras Hacendado aliñadas,Tarro 935 g (550 g escurrido),"2,90 € /ud.",13422," 5,273 €/kg"
Aperitivos,Aceitunas y encurtidos,Aceitunas manzanilla Hacendado con hueso,Tarro 835 g (500 g escurrido),"2,60 € /ud.",80016," 5,20 €/kg"
Aperitivos,Aceitunas y encurtidos,Aceitunas manzanilla aliñadas Hacendado sin hueso,Tarro 420 g (200 g escurrido),"1,85 € /ud.",33121," 9,25 €/kg"
Aperitivos,Aceitunas y encurtidos,Aceitunas chupadedos Huerta de Barros partidas aliñadas con hueso,Tarro 350 g (185 g escurrido),"1,70 € /ud.",60718," 9,19 €/kg"
Aperitivos,Aceitunas y encurtidos,Aceitunas rellenas de jalapeño Hacendado,Bote 350 g (150 g escurrido),"1,65 € /ud.",33178," 11,00 €/kg"
Aperitivos,Aceitunas y encurtidos,Aceitunas aloreña Roldán partida con hueso,"Bote 1,33 kg (830 g escurrido)","4,20 € /ud.",33059," 5,061 €/kg"
Aperitivos,Aceitunas y encurtidos,Aceitunas rellenas de pimiento asado Hacendado,Bote 350 g (150 g escurrido),"1,65 € /ud.",23708," 11,00 €/kg"
Aperitivos,Aceitunas y encurtidos,Aceitunas manzanilla sabor anchoa Hacendado con hueso,Tarro 935 g (530 g escurrido),"3,20 € /ud.",33120," 6,038 €/kg"
Aperitivos,Aceitunas y encurtidos,Aceitunas manzanilla sabor anchoa Hacendado con hueso,Tarro 430 g (250 g escurrido),"1,50 € /ud.",33205," 6,00 €/kg"
Aperitivos,Aceitunas y encurtidos,Aceitunas Olives Garcia partida con hueso,Bote 815 g (450 g escurrido),"3,95 €3,90 € /ud.",86100," 8,667 €/kg"
Aperitivos,Aceitunas y encurtidos,Aceitunas arbequina Hacendado con hueso,Tarro 370 g (210 g escurrido),"1,75 € /ud.",67915," 8,334 €/kg"
Aperitivos,Aceitunas y encurtidos,Aceitunas verdes rellenas de boquerón Hacendado en vinagre,Bote 350 g (150 g escurrido),"1,75 € /ud.",4791," 11,667 €/kg"
Aperitivos,Aceitunas y encurtidos,Aceitunas picadedos Hacendado aliñadas sin hueso,Tarro 710 g (350 g escurrido),"3,25 € /ud.",52622," 9,286 €/kg"
Aperitivos,Aceitunas y encurtidos,Aceitunas negras Hacendado sin hueso,Bote 350 g (150 g escurrido),"1,20 €1,10 € /ud.",33249," 7,334 €/kg"
Aperitivos,Aceitunas y encurtidos,Aceitunas negras naturales de Aragón Campo Nature,Tarro 200 g,"2,50 € /ud.",21756," 12,50 €/kg"
Aperitivos,Aceitunas y encurtidos,Aceitunas negras Hacendado con hueso,Bote 350 g (185 g escurrido),"1,15 € /ud.",16851," 6,217 €/kg"
Aperitivos,Aceitunas y encurtidos,Aceitunas arrugadas negras de Aragón Campo Nature,Tarro 210 g,"2,80 € /ud.",33113," 13,334 €/kg"
Aperitivos,Aceitunas y encurtidos,Aceitunas negras Hacendado a rodajas,3 botes x 50 g,"2,20 €2,15 € /pack",86593," 14,334 €/kg"
Aperitivos,Aceitunas y encurtidos,Banderillas picantes Hacendado,Tarro 345 g (160 g escurrido),"1,55 € /ud.",33235," 9,688 €/kg"
Aperitivos,Aceitunas y encurtidos,Banderillas dulces Hacendado en vinagre,Tarro 345 g (160 g escurrido),"1,55 € /ud.",22154," 9,688 €/kg"
Aperitivos,Aceitunas y encurtidos,Mix de encurtidos Hacendado,Tarro 670 g (370 g escurrido),"2,35 € /ud.",73331," 6,352 €/kg"
Aperitivos,Aceitunas y encurtidos,Pepinillos medianos Convite,Tarro 420 g (230 g escurrido),"1,30 € /ud.",86309," 5,653 €/kg"
Aperitivos,Aceitunas y encurtidos,Altramuces Hacendado,Tarro 690 g (440 g escurrido),"1,75 € /ud.",33136," 3,978 €/kg"
Aperitivos,Aceitunas y encurtidos,Alcaparras Hacendado en vinagre,Tarro 135 g (80 g escurrido),"1,30 € /ud.",33190," 16,25 €/kg"
Aperitivos,Aceitunas y encurtidos,Pepinillos en vinagre Hacendado,Tarro 670 g (370 g escurrido),"2,10 €2,05 € /ud.",33182," 5,541 €/kg"
Aperitivos,Aceitunas y encurtidos,Picadillo de variantes Hacendado,Tarro 420 g (250 g escurrido),"1,80 € /ud.",4868," 7,20 €/kg"
Aperitivos,Aceitunas y encurtidos,Pepinillos laminados agridulces Hacendado,Tarro 530 g (290 g escurrido),"1,80 € /ud.",33100," 6,207 €/kg"
Aperitivos,Aceitunas y encurtidos,Cebollitas Hacendado,Tarro 350 g (190 g escurrido),"1,50 € /ud.",33141," 7,895 €/kg"
Aperitivos,Aceitunas y encurtidos,Guindillas picantes Hacendado,Tarro 285 g (125 g escurrido),"1,30 € /ud.",15966," 10,40 €/kg"
Aperitivos,Aceitunas y encurtidos,Ajos aliñados Hacendado,Tarro 345 g (235 g escurrido),"2,40 € /ud.",33022," 10,213 €/kg"
Aperitivos,Aceitunas y encurtidos,Berenjenas de Almagro Antonio aliño suave,Bote 800 g (350 g escurrido),"2,89 € /ud.",33108," 8,258 €/kg"
Aperitivos,Aceitunas y encurtidos,Jalapeños picantes Hacendado en vinagre,Tarro 135 g (60 g escurrido),"1,65 € /ud.",33189," 27,50 €/kg"
Aperitivos,Aceitunas y encurtidos,Piparra Hacendado,Tarro 285 g (125 g escurrido),"2,50 € /ud.",15967," 20,00 €/kg"
Aperitivos,Aceitunas y encurtidos,Pepinillos agridulces Hacendado,Tarro 670 g (360 g escurrido),"1,45 €1,40 € /ud.",5480," 3,889 €/kg"
Aperitivos,Aceitunas y encurtidos,Pepinillos agridulces Hacendado,Tarro 425 g (230 g escurrido),"1,60 €1,55 € /ud.",5481," 6,74 €/kg"
Aperitivos,Frutos secos y fruta desecada,Nuez natural Hacendado pelada,Paquete 200 g,"2,00 € /ud.",34024," 10,00 €/kg"
Aperitivos,Frutos secos y fruta desecada,Almendra natural Hacendado,Paquete 200 g,"2,05 € /ud.",34865," 10,25 €/kg"
Aperitivos,Frutos secos y fruta desecada,Pistacho tostado Hacendado con sal,Paquete 250 g,"3,35 € /ud.",86202," 13,40 €/kg"
Aperitivos,Frutos secos y fruta desecada,Pipas girasol tostadas Hacendado gigante con sal,Paquete 200 g,"1,20 € /ud.",34079," 6,00 €/kg"
Aperitivos,Frutos secos y fruta desecada,Pistacho tostado Hacendado 0% sal añadida,Paquete 250 g,"3,35 € /ud.",86190," 13,40 €/kg"
Aperitivos,Frutos secos y fruta desecada,Cacahuete frito con sal Belnut pelado,Paquete 250 g,"1,05 € /ud.",70702," 4,20 €/kg"
Aperitivos,Frutos secos y fruta desecada,Pipas girasol tostadas Hacendado gigante aguasal,Paquete 200 g,"1,20 € /ud.",34078," 6,00 €/kg"
Aperitivos,Frutos secos y fruta desecada,Anacardo natural Hacendado,Paquete 200 g,"2,30 € /ud.",23365," 11,50 €/kg"
Aperitivos,Frutos secos y fruta desecada,Palomitas de maíz con sal Hacendado para microondas,Paquete 3 ud. (270 g),"1,10 € /ud.",34822," 4,075 €/kg"
Aperitivos,Frutos secos y fruta desecada,Anacardo frito salado Hacendado,Paquete 200 g,"2,40 € /ud.",34027," 12,00 €/kg"
Aperitivos,Frutos secos y fruta desecada,Avellana tostada Hacendado 0% sal añadida,Paquete 200 g,"3,10 € /ud.",34025," 15,50 €/kg"
Aperitivos,Frutos secos y fruta desecada,Almendra tostada y salada Hacendado con piel,Paquete 200 g,"2,80 € /ud.",34013," 14,00 €/kg"
Aperitivos,Frutos secos y fruta desecada,Cacahuete frito y salado Hacendado con piel,Paquete 250 g,"1,30 € /ud.",34868," 5,20 €/kg"
Aperitivos,Frutos secos y fruta desecada,Maíz frito crujiente y tierno Hacendado,Paquete 170 g,"1,00 € /ud.",34821," 5,883 €/kg"
Aperitivos,Frutos secos y fruta desecada,Almendra frita y salada Hacendado pelada,Paquete 200 g,"2,55 € /ud.",34009," 12,75 €/kg"
Aperitivos,Frutos secos y fruta desecada,Cacahuete tostado Hacendado 0% sal añadida,Paquete 400 g,"1,60 €1,55 € /ud.",34031," 3,875 €/kg"
Aperitivos,Frutos secos y fruta desecada,Almendra tostada Hacendado 0% sal añadida con piel,Paquete 200 g,"2,80 € /ud.",34014," 14,00 €/kg"
Aperitivos,Frutos secos y fruta desecada,Maíz palomitas Hacendado,Paquete 250 g,"0,82 € /ud.",34804," 3,28 €/kg"
Aperitivos,Frutos secos y fruta desecada,Maíz frito gigante Hacendado,Paquete 150 g,"1,40 € /ud.",13597," 9,334 €/kg"
Aperitivos,Frutos secos y fruta desecada,Nuez macadamia Hacendado tostada con sal,Paquete 100 g,"2,65 € /ud.",34838," 26,50 €/kg"
Aperitivos,Frutos secos y fruta desecada,Mezcla semillas Hacendado,Paquete 200 g,"1,39 € /ud.",34963," 6,95 €/kg"
Aperitivos,Frutos secos y fruta desecada,Pipas de calabaza natural Hacendado peladas,Paquete 150 g,"1,63 € /ud.",34188," 10,867 €/kg"
Aperitivos,Frutos secos y fruta desecada,Castañas cocidas y peladas Hacendado,Paquete 100 g,"1,40 € /ud.",34194," 14,00 €/kg"
Aperitivos,Frutos secos y fruta desecada,Cacahuete frito con miel Hacendado,Paquete 200 g,"1,65 € /ud.",34143," 8,25 €/kg"
Aperitivos,Frutos secos y fruta desecada,Cacahuete tostado con sal Hacendado,Paquete 400 g,"1,60 €1,55 € /ud.",34016," 3,875 €/kg"
Aperitivos,Frutos secos y fruta desecada,Semillas de chía Hacendado,Paquete 150 g,"1,35 € /ud.",5464," 9,00 €/kg"
Aperitivos,Frutos secos y fruta desecada,Pipas de girasol fritas Hacendado peladas,Paquete 200 g,"1,10 € /ud.",34145," 5,50 €/kg"
Aperitivos,Frutos secos y fruta desecada,Palomitas de maíz sabor mantequilla Hacendado para microondas,Paquete 3 ud. (270 g),"1,35 € /ud.",34212," 5,00 €/kg"
Aperitivos,Frutos secos y fruta desecada,Almendra natural Hacendado sin piel,Paquete 200 g,"2,35 € /ud.",23575," 11,75 €/kg"
Aperitivos,Frutos secos y fruta desecada,Avellana natural Hacendado,Paquete 200 g,"2,70 € /ud.",34164," 13,50 €/kg"
Aperitivos,Frutos secos y fruta desecada,Semillas sésamo tostado Hacendado,Paquete 150 g,"1,40 € /ud.",34964," 9,334 €/kg"
Aperitivos,Frutos secos y fruta desecada,Pipas girasol barbacoa Hacendado,Paquete 200 g,"1,35 € /ud.",34043," 6,75 €/kg"
Aperitivos,Frutos secos y fruta desecada,Pipas girasol naturales Hacendado peladas,Paquete 200 g,"1,20 € /ud.",34193," 6,00 €/kg"
Aperitivos,Frutos secos y fruta desecada,Semillas lino dorado Hacendado,Paquete 150 g,"1,20 € /ud.",34962," 8,00 €/kg"
Aperitivos,Frutos secos y fruta desecada,Nuez natural Hacendado,Paquete 600 g,"3,25 € /ud.",34606," 5,417 €/kg"
Aperitivos,Frutos secos y fruta desecada,Pipas calabaza tostadas Hacendado aguasal,Paquete 125 g,"1,55 € /ud.",34095," 12,40 €/kg"
Aperitivos,Frutos secos y fruta desecada,Pipas girasol tostadas Hacendado 0% sal añadida,Paquete 200 g,"1,50 € /ud.",23059," 7,50 €/kg"
Aperitivos,Frutos secos y fruta desecada,Nuez de Brasil natural Hacendado,Paquete 200 g,"3,00 €2,90 € /ud.",34236," 14,50 €/kg"
Aperitivos,Frutos secos y fruta desecada,Pistacho natural Hacendado pelado,Paquete 100 g,"2,64 € /ud.",34262," 26,40 €/kg"
Aperitivos,Frutos secos y fruta desecada,Nuez Pecana natural Hacendado pelada,Paquete 200 g,"3,56 € /ud.",34997," 17,80 €/kg"
Aperitivos,Frutos secos y fruta desecada,Palomitas de maíz dulces Hacendado para microondas,Paquete 3 ud. (315 g),"1,70 € /ud.",34817," 5,397 €/kg"
Aperitivos,Frutos secos y fruta desecada,Cacahuete tostado Hacendado pelado 0% sal añadida,Paquete 200 g,"1,25 € /ud.",13451," 6,25 €/kg"
Aperitivos,Frutos secos y fruta desecada,Cacahuete +Proteínas en polvo desgrasado Hacendado 14 g proteínas 70% reducido en grasa,Paquete 200 g,"2,75 € /ud.",13738," 13,75 €/kg"
Aperitivos,Frutos secos y fruta desecada,Nuez natural troceada Hacendado,Paquete 150 g,"1,35 € /ud.",52667," 9,00 €/kg"
Aperitivos,Frutos secos y fruta desecada,Cocktail mezcla Hacendado,Paquete 300 g,"1,60 € /ud.",34231," 5,334 €/kg"
Aperitivos,Frutos secos y fruta desecada,"Combinado frutos secos, frutas desecadas y semillas de calabaza Hacendado",Paquete 200 g,"2,20 € /ud.",16833," 11,00 €/kg"
Aperitivos,Frutos secos y fruta desecada,Cocktail crunchy sabores Hacendado,Paquete 200 g,"1,85 € /ud.",34047," 9,25 €/kg"
Aperitivos,Frutos secos y fruta desecada,Cocktail rodeo Hacendado,Paquete 250 g,"1,75 €1,65 € /ud.",34217," 6,60 €/kg"
Aperitivos,Frutos secos y fruta desecada,Cocktail natural Hacendado,Paquete 200 g,"2,50 €2,40 € /ud.",86809," 12,00 €/kg"
Aperitivos,Frutos secos y fruta desecada,Cocktail tostado 0% sal añadida Hacendado,Paquete 200 g,"2,60 €2,50 € /ud.",60015," 12,50 €/kg"
Aperitivos,Frutos secos y fruta desecada,Cocktail tostado y ahumado Hacendado,Paquete 200 g,"2,60 €2,50 € /ud.",60009," 12,50 €/kg"
Aperitivos,Frutos secos y fruta desecada,Cocktail fruta deshidratada Hacendado,Paquete 200 g,"1,60 € /ud.",34924," 8,00 €/kg"
Aperitivos,Frutos secos y fruta desecada,Cocktail rumba Hacendado,Paquete 300 g,"1,60 € /ud.",80450," 5,334 €/kg"
Aperitivos,Frutos secos y fruta desecada,Pasas sultanas sin semillas Hacendado,Paquete 250 g,"1,35 € /ud.",23010," 5,40 €/kg"
Aperitivos,Frutos secos y fruta desecada,Pasas moscatel sin semillas Hacendado,Paquete 250 g,"1,70 € /ud.",23003," 6,80 €/kg"
Aperitivos,Frutos secos y fruta desecada,Mango deshidratado Hacendado,Paquete 60 g,"1,35 € /ud.",34209," 22,50 €/kg"
Aperitivos,Frutos secos y fruta desecada,Manzana deshidratada Hacendado,Paquete 20 g,"0,90 € /ud.",22835," 4,50 €/100 g"
Aperitivos,Frutos secos y fruta desecada,Ciruelas desecadas sin hueso Fundo Sofruco,Paquete 250 g,"2,10 € /ud.",20020," 8,40 €/kg"
Aperitivos,Frutos secos y fruta desecada,Dátiles desecados sin hueso Hacendado,Paquete 350 g,"2,20 € /ud.",16846," 6,286 €/kg"
Aperitivos,Frutos secos y fruta desecada,Arándanos deshidratados Hacendado,Paquete 200 g,"2,40 € /ud.",34605," 12,00 €/kg"
Aperitivos,Frutos secos y fruta desecada,Piña deshidratada Hacendado,Paquete 50 g,"1,35 €1,25 € /ud.",33440," 25,00 €/kg"
Aperitivos,Frutos secos y fruta desecada,Orejones albaricoque Hacendado,Paquete 200 g,"2,60 € /ud.",13877," 13,00 €/kg"
Aperitivos,Frutos secos y fruta desecada,Dátiles en rama Hacendado,Caja 400 g,"3,10 € /ud.",22606," 7,75 €/kg"
Aperitivos,Frutos secos y fruta desecada,Dátiles Medjoul con hueso Hacendado,Bandeja 215 g,"3,85 € /ud.",22974," 17,907 €/kg"
Aperitivos,Patatas fritas y snacks,Patatas fritas extra crujientes Hacendado,Paquete 150 g,"1,30 € /ud.",86146," 8,667 €/kg"
Aperitivos,Patatas fritas y snacks,Patatas fritas clásicas Hacendado,2 paquetes x 150 g,"1,75 € /pack",22245," 5,834 €/kg"
Aperitivos,Patatas fritas y snacks,Patatas fritas receta churrería Hacendado,Paquete 150 g,"1,00 € /ud.",33444," 6,667 €/kg"
Aperitivos,Patatas fritas y snacks,Patatas fritas Lisas Hacendado,Paquete 150 g,"1,00 € /ud.",33365," 6,667 €/kg"
Aperitivos,Patatas fritas y snacks,Patatas fritas onduladas Hacendado sabor jamón serrano,Paquete 150 g,"1,20 €1,15 € /ud.",86145," 7,667 €/kg"
Aperitivos,Patatas fritas y snacks,Patatas fritas corte ondulado Hacendado,Paquete 150 g,"1,00 € /ud.",15589," 6,667 €/kg"
Aperitivos,Patatas fritas y snacks,Patatas light Hacendado,Paquete 150 g,"1,35 € /ud.",15810," 9,00 €/kg"
Aperitivos,Patatas fritas y snacks,Aperitivo de patata sabor original Pringles,Bote 165 g,"2,55 €1,99 € /ud.",33555," 12,061 €/kg"
Aperitivos,Patatas fritas y snacks,Patatas fritas sabor campestre Hacendado,Paquete 150 g,"1,20 €1,15 € /ud.",15590," 7,667 €/kg"
Aperitivos,Patatas fritas y snacks,Aperitivo de patata sabor crema agria y cebolla Pringles,Bote 165 g,"2,55 €1,99 € /ud.",33556," 12,061 €/kg"
Aperitivos,Patatas fritas y snacks,Patatas fritas sabor sal y vinagre Hacendado,Paquete 130 g,"1,15 € /ud.",13548," 8,847 €/kg"
Aperitivos,Patatas fritas y snacks,Patatas fritas sabor chili y lima Hacendado,Paquete 130 g,"1,15 € /ud.",33367," 8,847 €/kg"
Aperitivos,Patatas fritas y snacks,Patatas fritas al punto de sal Lay's,Paquete 195 g,"1,99 € /ud.",46580," 10,206 €/kg"
Aperitivos,Patatas fritas y snacks,Patatas fritas onduladas Munchos sabor queso,Paquete 130 g,"1,15 € /ud.",86205," 8,847 €/kg"
Aperitivos,Patatas fritas y snacks,Patatas fritas 0% sal añadida Hacendado,Paquete 130 g,"1,60 € /ud.",5398," 12,308 €/kg"
Aperitivos,Patatas fritas y snacks,Patatas fritas sabor ketchup Hacendado,Paquete 130 g,"1,15 € /ud.",52748," 8,847 €/kg"
Aperitivos,Patatas fritas y snacks,Patatas fritas sabor pimiento asado Hacendado,Paquete 130 g,"1,15 € /ud.",52742," 8,847 €/kg"
Aperitivos,Patatas fritas y snacks,Nachos Hacendado,Paquete 150 g,"0,90 € /ud.",33640," 6,00 €/kg"
Aperitivos,Patatas fritas y snacks,Pandilla sabor queso Cheetos,Paquete 75 g,"1,89 € /ud.",33529," 25,20 €/kg"
Aperitivos,Patatas fritas y snacks,Tiras de maíz frito sabor barbacoa Hacendado,Paquete 150 g,"0,80 € /ud.",33639," 5,334 €/kg"
Aperitivos,Patatas fritas y snacks,Pelotazos sabor queso Cheetos,Paquete 130 g,"1,89 € /ud.",33543," 14,539 €/kg"
Aperitivos,Patatas fritas y snacks,Nachos tex-mex Hacendado sabor queso,Paquete 150 g,"0,95 € /ud.",33641," 6,334 €/kg"
Aperitivos,Patatas fritas y snacks,Garfitos de maíz sabor queso Hacendado,Paquete 80 g,"0,75 €0,70 € /ud.",13889," 8,75 €/kg"
Aperitivos,Patatas fritas y snacks,Cuquitos sabor queso Hacendado,Paquete 100 g,"0,80 € /ud.",33642," 8,00 €/kg"
Aperitivos,Patatas fritas y snacks,Conos sabor bacon y queso Hacendado,Paquete 100 g,"0,75 € /ud.",15778," 7,50 €/kg"
Aperitivos,Patatas fritas y snacks,Galletitas saladas Hacendado,Bote 350 g,"1,30 € /ud.",14216," 3,715 €/kg"
Aperitivos,Patatas fritas y snacks,Cuquis Hacendado,Paquete 80 g,"0,75 €0,70 € /ud.",33581," 8,75 €/kg"
Aperitivos,Patatas fritas y snacks,Combinado de aperitivos Hacendado,Paquete 200 g,"1,50 € /ud.",33488," 7,50 €/kg"
Aperitivos,Patatas fritas y snacks,Bombitas de maíz sabor mantequilla Hacendado,Paquete 80 g,"0,75 € /ud.",16860," 9,375 €/kg"
Aperitivos,Patatas fritas y snacks,Snack de maíz sabor barbacoa Estrella,Paquete 140 g,"1,45 € /ud.",33637," 10,358 €/kg"
Aperitivos,Patatas fritas y snacks,Torreznos sabor barbacoa Hacendado,Paquete 100 g,"1,55 € /ud.",33436," 15,50 €/kg"
Aperitivos,Patatas fritas y snacks,Trigo snack sabor ahumado Hacendado,Paquete 80 g,"0,85 € /ud.",33633," 10,625 €/kg"
Aperitivos,Patatas fritas y snacks,Patatas fritas paja Hacendado,Paquete 200 g,"1,50 € /ud.",33624," 7,50 €/kg"
Aperitivos,Patatas fritas y snacks,Torreznos Hacendado,Paquete 120 g,"1,65 € /ud.",33416," 13,75 €/kg"
Aperitivos,Patatas fritas y snacks,Piña deshidratada Hacendado,Paquete 50 g,"1,35 €1,25 € /ud.",33440," 25,00 €/kg"
Aperitivos,Patatas fritas y snacks,Snack de maíz Bits Doritos sabor barbacoa,Paquete 80 g,"0,95 € /ud.",67774," 11,875 €/kg"
Aperitivos,Patatas fritas y snacks,Cocktail galletitas de aperitivo Hacendado,Bote 300 g,"1,55 € /ud.",14926," 5,167 €/kg"
Aperitivos,Patatas fritas y snacks,Sticks de patata Hacendado,Paquete 75 g,"0,85 € /ud.",22568," 11,334 €/kg"
Aperitivos,Patatas fritas y snacks,Cortezas,Paquete 75 g,"1,00 € /ud.",33407," 13,334 €/kg"
Aperitivos,Patatas fritas y snacks,Súper cuquis La Llanura,10 paquetes x 6 g,"1,20 € /pack",33409," 20,00 €/kg"
Aperitivos,Patatas fritas y snacks,Manzana deshidratada Hacendado,Paquete 20 g,"0,90 € /ud.",22835," 4,50 €/100 g"
Aperitivos,Patatas fritas y snacks,Aros de maíz Hacendado,Paquete 120 g,"0,90 €0,85 € /ud.",15757," 7,084 €/kg"
Aperitivos,Patatas fritas y snacks,Palomitas caramelo Hacendado,Paquete 120 g,"1,30 € /ud.",34811," 10,834 €/kg"
Aperitivos,Patatas fritas y snacks,Snack de maíz sabor mantequilla Snakis,Paquete 100 g,"1,00 € /ud.",50360," 10,00 €/kg"
Aperitivos,Patatas fritas y snacks,Chicharrones Mont-Palau,Paquete 125 g,"3,34 € /ud.",53144," 26,72 €/kg"
Aperitivos,Patatas fritas y snacks,Snack de maíz Crunchy sabor picante Munchos,Paquete 100 g,"1,00 € /ud.",80476," 10,00 €/kg"
Aperitivos,Patatas fritas y snacks,Cocktail mezcla aperitivos fritos Hacendado,Paquete 100 g,"1,10 € /ud.",30138," 11,00 €/kg"
Aperitivos,Patatas fritas y snacks,Snack de maíz Redes sabor barbacoa Hacendado,Paquete 100 g,"0,95 € /ud.",60323," 9,50 €/kg"
Aperitivos,Patatas fritas y snacks,Sticks vegetales Hacendado,Paquete 100 g,"1,20 € /ud.",52686," 12,00 €/kg"
"Arroz, legumbres y pasta",Arroz,Arroz redondo Hacendado,Paquete 1 kg,"1,27 € /ud.",5044," 1,27 €/kg"
"Arroz, legumbres y pasta",Arroz,Arroz largo Hacendado,Paquete 1 kg,"1,30 € /ud.",5063," 1,30 €/kg"
"Arroz, legumbres y pasta",Arroz,Arroz cocido basmati Sabroz,2 vasitos x 125 g,"1,20 € /pack",22280," 4,80 €/kg"
"Arroz, legumbres y pasta",Arroz,Arroz cocido integral Sabroz,2 vasitos x 125 g,"1,15 € /pack",22281," 4,60 €/kg"
"Arroz, legumbres y pasta",Arroz,Arroz bomba Hacendado,Paquete 1 kg,"4,90 € /ud.",5025," 4,90 €/kg"
"Arroz, legumbres y pasta",Arroz,Quinoa cocida blanca y roja Sabroz,2 vasitos x 125 g,"1,50 € /pack",22278," 6,00 €/kg"
"Arroz, legumbres y pasta",Arroz,Arroz cocido redondo Sabroz,2 vasitos x 125 g,"1,15 € /pack",22279," 4,60 €/kg"
"Arroz, legumbres y pasta",Arroz,Arroz redondo J Sendra Hacendado,Paquete 1 kg,"1,54 € /ud.",5042," 1,54 €/kg"
"Arroz, legumbres y pasta",Arroz,Arroz basmati aromático Hacendado,Paquete 1 kg,"2,54 €2,44 € /ud.",5002," 2,44 €/kg"
"Arroz, legumbres y pasta",Arroz,Arroz integral redondo Hacendado,Paquete 1 kg,"1,70 € /ud.",5014," 1,70 €/kg"
"Arroz, legumbres y pasta",Arroz,Cous cous mediano Bia,Caja 1 kg,"1,90 €1,85 € /ud.",9395," 1,85 €/kg"
"Arroz, legumbres y pasta",Arroz,Arroz vaporizado Hacendado,Paquete 1 kg,"1,54 € /ud.",5020," 1,54 €/kg"
"Arroz, legumbres y pasta",Arroz,Quinoa Hacendado,Paquete 500 g,"2,65 € /ud.",9430," 5,30 €/kg"
"Arroz, legumbres y pasta",Arroz,Noodles de arroz Acecook,Paquete 200 g,"1,50 € /ud.",8713," 7,50 €/kg"
"Arroz, legumbres y pasta",Arroz,Arroz redondo Sabroz,Paquete 1 kg,"2,68 € /ud.",5005," 2,68 €/kg"
"Arroz, legumbres y pasta",Arroz,Arroz Nomen,Paquete 1 kg,"1,82 € /ud.",5050," 1,82 €/kg"
"Arroz, legumbres y pasta",Legumbres,Garbanzo cocido Hacendado,Tarro 570 g (400 g escurrido),"0,71 € /ud.",26029," 1,775 €/kg"
"Arroz, legumbres y pasta",Legumbres,Garbanzo cocido Hacendado,Tarro 295 g (210 g escurrido),"0,65 € /ud.",26039," 3,096 €/kg"
"Arroz, legumbres y pasta",Legumbres,Garbanzo cocido pedrosillano Hacendado,Tarro 570 g (400 g escurrido),"1,06 € /ud.",26033," 2,65 €/kg"
"Arroz, legumbres y pasta",Legumbres,Garbanzo Hacendado,Paquete 1 kg,"2,20 €2,15 € /ud.",5214," 2,15 €/kg"
"Arroz, legumbres y pasta",Legumbres,Garbanzo pedrosillano Hacendado,Paquete 1 kg,"1,95 € /ud.",5219," 1,95 €/kg"
"Arroz, legumbres y pasta",Legumbres,Garbanzo lechoso andaluz Hacendado,Paquete 1 kg,"2,75 €2,65 € /ud.",5220," 2,65 €/kg"
"Arroz, legumbres y pasta",Legumbres,Alubia cocida blanca Hacendado,Tarro 570 g (400 g escurrido),"0,69 € /ud.",26019," 1,725 €/kg"
"Arroz, legumbres y pasta",Legumbres,Alubia cocida blanca Hacendado,Tarro 295 g (210 g escurrido),"0,65 € /ud.",26028," 3,096 €/kg"
"Arroz, legumbres y pasta",Legumbres,Alubia cocida roja Hacendado,Tarro 570 g (400 g escurrido),"1,05 € /ud.",26000," 2,625 €/kg"
"Arroz, legumbres y pasta",Legumbres,Alubia cocida pinta Hacendado,Tarro 570 g (400 g escurrido),"1,10 € /ud.",26001," 2,75 €/kg"
"Arroz, legumbres y pasta",Legumbres,Alubia blanca Hacendado,Paquete 1 kg,"1,85 € /ud.",5124," 1,85 €/kg"
"Arroz, legumbres y pasta",Legumbres,Alubia cocida Ganxet Hacendado,Tarro 295 g (210 g escurrido),"2,20 € /ud.",26023," 10,477 €/kg"
"Arroz, legumbres y pasta",Legumbres,Alubia negra Hacendado,Paquete 1 kg,"2,40 € /ud.",67608," 2,40 €/kg"
"Arroz, legumbres y pasta",Legumbres,Alubia roja Hacendado,Paquete 1 kg,"2,55 € /ud.",67609," 2,55 €/kg"
"Arroz, legumbres y pasta",Legumbres,Alubia cocida granja Hacendado,Tarro 570 g (350 g escurrido),"1,50 € /ud.",26002," 3,75 €/kg"
"Arroz, legumbres y pasta",Legumbres,Alubia pinta Hacendado,Paquete 1 kg,"2,26 € /ud.",23453," 2,26 €/kg"
"Arroz, legumbres y pasta",Legumbres,Lenteja pardina Hacendado,Paquete 1 kg,"2,10 € /ud.",5330," 2,10 €/kg"
"Arroz, legumbres y pasta",Legumbres,Lenteja cocida Hacendado,Tarro 570 g (400 g escurrido),"0,87 €0,80 € /ud.",26030," 2,00 €/kg"
"Arroz, legumbres y pasta",Legumbres,Lenteja cocida Hacendado,Tarro 295 g (210 g escurrido),"0,75 €0,70 € /ud.",26011," 3,334 €/kg"
"Arroz, legumbres y pasta",Legumbres,Soja texturizada grano fino Hacendado,Paquete 250 g,"2,25 € /ud.",7329," 9,00 €/kg"
"Arroz, legumbres y pasta",Legumbres,Lenteja Hacendado,Paquete 1 kg,"1,88 € /ud.",5325," 1,88 €/kg"
"Arroz, legumbres y pasta",Pasta y fideos,Fideo cabello de ángel Hacendado,Paquete 500 g,"0,82 € /ud.",13577," 1,64 €/kg"
"Arroz, legumbres y pasta",Pasta y fideos,Fideuá Hacendado,Paquete 500 g,"0,82 € /ud.",6253," 1,64 €/kg"
"Arroz, legumbres y pasta",Pasta y fideos,Fideo grueso Hacendado,Paquete 500 g,"0,82 € /ud.",6261," 1,64 €/kg"
"Arroz, legumbres y pasta",Pasta y fideos,Pasta maravilla Hacendado,Paquete 500 g,"0,82 € /ud.",6258," 1,64 €/kg"
"Arroz, legumbres y pasta",Pasta y fideos,Pasta piñones Hacendado,Paquete 500 g,"0,82 € /ud.",6282," 1,64 €/kg"
"Arroz, legumbres y pasta",Pasta y fideos,Fideo mediano Hacendado,Paquete 500 g,"0,82 € /ud.",6256," 1,64 €/kg"
"Arroz, legumbres y pasta",Pasta y fideos,Fideo al huevo Hacendado,Paquete 500 g,"1,35 € /ud.",6341," 2,70 €/kg"
"Arroz, legumbres y pasta",Pasta y fideos,Pasta infantil con vegetales Hacendado,Paquete 500 g,"1,30 €1,20 € /ud.",6333," 2,40 €/kg"
"Arroz, legumbres y pasta",Pasta y fideos,Sémola de trigo Hacendado,Paquete 500 g,"1,60 € /ud.",80291," 3,20 €/kg"
"Arroz, legumbres y pasta",Pasta y fideos,Tapioca Tipiak,Caja 225 g,"1,90 € /ud.",9490," 8,445 €/kg"
"Arroz, legumbres y pasta",Pasta y fideos,Pasta estrellas sin gluten Felicia,Paquete 500 g,"2,00 €1,95 € /ud.",35618," 3,90 €/kg"
"Arroz, legumbres y pasta",Pasta y fideos,Pajaritas vegetales Hacendado,Paquete 500 g,"1,10 € /ud.",6305," 2,20 €/kg"
"Arroz, legumbres y pasta",Pasta y fideos,Pasta penne integral Hacendado,Paquete 500 g,"1,20 € /ud.",35777," 2,40 €/kg"
"Arroz, legumbres y pasta",Pasta y fideos,Pasta tortiglioni Armando,Paquete 500 g,"1,24 € /ud.",6358," 2,48 €/kg"
"Arroz, legumbres y pasta",Pasta y fideos,Hélices con vegetales Hacendado,Paquete 1 kg,"1,60 € /ud.",6344," 1,60 €/kg"
"Arroz, legumbres y pasta",Pasta y fideos,Macarrón fino Hacendado,Paquete 500 g,"0,82 € /ud.",6260," 1,64 €/kg"
"Arroz, legumbres y pasta",Pasta y fideos,Macarrón al huevo Hacendado,Paquete 500 g,"1,35 € /ud.",6300," 2,70 €/kg"
"Arroz, legumbres y pasta",Pasta y fideos,Macarrón Hacendado,Paquete 1 kg,"1,35 €1,30 € /ud.",6250," 1,30 €/kg"
"Arroz, legumbres y pasta",Pasta y fideos,Macarrón rayado Hacendado,Paquete 500 g,"0,82 € /ud.",6278," 1,64 €/kg"
"Arroz, legumbres y pasta",Pasta y fideos,Pasta penne Armando,Paquete 500 g,"1,24 € /ud.",6361," 2,48 €/kg"
"Arroz, legumbres y pasta",Pasta y fideos,Pasta Fusilli 100% lentejas rojas Felicia,Paquete 250 g,"1,58 € /ud.",6106," 6,32 €/kg"
"Arroz, legumbres y pasta",Pasta y fideos,Pasta trottole vegetales Hacendado,Paquete 500 g,"1,30 €1,20 € /ud.",6371," 2,40 €/kg"
"Arroz, legumbres y pasta",Pasta y fideos,Pasta fusilli Armando,Paquete 500 g,"1,24 € /ud.",6357," 2,48 €/kg"
"Arroz, legumbres y pasta",Pasta y fideos,Pasta tiburón Hacendado,Paquete 500 g,"0,82 € /ud.",6244," 1,64 €/kg"
"Arroz, legumbres y pasta",Pasta y fideos,Hélices Hacendado,Paquete 500 g,"0,82 € /ud.",6238," 1,64 €/kg"
"Arroz, legumbres y pasta",Pasta y fideos,Macarrón Hacendado,Paquete 500 g,"0,82 € /ud.",6326," 1,64 €/kg"
"Arroz, legumbres y pasta",Pasta y fideos,Pasta fusilli sin gluten Felicia,Paquete 500 g,"2,00 €1,95 € /ud.",35643," 3,90 €/kg"
"Arroz, legumbres y pasta",Pasta y fideos,Pasta mariscos Hacendado,Paquete 500 g,"0,82 € /ud.",6276," 1,64 €/kg"
"Arroz, legumbres y pasta",Pasta y fideos,Pasta Corallini integral Hacendado,Paquete 500 g,"1,20 € /ud.",35779," 2,40 €/kg"
"Arroz, legumbres y pasta",Pasta y fideos,Tallarines Hacendado,Paquete 500 g,"0,82 € /ud.",6246," 1,64 €/kg"
"Arroz, legumbres y pasta",Pasta y fideos,Spaghetti integral Hacendado,Paquete 500 g,"1,20 € /ud.",35778," 2,40 €/kg"
"Arroz, legumbres y pasta",Pasta y fideos,Spaghetti fino Hacendado,Paquete 500 g,"0,82 € /ud.",6277," 1,64 €/kg"
"Arroz, legumbres y pasta",Pasta y fideos,Nidos al huevo Hacendado,Paquete 500 g,"1,35 € /ud.",6321," 2,70 €/kg"
"Arroz, legumbres y pasta",Pasta y fideos,Spaghetti al huevo Hacendado,Paquete 500 g,"1,35 € /ud.",6302," 2,70 €/kg"
"Arroz, legumbres y pasta",Pasta y fideos,Spaghetti Hacendado,Paquete 1 kg,"1,35 €1,30 € /ud.",6245," 1,30 €/kg"
"Arroz, legumbres y pasta",Pasta y fideos,Spaghetti Hacendado,Paquete 500 g,"0,82 € /ud.",6331," 1,64 €/kg"
"Arroz, legumbres y pasta",Pasta y fideos,Spaghetti sin gluten Felicia,Paquete 500 g,"2,00 €1,95 € /ud.",35670," 3,90 €/kg"
"Arroz, legumbres y pasta",Pasta y fideos,Pasta fresca tagliatelle al huevo Hacendado,Paquete 250 g,"1,15 € /ud.",6153," 4,60 €/kg"
"Arroz, legumbres y pasta",Pasta y fideos,Spaghetti Armando,Paquete 500 g,"1,24 € /ud.",35904," 2,48 €/kg"
"Arroz, legumbres y pasta",Pasta y fideos,Tortellini con carne Pagani,Paquete 250 g,"1,35 € /ud.",6565," 5,40 €/kg"
"Arroz, legumbres y pasta",Pasta y fideos,Pasta fresca tortellini carne Hacendado,Bandeja 250 g,"1,72 € /ud.",6142," 6,88 €/kg"
"Arroz, legumbres y pasta",Pasta y fideos,Pasta fresca ravioli ricotta y espinacas Hacendado,Bandeja 250 g,"1,72 € /ud.",6143," 6,88 €/kg"
"Arroz, legumbres y pasta",Pasta y fideos,Tortellini con tres quesos Pagani,Paquete 250 g,"1,35 € /ud.",6566," 5,40 €/kg"
"Arroz, legumbres y pasta",Pasta y fideos,Pasta fresca gnocchi Hacendado,Paquete 500 g,"1,12 € /ud.",6175," 2,24 €/kg"
"Arroz, legumbres y pasta",Pasta y fideos,Pasta fresca triángulo setas y mascarpone Hacendado,Bandeja 250 g,"2,24 € /ud.",6141," 8,96 €/kg"
"Arroz, legumbres y pasta",Pasta y fideos,Pasta fresca girasoles quesos Hacendado,Bandeja 250 g,"1,72 € /ud.",6145," 6,88 €/kg"
"Arroz, legumbres y pasta",Pasta y fideos,Pasta fresca medialunas parmigiano reggiano y trufa Hacendado,Bandeja 250 g,"2,48 € /ud.",6149," 9,92 €/kg"
"Arroz, legumbres y pasta",Pasta y fideos,Pasta fresca medialunas calabaza y crema de quesos Hacendado,Bandeja 250 g,"2,24 € /ud.",6152," 8,96 €/kg"
"Arroz, legumbres y pasta",Pasta y fideos,Pasta fresca tortellini jamón y queso Hacendado,Paquete 250 g,"1,72 € /ud.",86841," 6,88 €/kg"
"Arroz, legumbres y pasta",Pasta y fideos,Pasta fresca gnocchi quesos Hacendado,Paquete 400 g,"2,00 € /ud.",86840," 5,00 €/kg"
"Arroz, legumbres y pasta",Pasta y fideos,Pasta fresca girasoles queso de cabra y cebolla caramelizada Hacendado,Bandeja 250 g,"2,24 € /ud.",35652," 8,96 €/kg"
"Arroz, legumbres y pasta",Pasta y fideos,Pasta fresca ravioli tomate y queso burrata Hacendado,Bandeja 250 g,"2,24 € /ud.",35868," 8,96 €/kg"
"Arroz, legumbres y pasta",Pasta y fideos,Placas para lasaña precocidas El Pavo,Caja 18 placas (200 g),"1,43 € /ud.",6856," 7,15 €/kg"
"Arroz, legumbres y pasta",Pasta y fideos,Placas para canelones precocidas El Pavo,Caja 12 placas (80 g),"1,20 € /ud.",35953," 15,00 €/kg"
"Arroz, legumbres y pasta",Pasta y fideos,Placas para canelones El Pavo,Caja 20 placas (125 g),"1,20 € /ud.",52889," 9,60 €/kg"
"Arroz, legumbres y pasta",Pasta y fideos,Fideos orientales Yakisoba classic Gallina Blanca,Vaso 93 g,"1,95 € /ud.",8648," 20,968 €/kg"
"Arroz, legumbres y pasta",Pasta y fideos,Fideos orientales Yatekomo sabor pollo Gallina Blanca,3 vasos x 60 g,"3,95 € /pack",8645," 21,945 €/kg"
"Arroz, legumbres y pasta",Pasta y fideos,Fideos orientales Yatekomo sabor pollo Gallina Blanca,Vaso 60 g,"1,55 € /ud.",8618," 25,834 €/kg"
"Arroz, legumbres y pasta",Pasta y fideos,Pasta oriental sabor pollo Maggi,Paquete 71 g,"0,90 € /ud.",86514," 12,677 €/kg"
"Arroz, legumbres y pasta",Pasta y fideos,Fideos orientales Yakisoba sabor soja Hacendado,Vaso 80 g,"1,30 € /ud.",8727," 16,25 €/kg"
"Arroz, legumbres y pasta",Pasta y fideos,Fideos orientales Yakisoba sabor soja Hacendado,Paquete 90 g,"0,90 € /ud.",8730," 10,00 €/kg"
"Arroz, legumbres y pasta",Pasta y fideos,Fideos orientales sabor pollo Hacendado,Vaso 65 g,"0,95 €0,85 € /ud.",22453," 13,077 €/kg"
"Arroz, legumbres y pasta",Pasta y fideos,Fideos orientales sabor picante Hacendado,Vaso 65 g,"1,00 € /ud.",22455," 15,385 €/kg"
"Azúcar, caramelos y chocolate",Azúcar y edulcorante,Azúcar blanco Hacendado,Paquete 1 kg,"1,45 € /ud.",19897," 1,45 €/kg"
"Azúcar, caramelos y chocolate",Azúcar y edulcorante,Azúcar blanco en sobres Hacendado,Caja 50 sticks (350 g),"1,55 € /ud.",19837," 4,429 €/kg"
"Azúcar, caramelos y chocolate",Azúcar y edulcorante,Azúcar moreno de caña Hacendado,Paquete 1 kg,"1,95 € /ud.",22349," 1,95 €/kg"
"Azúcar, caramelos y chocolate",Azúcar y edulcorante,Azúcar moreno de caña en sobres Hacendado,Caja 50 sobres (350 g),"1,60 € /ud.",19832," 4,572 €/kg"
"Azúcar, caramelos y chocolate",Azúcar y edulcorante,Panela azúcar moreno de caña integral Hacendado,Paquete 500 g,"1,95 € /ud.",19859," 3,90 €/kg"
"Azúcar, caramelos y chocolate",Azúcar y edulcorante,Azúcar glas Hacendado,Bote 500 g,"2,60 € /ud.",35649," 5,20 €/kg"
"Azúcar, caramelos y chocolate",Azúcar y edulcorante,Edulcorante líquido sacarina Hacendado,Bote 150 ml,"0,85 € /ud.",70741," 5,667 €/L"
"Azúcar, caramelos y chocolate",Azúcar y edulcorante,Edulcorante en pastillas sacarina Hacendado,Bote 850 pastillas (52 g),"1,15 € /ud.",19802," 22,116 €/kg"
"Azúcar, caramelos y chocolate",Azúcar y edulcorante,Edulcorante en sobres sacarina Hacendado,Caja 60 sobres (60 g),"1,15 € /ud.",19808," 19,167 €/kg"
"Azúcar, caramelos y chocolate",Azúcar y edulcorante,Sirope de agave Hacendado,Bote 350 g,"2,70 €2,60 € /ud.",19860," 7,429 €/kg"
"Azúcar, caramelos y chocolate",Azúcar y edulcorante,Edulcorante líquido stevia Hacendado,Bote 150 ml,"2,05 € /ud.",19820," 13,667 €/L"
"Azúcar, caramelos y chocolate",Azúcar y edulcorante,Edulcorante granulado stevia Hacendado,Bote 200 g,"3,10 € /ud.",19817," 15,50 €/kg"
"Azúcar, caramelos y chocolate",Azúcar y edulcorante,Edulcorante en pastillas stevia Hacendado,Bote 175 pastillas (9 g),"1,85 € /ud.",19812," 20,556 €/100 g"
"Azúcar, caramelos y chocolate",Azúcar y edulcorante,Edulcorante en sobres stevia Hacendado,Caja 54 sobres (54 g),"2,00 € /ud.",19825," 37,038 €/kg"
"Azúcar, caramelos y chocolate",Azúcar y edulcorante,Edulcorante Eritritol y Sucralosa Hacendado,Bote 200 g,"3,20 € /ud.",67637," 16,00 €/kg"
"Azúcar, caramelos y chocolate",Chicles y caramelos,Chicles menta fuerte gragea Hacendado,Paquete 32 chicles (45 g),"1,00 € /ud.",65235," 2,223 €/100 g"
"Azúcar, caramelos y chocolate",Chicles y caramelos,Chicles menta fuerte gragea Hacendado,Bote 70 chicles (100 g),"1,95 € /ud.",65067," 19,50 €/kg"
"Azúcar, caramelos y chocolate",Chicles y caramelos,Chicles hierbabuena gragea Hacendado,Paquete 32 chicles (45 g),"1,00 € /ud.",65161," 2,223 €/100 g"
"Azúcar, caramelos y chocolate",Chicles y caramelos,Chicles hierbabuena gragea Hacendado,Bote 70 chicles (100 g),"1,95 € /ud.",65172," 19,50 €/kg"
"Azúcar, caramelos y chocolate",Chicles y caramelos,Chicles hierbabuena lámina Hacendado,Paquete 12 chicles (31 g),"1,00 € /ud.",65139," 3,226 €/100 g"
"Azúcar, caramelos y chocolate",Chicles y caramelos,Chicles menta suave gragea Hacendado,Paquete 32 chicles (45 g),"1,00 € /ud.",65147," 2,223 €/100 g"
"Azúcar, caramelos y chocolate",Chicles y caramelos,Chicles fresa gragea Hacendado,Paquete 32 chicles (45 g),"1,00 € /ud.",65164," 2,223 €/100 g"
"Azúcar, caramelos y chocolate",Chicles y caramelos,Chicles fresa gragea Hacendado,Bote 70 chicles (100 g),"1,95 € /ud.",65165," 19,50 €/kg"
"Azúcar, caramelos y chocolate",Chicles y caramelos,Chicles original sabor frutas gragea Hacendado,Paquete 32 chicles (45 g),"1,00 € /ud.",65135," 2,223 €/100 g"
"Azúcar, caramelos y chocolate",Chicles y caramelos,Chicles regaliz y menta gragea Hacendado,Paquete 32 chicles (45 g),"1,25 € /ud.",65056," 2,778 €/100 g"
"Azúcar, caramelos y chocolate",Chicles y caramelos,Chicles sandía lámina Hacendado,Paquete 12 chicles (31 g),"1,00 € /ud.",65140," 3,226 €/100 g"
"Azúcar, caramelos y chocolate",Chicles y caramelos,Chicles XXL gragea Hacendado,Paquete 25 chicles (100 g),"1,80 € /ud.",65213," 18,00 €/kg"
"Azúcar, caramelos y chocolate",Chicles y caramelos,Chicles jengibre gragea Hacendado,Paquete 32 chicles (45 g),"1,25 € /ud.",65177," 2,778 €/100 g"
"Azúcar, caramelos y chocolate",Chicles y caramelos,Chicles Melones ácidos Hacendado,Paquete 100 g,"1,15 € /ud.",52754," 11,50 €/kg"
"Azúcar, caramelos y chocolate",Chicles y caramelos,Caramelos nata Hacendado 0% azúcares,Paquete 90 g,"1,15 € /ud.",65302," 12,778 €/kg"
"Azúcar, caramelos y chocolate",Chicles y caramelos,Caramelos café Hacendado 0% azúcares,Paquete 90 g,"1,15 € /ud.",65123," 12,778 €/kg"
"Azúcar, caramelos y chocolate",Chicles y caramelos,Caramelos sabor eucalipto y mentol Hacendado 0% azúcares,Paquete 90 g,"1,05 € /ud.",65138," 11,667 €/kg"
"Azúcar, caramelos y chocolate",Chicles y caramelos,Caramelos eucaliptus mentol Respiral Halls,Paquete 150 g,"1,95 € /ud.",65326," 13,00 €/kg"
"Azúcar, caramelos y chocolate",Chicles y caramelos,Caramelos cítricos mix Halls,4 paquetes x 32 g,"2,60 € /pack",65298," 20,313 €/kg"
"Azúcar, caramelos y chocolate",Chicles y caramelos,Caramelos limón mentol Respiral Halls,Paquete 150 g,"1,95 € /ud.",65328," 13,00 €/kg"
"Azúcar, caramelos y chocolate",Chicles y caramelos,Caramelos original Halls,4 paquetes x 32 g,"2,60 € /pack",65299," 20,313 €/kg"
"Azúcar, caramelos y chocolate",Chicles y caramelos,Caramelos blandos Fruits Hacendado,Paquete 300 g,"1,50 € /ud.",65311," 5,00 €/kg"
"Azúcar, caramelos y chocolate",Chicles y caramelos,Caramelos miel sabor limón Pifarré,Paquete 125 g,"1,15 € /ud.",65324," 9,20 €/kg"
"Azúcar, caramelos y chocolate",Chicles y caramelos,Caramelos con palo 4 sabores Chupa Chups,Paquete 12 ud. (144 g),"1,95 € /ud.",13388," 13,542 €/kg"
"Azúcar, caramelos y chocolate",Chicles y caramelos,Caramelos regaliz mentol Respiral Halls,Paquete 150 g,"1,95 € /ud.",65327," 13,00 €/kg"
"Azúcar, caramelos y chocolate",Chicles y caramelos,Caramelos jengibre y própolis Hacendado 0% azúcares,Paquete 90 g,"1,35 € /ud.",65143," 15,00 €/kg"
"Azúcar, caramelos y chocolate",Chicles y caramelos,Caramelos Mix Fruits Hacendado 0% azúcares,Paquete 100 g,"1,20 € /ud.",13390," 12,00 €/kg"
"Azúcar, caramelos y chocolate",Chicles y caramelos,Caramelos con palo Cherry Stick Hacendado con chicle sabor cereza,Paquete 7 ud. (105 g),"1,30 € /ud.",22823," 12,381 €/kg"
"Azúcar, caramelos y chocolate",Chicles y caramelos,Caramelos sabor eucalipto y mentol Hacendado extra forte,Paquete 150 g,"1,25 € /ud.",52570," 8,334 €/kg"
"Azúcar, caramelos y chocolate",Chicles y caramelos,Caramelos blandos rellenos Fruits Hacendado,Paquete 300 g,"2,30 € /ud.",52794," 7,667 €/kg"
"Azúcar, caramelos y chocolate",Chocolate,Chocolate negro 85% cacao Hacendado,Tableta 100 g,"1,25 € /ud.",60722," 12,50 €/kg"
"Azúcar, caramelos y chocolate",Chocolate,Chocolate negro fundir Hacendado,Tableta 200 g,"1,45 € /ud.",12531," 7,25 €/kg"
"Azúcar, caramelos y chocolate",Chocolate,Porciones de Chocolate negro 72% cacao extrafino Hacendado,Paquete 200 g,"2,35 € /ud.",12495," 11,75 €/kg"
"Azúcar, caramelos y chocolate",Chocolate,Chocolate 70% negro Valor 0% azúcares añadidos,Tableta 100 g,"2,00 € /ud.",7913," 20,00 €/kg"
"Azúcar, caramelos y chocolate",Chocolate,Chocolate negro 72% de cacao Hacendado con pepitas de cacao caramelizadas,Tableta 100 g,"1,45 € /ud.",22704," 14,50 €/kg"
"Azúcar, caramelos y chocolate",Chocolate,Chocolate negro 72% de cacao Hacendado,Tableta 100 g,"1,05 € /ud.",23773," 10,50 €/kg"
"Azúcar, caramelos y chocolate",Chocolate,Chocolate negro 55% cacao Hacendado con almendras,Tableta 200 g,"1,60 € /ud.",40358," 8,00 €/kg"
"Azúcar, caramelos y chocolate",Chocolate,Chocolate puro Valor,Tableta 300 g,"3,80 € /ud.",12126," 12,667 €/kg"
"Azúcar, caramelos y chocolate",Chocolate,Chocolate puro Valor con almendras enteras,Tableta 250 g,"3,90 €3,45 € /ud.",12130," 13,80 €/kg"
"Azúcar, caramelos y chocolate",Chocolate,Chocolate negro relleno de mousse Hacendado,Tableta 140 g,"1,85 € /ud.",12553," 13,215 €/kg"
"Azúcar, caramelos y chocolate",Chocolate,Chocolate puro Valor con almendras enteras,Tableta 150 g,"3,25 € /ud.",12139," 21,667 €/kg"
"Azúcar, caramelos y chocolate",Chocolate,Chocolatinas de chocolate negro Royal Mints 49% rellenas de crema sabor a menta,Caja 200 g,"1,70 € /ud.",12431," 8,50 €/kg"
"Azúcar, caramelos y chocolate",Chocolate,Gotas de chocolate negro para fundir Hacendado,Paquete 250 g,"2,00 € /ud.",12544," 8,00 €/kg"
"Azúcar, caramelos y chocolate",Chocolate,Chocolate negro 72% de cacao Hacendado con almendras enteras,Tableta 200 g,"2,15 € /ud.",29062," 10,75 €/kg"
"Azúcar, caramelos y chocolate",Chocolate,Porciones de Chocolate negro 85% cacao extrafino Hacendado,Paquete 200 g,"2,65 € /ud.",12493," 13,25 €/kg"
"Azúcar, caramelos y chocolate",Chocolate,Chocolate negro 72% cacao Hacendado con trozos de naranja,Tableta 100 g,"1,40 € /ud.",22703," 14,00 €/kg"
"Azúcar, caramelos y chocolate",Chocolate,Chocolate negro 85% cacao extrafino y edulcorante Hacendado 0% azúcares añadidos,Tableta 100 g,"1,50 € /ud.",12524," 15,00 €/kg"
"Azúcar, caramelos y chocolate",Chocolate,Chocolate negro 70% cacao fundir Hacendado 0% azúcares añadidos,Tableta 200 g,"2,25 € /ud.",12530," 11,25 €/kg"
"Azúcar, caramelos y chocolate",Chocolate,99% cacao negro Hacendado,Tableta 100 g,"1,80 € /ud.",12586," 18,00 €/kg"
"Azúcar, caramelos y chocolate",Chocolate,Chocolate negro 55% cacao Hacendado,Tableta 150 g,"1,05 € /ud.",70652," 7,00 €/kg"
"Azúcar, caramelos y chocolate",Chocolate,Chocolate negro Fussion Hacendado relleno sabor stracciatella,Tableta 95 g,"1,05 € /ud.",80518," 11,053 €/kg"
"Azúcar, caramelos y chocolate",Chocolate,Chocolate con leche classic Hacendado,Tableta 150 g,"1,05 € /ud.",80517," 7,00 €/kg"
"Azúcar, caramelos y chocolate",Chocolate,Chocolate con leche extrafino Nestlé,Tableta 125 g,"1,40 € /ud.",12562," 11,20 €/kg"
"Azúcar, caramelos y chocolate",Chocolate,Chocolate con leche Oreo Milka,Tableta 100 g,"1,55 €1,30 € /ud.",12099," 13,00 €/kg"
"Azúcar, caramelos y chocolate",Chocolate,Chocolate con leche Milka,Tableta 150 g,"1,55 €1,30 € /ud.",12151," 8,667 €/kg"
"Azúcar, caramelos y chocolate",Chocolate,Chocolate extrafino con leche Hacendado almendras enteras,Tableta 200 g,"1,45 € /ud.",12037," 7,25 €/kg"
"Azúcar, caramelos y chocolate",Chocolate,Chocolate con leche Valor almendras enteras,Tableta 250 g,"3,90 €3,45 € /ud.",12107," 13,80 €/kg"
"Azúcar, caramelos y chocolate",Chocolate,Chocolate con leche Hacendado avellanas troceadas,Tableta 150 g,"1,15 € /ud.",15633," 7,667 €/kg"
"Azúcar, caramelos y chocolate",Chocolate,Chocolate extrafino con leche Hacendado 0% azúcares añadidos,Tableta 125 g,"1,25 € /ud.",12527," 10,00 €/kg"
"Azúcar, caramelos y chocolate",Chocolate,Chocolate con leche caramelo Milka,Tableta 100 g,"1,55 €1,30 € /ud.",12098," 13,00 €/kg"
"Azúcar, caramelos y chocolate",Chocolate,Chocolate con leche Valor almendras enteras,Tableta 150 g,"3,25 € /ud.",12140," 21,667 €/kg"
"Azúcar, caramelos y chocolate",Chocolate,Chocolate con leche Milka galleta,Tableta 300 g,"3,50 € /ud.",12016," 11,667 €/kg"
"Azúcar, caramelos y chocolate",Chocolate,Chocolate con leche Hacendado almendras troceadas,Tableta 150 g,"1,15 € /ud.",23837," 7,667 €/kg"
"Azúcar, caramelos y chocolate",Chocolate,Chocolate con leche Fussion Hacendado relleno crema de fresa,Tableta 110 g,"1,05 € /ud.",86798," 9,546 €/kg"
"Azúcar, caramelos y chocolate",Chocolate,Fideos de chocolate Hacendado,Paquete 100 g,"1,45 € /ud.",32227," 14,50 €/kg"
"Azúcar, caramelos y chocolate",Chocolate,Chocolate con leche fundir Hacendado,Tableta 200 g,"1,60 € /ud.",12533," 8,00 €/kg"
"Azúcar, caramelos y chocolate",Chocolate,"Chocolate con leche Fussion Hacendado relleno cremoso, avellanas y barquillo crujiente",Tableta 100 g,"1,05 € /ud.",15527," 10,50 €/kg"
"Azúcar, caramelos y chocolate",Chocolate,Chocolate con leche Fussion Hacendado relleno de galleta caramelizada,Tableta 110 g,"1,05 € /ud.",70756," 9,546 €/kg"
"Azúcar, caramelos y chocolate",Chocolate,Chocolate extrafino con leche Fussion Hacendado con galletas animadas,Tarrina 125 g,"1,15 € /ud.",60545," 9,20 €/kg"
"Azúcar, caramelos y chocolate",Chocolate,Chocolate blanco Hacendado,Tableta 100 g,"0,75 € /ud.",12476," 7,50 €/kg"
"Azúcar, caramelos y chocolate",Chocolate,Chocolate blanco fundir Hacendado,Tableta 200 g,"1,60 € /ud.",12543," 8,00 €/kg"
"Azúcar, caramelos y chocolate",Chocolate,Chocolate blanco Fussion Hacendado galletas al cacao,Tableta 100 g,"1,00 € /ud.",12490," 10,00 €/kg"
"Azúcar, caramelos y chocolate",Chocolate,Chocolate blanco Fussion Hacendado relleno con cremoso de coco y almendras troceadas,Tableta 100 g,"1,05 € /ud.",22408," 10,50 €/kg"
"Azúcar, caramelos y chocolate",Chocolate,Barritas de barquillo Huesitos bañadas de chocolate con leche,Paquete 10 ud. (200 g),"2,45 € /ud.",12526," 12,25 €/kg"
"Azúcar, caramelos y chocolate",Chocolate,Barritas de chocolate con leche Hacendado rellenas de leche,Paquete 16 ud. (200 g),"1,95 € /ud.",12171," 9,75 €/kg"
"Azúcar, caramelos y chocolate",Chocolate,Barritas de barquillo Kit-Kat bañadas de chocolate con leche,"Paquete 5 ud. (207,5 g)","3,00 € /ud.",12510," 14,458 €/kg"
"Azúcar, caramelos y chocolate",Chocolate,Barritas de barquillo Tokke original,Paquete 3 ud. (141 g),"1,30 € /ud.",12509," 9,22 €/kg"
"Azúcar, caramelos y chocolate",Chocolate,Disquitos Pintarolas de chocolate con leche coloreados,Paquete 200 g,"1,50 € /ud.",12094," 7,50 €/kg"
"Azúcar, caramelos y chocolate",Chocolate,Cacahuetes Hacendado chocolate negro,Paquete 250 g,"2,00 € /ud.",12348," 8,00 €/kg"
"Azúcar, caramelos y chocolate",Chocolate,Cacahuetes Hacendado chocolate con leche,Paquete 250 g,"2,00 € /ud.",12347," 8,00 €/kg"
"Azúcar, caramelos y chocolate",Chocolate,Barritas de galleta y caramelo Hacendado bañadas de chocolate con leche,Paquete 5 ud. (200 g),"1,50 € /ud.",12540," 7,50 €/kg"
"Azúcar, caramelos y chocolate",Chocolate,Cacahuetes Chocoiris Hacendado bañados de chocolate con leche coloreados,Paquete 180 g,"1,75 € /ud.",12020," 9,723 €/kg"
"Azúcar, caramelos y chocolate",Chocolate,Monedas de chocolate con leche,Malla 70 g,"1,10 € /ud.",12457," 15,715 €/kg"
"Azúcar, caramelos y chocolate",Chocolate,Huevos de chocolate Hacendado dibujo,3 ud. x 20 g,"1,65 € /pack",12364," 27,50 €/kg"
"Azúcar, caramelos y chocolate",Chocolate,Huevos de chocolate Hacendado dibujo,3 ud. x 20 g,"1,65 € /pack",12362," 27,50 €/kg"
"Azúcar, caramelos y chocolate",Chocolate,Huevo de chocolate Hacendado,50 g,"1,40 € /ud.",12421," 28,00 €/kg"
"Azúcar, caramelos y chocolate",Chocolate,Huevo crema al cacao,25 g,"1,25 € /ud.",12420," 5,00 €/100 g"
"Azúcar, caramelos y chocolate",Chocolate,"Bolas de cereal bañadas Hacendado de chocolate negro, con leche y blanco",Paquete 200 g,"2,15 € /ud.",34046," 10,75 €/kg"
"Azúcar, caramelos y chocolate",Chocolate,Barritas de barquillo Hacendado con relleno de avellana cubiertas de chocolate con leche,Paquete 6 ud. (135 g),"1,50 € /ud.",13571," 11,112 €/kg"
"Azúcar, caramelos y chocolate",Chocolate,Barritas de barquillo Hacendado con relleno cremoso cubiertas de chocolate blanco,Paquete 6 ud. (135 g),"1,90 € /ud.",35787," 14,075 €/kg"
"Azúcar, caramelos y chocolate",Chocolate,"Barritas Peanuts bañadas de chocolate con leche y rellenas con caramelo, cacahuetes tostados y crema azucarada Hacendado",Paquete 6 ud. (216 g),"1,75 € /ud.",52442," 8,102 €/kg"
"Azúcar, caramelos y chocolate",Chocolate,Piruleta de chocolate con leche Pascua Hacendado,35 g,"1,50 € /ud.",52827," 4,286 €/100 g"
"Azúcar, caramelos y chocolate",Chocolate,Surtido de chocolate con leche Pascua Hacendado,Paquete 200 g,"2,90 € /ud.",52824," 14,50 €/kg"
"Azúcar, caramelos y chocolate",Chocolate,Huevos de chocolate con disquitos de colores Pascua Hacendado,Paquete 150 g,"2,90 € /ud.",12413," 19,334 €/kg"
"Azúcar, caramelos y chocolate",Chocolate,Huevo de chocolate con leche Pokemon Pascua Hacendado con sorpresa,120 g,"3,90 € /ud.",12417," 32,50 €/kg"
"Azúcar, caramelos y chocolate",Chocolate,Huevo de chocolate con leche Paw Patrol Pascua Hacendado con sorpresa,120 g,"3,90 € /ud.",12418," 32,50 €/kg"
"Azúcar, caramelos y chocolate",Chocolate,Huevos de chocolate con leche Minis relleno cremoso y cereales Pascua Hacendado,Paquete 150 g,"1,90 € /ud.",60531," 12,667 €/kg"
"Azúcar, caramelos y chocolate",Chocolate,Huevo de chocolate con leche chispeante Pascua Kokoa,40 g,"1,90 € /ud.",60535," 4,75 €/100 g"
"Azúcar, caramelos y chocolate",Chocolate,Figura chocolate blanco conejo Pascua Hacendado,60 g,"1,15 € /ud.",52826," 19,167 €/kg"
"Azúcar, caramelos y chocolate",Chocolate,Figura de chocolate con leche conejo Pascua Hacendado,60 g,"1,15 € /ud.",52825," 19,167 €/kg"
"Azúcar, caramelos y chocolate",Chocolate,"Surtido bombones Senzza de chocolate con avellana, fondant, praliné y almendra",Paquete 470 g,"4,30 € /ud.",12238," 9,149 €/kg"
"Azúcar, caramelos y chocolate",Chocolate,Bombones cereza al licor Hacendado con chocolate negro,Paquete 150 g,"1,90 € /ud.",35909," 12,667 €/kg"
"Azúcar, caramelos y chocolate",Chocolate,Surtido bombones Caja Roja Nestlé,Caja 22 ud. (200 g),"6,30 € /ud.",12288," 31,50 €/kg"
"Azúcar, caramelos y chocolate",Chocolate,Bombones de chocolate con leche Lindor Lindt,Caja 200 g,"7,00 € /ud.",86496," 35,00 €/kg"
"Azúcar, caramelos y chocolate",Chocolate,Surtido bombones Senzza de chocolate negro 70%,Paquete 16 ud. (180 g),"2,25 € /ud.",14221," 12,50 €/kg"
"Azúcar, caramelos y chocolate",Chocolate,Bombones delicias de avellana Delizze Hacendado,Caja 16 ud. (216 g),"3,70 € /ud.",12471," 17,13 €/kg"
"Azúcar, caramelos y chocolate",Chocolate,Surtido bombones La Boutique del Praliné,Caja 20 ud. (205 g),"3,75 € /ud.",86027," 18,293 €/kg"
"Azúcar, caramelos y chocolate",Chocolate,Crema al cacao con avellanas Hacendado,Bote 500 g,"1,95 € /ud.",67416," 3,90 €/kg"
"Azúcar, caramelos y chocolate",Chocolate,Crema de avellanas y cacao Hacendado,Bote 400 g,"2,40 € /ud.",22511," 6,00 €/kg"
"Azúcar, caramelos y chocolate",Chocolate,Crema al cacao con avellanas Nutella,Tarro 350 g,"3,69 € /ud.",67409," 10,543 €/kg"
"Azúcar, caramelos y chocolate",Chocolate,Crema al cacao con avellanas Nocilla original,Tarro 360 g,"3,49 € /ud.",67163," 9,695 €/kg"
"Azúcar, caramelos y chocolate",Chocolate,Dulce de leche Chimbote,Tarro 430 g,"2,71 € /ud.",10286," 6,303 €/kg"
"Azúcar, caramelos y chocolate",Chocolate,Crema al cacao con avellanas Hacendado de 2 sabores,Bote 500 g,"1,95 € /ud.",67417," 3,90 €/kg"
"Azúcar, caramelos y chocolate",Chocolate,Crema al cacao y leche con avellanas Nocilla,Tarro 360 g,"3,49 € /ud.",67164," 9,695 €/kg"
"Azúcar, caramelos y chocolate",Chocolate,Crema de cacahuete 100% Crunchy Hacendado,Tarro 500 g,"3,05 €2,95 € /ud.",22836," 5,90 €/kg"
"Azúcar, caramelos y chocolate",Chocolate,Crema de cacahuete 100% Hacendado,Tarro 500 g,"3,05 €2,95 € /ud.",16883," 5,90 €/kg"
"Azúcar, caramelos y chocolate",Chocolate,Crema de leche y avellanas Hacendado,Tarro 400 g,"2,90 € /ud.",23044," 7,25 €/kg"
"Azúcar, caramelos y chocolate",Golosinas,Golosinas Xuxes Top Ten Hacendado,Paquete 20 ud. (135 g),"1,25 € /ud.",65008," 9,26 €/kg"
"Azúcar, caramelos y chocolate",Golosinas,Golosinas Moras Hacendado,Paquete 200 g,"1,15 € /ud.",65077," 5,75 €/kg"
"Azúcar, caramelos y chocolate",Golosinas,Golosinas Fruit Mix Hacendado,Paquete 250 g,"1,15 €1,10 € /ud.",67814," 4,40 €/kg"
"Azúcar, caramelos y chocolate",Golosinas,Golosinas Nubi Mallow Hacendado,Paquete 150 g,"0,95 € /ud.",65088," 6,334 €/kg"
"Azúcar, caramelos y chocolate",Golosinas,Caramelo Pikotas masticable Dulciora,Paquete 100 g,"1,45 € /ud.",65017," 14,50 €/kg"
"Azúcar, caramelos y chocolate",Golosinas,Golosinas tubos de fresa Hacendado rellenos,Caja 320 g,"1,75 € /ud.",65064," 5,469 €/kg"
"Azúcar, caramelos y chocolate",Golosinas,Golosinas Boca Fruit Hacendado,Paquete 200 g,"1,25 €1,20 € /ud.",65070," 6,00 €/kg"
"Azúcar, caramelos y chocolate",Golosinas,Grageas de regaliz Hacendado,Paquete 150 g,"1,45 € /ud.",65158," 9,667 €/kg"
"Azúcar, caramelos y chocolate",Golosinas,Golosinas Pulpis Mix con pica Hacendado,Paquete 300 g,"1,65 €1,60 € /ud.",52437," 5,334 €/kg"
"Azúcar, caramelos y chocolate",Golosinas,Surtido de caramelos Diver Xuxes Hacendado,Paquete 300 g,"2,15 € /ud.",65059," 7,167 €/kg"
"Azúcar, caramelos y chocolate",Golosinas,Golosinas Rega Relli Hacendado rellena con zumo de fruta,Paquete 150 g,"1,00 € /ud.",65055," 6,667 €/kg"
"Azúcar, caramelos y chocolate",Golosinas,Golosinas Dentaduras Hacendado,Paquete 100 g,"1,15 € /ud.",23528," 11,50 €/kg"
"Azúcar, caramelos y chocolate",Golosinas,Golosinas Mix Hacendado,Paquete 300 g,"1,65 €1,60 € /ud.",86288," 5,334 €/kg"
"Azúcar, caramelos y chocolate",Golosinas,Golosinas Rega Black Mix Hacendado,Paquete 300 g,"1,65 €1,60 € /ud.",86847," 5,334 €/kg"
"Azúcar, caramelos y chocolate",Golosinas,Golosinas Fresi Pink Mix Hacendado,Paquete 300 g,"1,65 €1,60 € /ud.",67736," 5,334 €/kg"
"Azúcar, caramelos y chocolate",Golosinas,Golosinas ladrillos con pica Hacendado sabor fresa y nata ácida,Paquete 200 g,"1,10 € /ud.",52445," 5,50 €/kg"
"Azúcar, caramelos y chocolate",Golosinas,Golosinas Cintas de fresa con pica Hacendado,Caja 300 g,"1,90 €1,75 € /ud.",67967," 5,834 €/kg"
"Azúcar, caramelos y chocolate",Golosinas,Golosinas Mix azúcar Hacendado,Paquete 300 g,"1,65 €1,60 € /ud.",60384," 5,334 €/kg"
"Azúcar, caramelos y chocolate",Golosinas,"Golosinas Rega Red Mix Hacendado sabor fresa, nata y tutti frutti",Paquete 300 g,"1,65 €1,60 € /ud.",67968," 5,334 €/kg"
"Azúcar, caramelos y chocolate",Golosinas,Golosinas Mix con pica Hacendado,Paquete 300 g,"1,65 €1,60 € /ud.",35856," 5,334 €/kg"
"Azúcar, caramelos y chocolate",Golosinas,Surtido de caramelos Ácidos pintalenguas Hacendado sabor frambuesa y cola,Paquete 200 g,"1,85 € /ud.",60630," 9,25 €/kg"
"Azúcar, caramelos y chocolate",Golosinas,Brocheta golosinas Pascua Hacendado,Paquete 60 g,"1,85 € /ud.",60540," 30,834 €/kg"
"Azúcar, caramelos y chocolate",Golosinas,Golosinas Mix Pascua Hacendado,Paquete 200 g,"1,60 € /ud.",60538," 8,00 €/kg"
"Azúcar, caramelos y chocolate",Golosinas,Caramelos rellenos Pascua Soft Eggies Trolli,Paquete 4 ud. (75 g),"1,85 € /ud.",60539," 24,667 €/kg"
"Azúcar, caramelos y chocolate",Golosinas,Golosinas Rega Fruit Mix Hacendado,Paquete 300 g,"1,60 € /ud.",60567," 5,334 €/kg"
"Azúcar, caramelos y chocolate",Mermelada y miel,Mermelada de fresa Hacendado,Tarro 400 g,"1,55 € /ud.",86755," 3,875 €/kg"
"Azúcar, caramelos y chocolate",Mermelada y miel,Mermelada de fresa monodosis Hacendado,10 ud. x 25 g,"1,50 € /pack",13441," 6,00 €/kg"
"Azúcar, caramelos y chocolate",Mermelada y miel,Mermelada de tomate Hacendado,Tarro 440 g,"1,95 € /ud.",15077," 4,432 €/kg"
"Azúcar, caramelos y chocolate",Mermelada y miel,Mermelada de arándanos Hacendado,Tarro 330 g,"1,95 € /ud.",35932," 5,91 €/kg"
"Azúcar, caramelos y chocolate",Mermelada y miel,Mermelada de melocotón Hacendado,Tarro 440 g,"1,55 € /ud.",86684," 3,523 €/kg"
"Azúcar, caramelos y chocolate",Mermelada y miel,Mermelada de melocotón monodosis Hacendado,10 ud. x 25 g,"1,50 € /pack",13444," 6,00 €/kg"
"Azúcar, caramelos y chocolate",Mermelada y miel,Mermelada de fresa Hero,Tarro 350 g,"3,00 €2,60 € /ud.",15047," 7,429 €/kg"
"Azúcar, caramelos y chocolate",Mermelada y miel,Mermelada de melocotón Hero,Tarro 350 g,"3,00 €2,60 € /ud.",15048," 7,429 €/kg"
"Azúcar, caramelos y chocolate",Mermelada y miel,Mermelada de naranja amarga Hacendado,Tarro 440 g,"1,35 € /ud.",15076," 3,069 €/kg"
"Azúcar, caramelos y chocolate",Mermelada y miel,Mermelada de albaricoque Hacendado,Tarro 440 g,"1,70 € /ud.",15068," 3,864 €/kg"
"Azúcar, caramelos y chocolate",Mermelada y miel,Mermelada de higo Hacendado,Tarro 340 g,"1,95 € /ud.",67753," 5,736 €/kg"
"Azúcar, caramelos y chocolate",Mermelada y miel,Untable de pimiento de piquillo confitado Hacendado,Tarro 230 g,"2,40 € /ud.",52837," 10,435 €/kg"
"Azúcar, caramelos y chocolate",Mermelada y miel,Mermelada de ciruela y kiwi Hacendado,Tarro 340 g,"1,70 € /ud.",22476," 5,00 €/kg"
"Azúcar, caramelos y chocolate",Mermelada y miel,Mermelada de frambuesa Hacendado,Tarro 340 g,"2,55 € /ud.",86033," 7,50 €/kg"
"Azúcar, caramelos y chocolate",Mermelada y miel,Miel de flores Hacendado,Tarro 1 kg,"4,70 € /ud.",15436," 4,70 €/kg"
"Azúcar, caramelos y chocolate",Mermelada y miel,Miel de flores Hacendado,Bote 500 g,"3,30 €3,20 € /ud.",15430," 6,40 €/kg"
"Azúcar, caramelos y chocolate",Mermelada y miel,Miel de romero Hacendado,Bote 500 g,"4,75 € /ud.",15449," 9,50 €/kg"
"Azúcar, caramelos y chocolate",Mermelada y miel,Miel de naranjo Hacendado,Bote 500 g,"3,85 € /ud.",15448," 7,70 €/kg"
"Azúcar, caramelos y chocolate",Mermelada y miel,Miel de caña de azúcar Nuestra Señora del Carmen,Tarro 300 g,"2,40 € /ud.",15428," 8,00 €/kg"
"Azúcar, caramelos y chocolate",Mermelada y miel,Miel de eucalipto Hacendado,Bote 500 g,"4,20 € /ud.",15451," 8,40 €/kg"
"Azúcar, caramelos y chocolate",Mermelada y miel,Cebolla caramelizada Hacendado,Tarro 190 g,"1,70 € /ud.",52749," 8,948 €/kg"
"Azúcar, caramelos y chocolate",Mermelada y miel,Confitura de fresa Hacendado 0% azúcares añadidos,Tarro 380 g,"1,60 € /ud.",15093," 4,211 €/kg"
"Azúcar, caramelos y chocolate",Mermelada y miel,Confitura de melocotón Hacendado 0% azúcares añadidos,Tarro 380 g,"1,60 € /ud.",15094," 4,211 €/kg"
"Azúcar, caramelos y chocolate",Mermelada y miel,Confitura de ciruela Hacendado 0% azúcares añadidos,Tarro 380 g,"1,70 € /ud.",15071," 4,474 €/kg"
Bebé,Alimentación infantil,Papilla crema de bechamel con lenguado Hero baby +8 meses,Tarrito 235 g,"1,70 € /ud.",9265," 7,235 €/kg"
Bebé,Alimentación infantil,Papilla verduritas con merluza Hero baby +6 meses,Tarrito 235 g,"1,70 € /ud.",9280," 7,235 €/kg"
Bebé,Alimentación infantil,Papilla verduritas con pollo y ternera Hero baby +6 meses,Tarrito 235 g,"1,70 € /ud.",9058," 7,235 €/kg"
Bebé,Alimentación infantil,Papilla arroz con pollo Hero baby +6 meses,Tarrito 235 g,"1,70 € /ud.",9247," 7,235 €/kg"
Bebé,Alimentación infantil,Papilla verduritas con pollo Hero baby buenas noches +6 meses,2 tarritos x 190 g,"3,00 € /pack",9288," 7,895 €/kg"
Bebé,Alimentación infantil,Papilla verduritas con delicias de pavo Hero baby natur +6 meses,Tarrito 235 g,"1,70 € /ud.",9246," 7,235 €/kg"
Bebé,Alimentación infantil,Papilla zanahorias baby con ternera Hero baby +6 meses,Tarrito 235 g,"1,70 € /ud.",9242," 7,235 €/kg"
Bebé,Alimentación infantil,Papilla zanahorias con arroz en caldito de pollo Hero baby +6 meses,Tarrito 235 g,"1,70 € /ud.",9259," 7,235 €/kg"
Bebé,Alimentación infantil,Papilla lentejas con verduritas Hero baby recetas caseras +8 meses,2 tarritos x 190 g,"3,00 € /pack",9298," 7,895 €/kg"
Bebé,Alimentación infantil,Papilla menestra de cordero a la crema Hero baby recetas caseras +6 meses,2 tarritos x 190 g,"3,00 € /pack",9387," 7,895 €/kg"
Bebé,Alimentación infantil,Papilla fresa y plátano +8 meses Hacendado,1 ud. (120 g),"0,90 € /ud.",22180," 7,50 €/kg"
Bebé,Alimentación infantil,Papilla fruta variada +6 meses Hacendado,1 ud. (120 g),"0,90 € /ud.",22178," 7,50 €/kg"
Bebé,Alimentación infantil,Papilla plátano y manzana +6 meses Hacendado,1 ud. (120 g),"0,90 € /ud.",22179," 7,50 €/kg"
Bodega,Cerveza,Cerveza Clásica Steinburg,12 latas x 330 ml,"3,72 € /pack",66462," 0,94 €/L"
Bodega,Cerveza,Cerveza Clásica Steinburg,Lata 330 ml,"0,31 € /ud.",66463," 0,94 €/L"
Bodega,Cerveza,Cerveza Heineken,12 latas x 330 ml,"8,28 € /pack",27338," 2,091 €/L"
Bodega,Cerveza,Cerveza Heineken,Lata 330 ml,"0,82 € /ud.",27100," 2,485 €/L"
Bodega,Cerveza,Cerveza doble malta Voll-Damm,6 latas x 330 ml,"5,58 € /pack",28057," 2,819 €/L"
Bodega,Cerveza,Cerveza doble malta Voll-Damm,Lata 330 ml,"0,99 € /ud.",27137," 3,00 €/L"
Bodega,Cerveza,Cerveza Suave Steinburg,12 latas x 330 ml,"3,48 € /pack",66485," 0,879 €/L"
Bodega,Cerveza,Cerveza Suave Steinburg,Lata 330 ml,"0,29 € /ud.",66486," 0,879 €/L"
Bodega,Cerveza,Cerveza especial San Miguel,12 latas x 330 ml,"6,48 € /pack",66026," 1,637 €/L"
Bodega,Cerveza,Cerveza especial San Miguel,Lata 330 ml,"0,72 € /ud.",27103," 2,182 €/L"
Bodega,Cerveza,Cerveza Especial Steinburg,12 latas x 330 ml,"4,44 € /pack",66764," 1,122 €/L"
Bodega,Cerveza,Cerveza Especial Steinburg,Lata 330 ml,"0,37 € /ud.",66765," 1,122 €/L"
Bodega,Cerveza,Cerveza Pils Krombacher,6 latas x 330 ml,"3,60 € /pack",66469," 1,819 €/L"
Bodega,Cerveza,Cerveza Pils Krombacher,Lata 330 ml,"0,60 € /ud.",66470," 1,819 €/L"
Bodega,Cerveza,Cerveza doble malta,6 latas x 330 ml,"3,30 €3,18 € /pack",66432," 1,607 €/L"
Bodega,Cerveza,Cerveza doble malta,Lata 330 ml,"0,53 € /ud.",66433," 1,607 €/L"
Bodega,Cerveza,Cerveza sin gluten Steinburg,12 latas x 330 ml,"7,92 € /pack",22385," 2,00 €/L"
Bodega,Cerveza,Cerveza sin gluten Steinburg,Lata 330 ml,"0,66 € /ud.",66793," 2,00 €/L"
Bodega,Cerveza,Cerveza Estrella Damm,12 latas x 330 ml,"9,96 € /pack",66015," 2,516 €/L"
Bodega,Cerveza,Cerveza Estrella Damm,Lata 330 ml,"0,85 € /ud.",27134," 2,576 €/L"
Bodega,Cerveza,Cerveza 100% malta Moritz 7,9 latas x 330 ml,"5,85 € /pack",23121," 1,97 €/L"
Bodega,Cerveza,Cerveza 100% malta Moritz 7,Lata 330 ml,"0,78 € /ud.",66342," 2,364 €/L"
Bodega,Cerveza,Cerveza Xibeca Damm,12 latas x 330 ml,"7,92 € /pack",27370," 2,00 €/L"
Bodega,Cerveza,Cerveza Xibeca Damm,Lata 330 ml,"0,69 € /ud.",27120," 2,091 €/L"
Bodega,Cerveza,Cerveza negra Victoria Marengo,6 latas x 330 ml,"5,40 € /pack",86233," 2,728 €/L"
Bodega,Cerveza,Cerveza negra Victoria Marengo,Lata 330 ml,"0,90 € /ud.",86234," 2,728 €/L"
Bodega,Cerveza,Cerveza Clásica Steinburg,6 botellas x 1 L,"6,30 € /pack",66994," 1,05 €/L"
Bodega,Cerveza,Cerveza Clásica Steinburg,Botella 1 L,"1,05 € /ud.",66482," 1,05 €/L"
Bodega,Cerveza,Cerveza Clásica Steinburg,6 botellas x 1 L,"5,70 € /pack",66465," 0,95 €/L"
Bodega,Cerveza,Cerveza Clásica Steinburg,Botella 1 L,"0,95 € /ud.",66466," 0,95 €/L"
Bodega,Cerveza,Cerveza Clásica Steinburg,12 botellines x 250 ml,"4,20 € /pack",22467," 1,40 €/L"
Bodega,Cerveza,Cerveza Clásica Steinburg,Botellín 250 ml,"0,35 € /ud.",22489," 1,40 €/L"
Bodega,Cerveza,Cerveza reserva 1925 Alhambra,6 botellines x 330 ml,"7,92 € /pack",27150," 4,00 €/L"
Bodega,Cerveza,Cerveza reserva 1925 Alhambra,Botellín 330 ml,"1,49 € /ud.",66518," 4,516 €/L"
Bodega,Cerveza,Cerveza suave Xibeca Damm,6 botellas x 1 L,"7,74 € /pack",60333," 1,29 €/L"
Bodega,Cerveza,Cerveza suave Xibeca Damm,Botella 1 L,"1,62 € /ud.",27144," 1,62 €/L"
Bodega,Cerveza,Cerveza Heineken,6 botellines x 250 ml,"3,72 € /pack",27114," 2,48 €/L"
Bodega,Cerveza,Cerveza Heineken,Botellín 250 ml,"0,70 € /ud.",70745," 2,80 €/L"
Bodega,Cerveza,Cerveza tostada Turia,12 botellines x 250 ml,"7,44 € /pack",67154," 2,48 €/L"
Bodega,Cerveza,Cerveza tostada Turia,Botellín 250 ml,"0,65 € /ud.",67031," 2,60 €/L"
Bodega,Cerveza,Cerveza El Águila sin filtrar,6 botellines x 330 ml,"5,94 €5,34 € /pack",13895," 2,697 €/L"
Bodega,Cerveza,Cerveza El Águila sin filtrar,Botellín 330 ml,"0,99 € /ud.",27456," 3,00 €/L"
Bodega,Cerveza,Cerveza Estrella Damm,12 botellines x 250 ml,"7,92 €6,84 € /pack",66016," 2,28 €/L"
Bodega,Cerveza,Cerveza Estrella Damm,Botellín 250 ml,"0,67 € /ud.",79318," 2,68 €/L"
Bodega,Cerveza,Cerveza Pilsen Cruzcampo,12 botellines x 250 ml,"5,88 €5,04 € /pack",29368," 1,68 €/L"
Bodega,Cerveza,Cerveza Pilsen Cruzcampo,Botellín 250 ml,"0,51 € /ud.",29411," 2,04 €/L"
Bodega,Cerveza,Cerveza especial Estrella Galicia,12 botellines x 250 ml,"7,80 €6,96 € /pack",66587," 2,32 €/L"
Bodega,Cerveza,Cerveza especial Estrella Galicia,Botellín 250 ml,"0,66 € /ud.",15936," 2,64 €/L"
Bodega,Cerveza,Cerveza extra 1906 reserva especial,6 botellines x 330 ml,"7,26 € /pack",66009," 3,667 €/L"
Bodega,Cerveza,Cerveza extra 1906 reserva especial,Botellín 330 ml,"1,22 € /ud.",67092," 3,697 €/L"
Bodega,Cerveza,Cerveza especial mini Mahou,12 botellines x 200 ml,"6,48 € /pack",86866," 2,70 €/L"
Bodega,Cerveza,Cerveza especial mini Mahou,Botellín 200 ml,"0,59 € /ud.",86867," 2,95 €/L"
Bodega,Cerveza,Cerveza especial 18/70 La Rubia,6 botellines x 250 ml,"4,74 € /pack",60315," 3,16 €/L"
Bodega,Cerveza,Cerveza especial 18/70 La Rubia,Botellín 250 ml,"0,89 € /ud.",60316," 3,56 €/L"
Bodega,Cerveza,Cerveza sin gluten Daura Damm,6 botellines x 250 ml,"4,32 € /pack",5573," 2,88 €/L"
Bodega,Cerveza,Cerveza sin gluten Daura Damm,Botellín 250 ml,"0,72 € /ud.",5574," 2,88 €/L"
Bodega,Cerveza,Cerveza de trigo Paulaner,6 botellines x 330 ml,"6,90 € /pack",52853," 3,485 €/L"
Bodega,Cerveza,Cerveza de trigo Paulaner,Botellín 330 ml,"1,25 € /ud.",52854," 3,788 €/L"
Bodega,Cerveza,Cerveza Especial Steinburg,12 botellines x 250 ml,"4,92 € /pack",52652," 1,64 €/L"
Bodega,Cerveza,Cerveza Especial Steinburg,Botellín 250 ml,"0,41 € /ud.",52653," 1,64 €/L"
Bodega,Cerveza,Cerveza Radler con zumo natural de limón Steinburg,12 latas x 330 ml,"4,80 € /pack",66783," 1,213 €/L"
Bodega,Cerveza,Cerveza Radler con zumo natural de limón Steinburg,Lata 330 ml,"0,40 € /ud.",66554," 1,213 €/L"
Bodega,Cerveza,Cerveza Radler Steinburg con zumo natural de limón,6 botellas x 500 ml,"3,48 € /pack",66492," 1,16 €/L"
Bodega,Cerveza,Cerveza Radler Steinburg con zumo natural de limón,Botellín 500 ml,"0,58 € /ud.",66481," 1,16 €/L"
Bodega,Cerveza,Bebida cider con gas Wild panther sabor a manzana,12 botellines x 200 ml,"9,00 € /pack",22078," 3,75 €/L"
Bodega,Cerveza,Bebida cider con gas Wild panther sabor manzana,Botellín 200 ml,"0,75 € /ud.",67060," 3,75 €/L"
Bodega,Cerveza,Cerveza Corona,6 botellines x 355 ml,"9,00 €7,80 € /pack",66172," 3,662 €/L"
Bodega,Cerveza,Cerveza Corona,Botellín 355 ml,"1,50 € /ud.",27355," 4,226 €/L"
Bodega,Cerveza,Cerveza Shandy sabor limón Steinburg,12 latas x 330 ml,"4,20 € /pack",66770," 1,061 €/L"
Bodega,Cerveza,Cerveza Shandy sabor limón Steinburg,Lata 330 ml,"0,35 € /ud.",66771," 1,061 €/L"
Bodega,Cerveza,Cerveza Shandy Steinburg sabor limón,6 botellines x 500 ml,"3,30 € /pack",66499," 1,10 €/L"
Bodega,Cerveza,Cerveza Shandy Steinburg sabor limón,Botellín 500 ml,"0,55 € /ud.",66493," 1,10 €/L"
Bodega,Cerveza,Cerveza con sabor a tequila Desperados,6 botellines x 250 ml,"5,82 € /pack",5396," 3,88 €/L"
Bodega,Cerveza,Cerveza con sabor a tequila Desperados,Botellín 250 ml,"1,00 € /ud.",5397," 4,00 €/L"
Bodega,Cerveza sin alcohol,Cerveza sin alcohol Falke,6 botellines x 250 ml,"2,10 € /pack",86552," 1,40 €/L"
Bodega,Cerveza sin alcohol,Cerveza sin alcohol Falke,Botellín 250 ml,"0,35 € /ud.",86553," 1,40 €/L"
Bodega,Cerveza sin alcohol,"Cerveza 0,0% sin alcohol Falke",6 botellines x 250 ml,"2,10 € /pack",66394," 1,40 €/L"
Bodega,Cerveza sin alcohol,"Cerveza 0,0% sin alcohol Falke",Botellín 250 ml,"0,35 € /ud.",15990," 1,40 €/L"
Bodega,Cerveza sin alcohol,"Cerveza 0,0% sin alcohol tostada Mahou",6 botellines x 330 ml,"6,90 € /pack",66558," 3,485 €/L"
Bodega,Cerveza sin alcohol,"Cerveza 0,0% sin alcohol tostada Mahou",Botellín 330 ml,"1,15 € /ud.",67026," 3,485 €/L"
Bodega,Cerveza sin alcohol,"Cerveza 0,0% sin alcohol tostada Falke",6 botellines x 250 ml,"3,00 € /pack",67623," 2,00 €/L"
Bodega,Cerveza sin alcohol,"Cerveza 0,0% sin alcohol tostada Falke",Botellín 250 ml,"0,50 € /ud.",67624," 2,00 €/L"
Bodega,Cerveza sin alcohol,Cerveza sin alcohol Falke,12 latas x 330 ml,"4,20 € /pack",23694," 1,061 €/L"
Bodega,Cerveza sin alcohol,Cerveza sin alcohol Falke,Lata 330 ml,"0,35 € /ud.",23695," 1,061 €/L"
Bodega,Cerveza sin alcohol,"Cerveza 0,0% sin alcohol Falke",12 latas x 330 ml,"4,20 € /pack",66392," 1,061 €/L"
Bodega,Cerveza sin alcohol,"Cerveza 0,0% sin alcohol Falke",Lata 330 ml,"0,35 € /ud.",66393," 1,061 €/L"
Bodega,Cerveza sin alcohol,"Cerveza 0,0% sin alcohol tostada Falke",12 latas x 330 ml,"6,00 €5,76 € /pack",13417," 1,455 €/L"
Bodega,Cerveza sin alcohol,"Cerveza 0,0% sin alcohol tostada Falke",Lata 330 ml,"0,48 € /ud.",13418," 1,455 €/L"
Bodega,Cerveza sin alcohol,"Cerveza Radler Amstel 0,0% sin alcohol",12 latas x 330 ml,"6,60 € /pack",11270," 1,667 €/L"
Bodega,Cerveza sin alcohol,"Cerveza Radler Amstel 0,0% sin alcohol",Lata 330 ml,"0,59 € /ud.",11271," 1,788 €/L"
Bodega,Licores,Vermouth rojo Maronti reserva,Botella 1 L,"3,45 € /ud.",28520," 3,45 €/L"
Bodega,Licores,Vermouth blanco Maronti,Botella 1 L,"2,50 € /ud.",15846," 2,50 €/L"
Bodega,Licores,Vermouth bianco Martini,Botella 1 L,"10,20 € /ud.",28400," 10,20 €/L"
Bodega,Licores,Vermouth rosso Martini,Botella 1 L,"10,20 € /ud.",28401," 10,20 €/L"
Bodega,Licores,Aperitivo Aperol,Botella 700 ml,"13,40 € /ud.",28356," 19,143 €/L"
Bodega,Licores,Bitter Campari,Botella 700 ml,"15,20 € /ud.",28408," 21,715 €/L"
Bodega,Licores,Vermouth rojo Maronti,Botella 1 L,"2,50 € /ud.",28837," 2,50 €/L"
Bodega,Licores,Ginebra London Dry Gin Larios,Botella 1 L,"12,50 € /ud.",28715," 12,50 €/L"
Bodega,Licores,Ginebra London Dry Gin Beefeater,Botella 700 ml,"13,95 €12,95 € /ud.",28712," 18,50 €/L"
Bodega,Licores,Ginebra Dry Gin Seagram's,Botella 700 ml,"16,50 € /ud.",28032," 23,572 €/L"
Bodega,Licores,Ginebra London Dry Gin Tanqueray,Botella 700 ml,"16,50 €15,50 € /ud.",28775," 22,143 €/L"
Bodega,Licores,Ginebra strawberry Gin Glivery,Botella 700 ml,"7,70 €7,65 € /ud.",28848," 10,929 €/L"
Bodega,Licores,Ginebra sweet Gin Exotic Glivery,Botella 700 ml,"7,80 €7,65 € /ud.",22316," 10,929 €/L"
Bodega,Licores,Ginebra London Dry Gin Kingerly & Sons,Botella 700 ml,"6,25 € /ud.",67632," 8,929 €/L"
Bodega,Licores,Ginebra natural & soft 1185,Botella 700 ml,"6,50 €6,25 € /ud.",52745," 8,929 €/L"
Bodega,Licores,Bebida espirituosa centenario Terry,Botella 1 L,"9,35 €8,90 € /ud.",28246," 8,90 €/L"
Bodega,Licores,Brandy imperial solera reserva Torres 5,Botella 700 ml,"9,75 € /ud.",28213," 13,929 €/L"
Bodega,Licores,Bebida espirituosa Convidado de Baco,Botella 1 L,"6,00 € /ud.",28527," 6,00 €/L"
Bodega,Licores,Brandy de Jerez solera reserva Convidado de Baco,Botella 700 ml,"5,90 € /ud.",28525," 8,429 €/L"
Bodega,Licores,Brandy de Jerez solera gran reserva Convidado de Baco,Botella 700 ml,"9,90 € /ud.",28526," 14,143 €/L"
Bodega,Licores,Whisky escocés Cutty Sark,Botella 700 ml,"12,35 € /ud.",28631," 17,643 €/L"
Bodega,Licores,Whisky escocés Ballantine's,Botella 700 ml,"13,00 €12,45 € /ud.",28604," 17,786 €/L"
Bodega,Licores,Whisky escocés Red Label Johnnie Walker,Botella 700 ml,"15,90 €14,50 € /ud.",28610," 20,715 €/L"
Bodega,Licores,Whisky escocés J&B,Botella 700 ml,"13,00 €11,95 € /ud.",28613," 17,072 €/L"
Bodega,Licores,Whisky escocés James Webb,Botella 700 ml,"6,00 € /ud.",28662," 8,572 €/L"
Bodega,Licores,Whisky escocés Black Label Johnnie Walker,Botella 700 ml,"30,00 €26,95 € /ud.",28630," 38,50 €/L"
Bodega,Licores,Ron añejo Negrita,Botella 700 ml,"9,25 € /ud.",28731," 13,215 €/L"
Bodega,Licores,Ron blanco superior La Recompensa,Botella 700 ml,"5,25 € /ud.",35919," 7,50 €/L"
Bodega,Licores,Ron dominicano añejo Ron Barceló,Botella 700 ml,"14,95 € /ud.",28757," 21,358 €/L"
Bodega,Licores,Ron caribeño sabor coco Malibu,Botella 700 ml,"12,60 € /ud.",28373," 18,00 €/L"
Bodega,Licores,Ron añejo La Recompensa,Botella 700 ml,"5,95 € /ud.",86232," 8,50 €/L"
Bodega,Licores,Ron viejo La Recompensa,Botella 700 ml,"9,50 € /ud.",86707," 13,572 €/L"
Bodega,Licores,Licor crema Irlandesa Royal Swan,Botella 700 ml,"6,25 €6,00 € /ud.",28571," 8,572 €/L"
Bodega,Licores,Licor crema de fresa Royal Swan,Botella 700 ml,"6,95 € /ud.",22614," 9,929 €/L"
Bodega,Licores,Licor crema Puente Pazos,Botella 700 ml,"6,25 € /ud.",28506," 8,929 €/L"
Bodega,Licores,Licor crema choco avellana Royal Swan,Botella 700 ml,"6,50 €6,25 € /ud.",67930," 8,929 €/L"
Bodega,Licores,Licor crema Caramel Biscuit Royal Swan,Botella 700 ml,"7,00 € /ud.",52875," 10,00 €/L"
Bodega,Licores,Bebida espirituosa a base de vodka Knebep caramelo,Botella 700 ml,"5,70 € /ud.",13493," 8,143 €/L"
Bodega,Licores,Vodka Knebep,Botella 1 L,"6,70 € /ud.",28822," 6,70 €/L"
Bodega,Licores,Licor dulce Anís del mono,Botella 700 ml,"8,30 €8,10 € /ud.",28333," 11,572 €/L"
Bodega,Licores,Licor de anís dulce Dama Mayor,Botella 700 ml,"5,90 € /ud.",35969," 8,429 €/L"
Bodega,Licores,Licor de anís Ricard Pastis de Marseille,Botella 700 ml,"12,70 €11,50 € /ud.",28407," 16,429 €/L"
Bodega,Licores,Licor de hierbas Puente Pazos,Botella 700 ml,"6,10 € /ud.",28508," 8,715 €/L"
Bodega,Licores,Licor de limoncello Franzini,Botella 700 ml,"6,85 € /ud.",28335," 9,786 €/L"
Bodega,Licores,Licor de hierbas Jägermeister,Botella 700 ml,"13,85 € /ud.",28724," 19,786 €/L"
Bodega,Licores,Aguardiente de orujo Puente Pazos,Botella 700 ml,"7,10 € /ud.",28507," 10,143 €/L"
Bodega,Licores,Licor dulce Amaretto Del Patriarca,Botella 700 ml,"4,80 € /ud.",28432," 6,858 €/L"
Bodega,Licores,Ponche Convidado de Baco,Botella 700 ml,"6,30 € /ud.",13370," 9,00 €/L"
Bodega,Licores,Tequila Gold Santa Concepción,Botella 700 ml,"10,50 € /ud.",23593," 15,00 €/L"
Bodega,Licores,Pacharán Oibar,Botella 1 L,"6,90 € /ud.",52471," 6,90 €/L"
Bodega,Licores,Licor mora sin alcohol Pi.omka,Botella 700 ml,"2,80 € /ud.",13610," 4,00 €/L"
Bodega,Sidra y cava,Sidra asturiana El Mayu,Botella 750 ml,"1,60 € /ud.",28515," 2,134 €/L"
Bodega,Sidra y cava,Sidra asturiana El Mayu,12 botellines x 250 ml,"10,80 € /pack",23863," 3,60 €/L"
Bodega,Sidra y cava,Sidra asturiana El Mayu,Botellín 250 ml,"0,90 € /ud.",23862," 3,60 €/L"
Bodega,Sidra y cava,Sidra natural Polían,Botella 700 ml,"1,95 € /ud.",28898," 2,786 €/L"
Bodega,Sidra y cava,Cava brut Cabré & Sabaté,Botella 750 ml,"2,95 € /ud.",28921," 3,934 €/L"
Bodega,Sidra y cava,Cava brut Cabré & Sabaté,Benjamín 200 ml,"1,65 € /ud.",22977," 8,25 €/L"
Bodega,Sidra y cava,Cava brut nature Jaume Serra,Botella 750 ml,"4,25 € /ud.",28908," 5,667 €/L"
Bodega,Sidra y cava,Cava brut Anna Codorníu,Botella 750 ml,"9,35 € /ud.",28969," 12,467 €/L"
Bodega,Sidra y cava,Cava brut nature reserva vintage Cabré & Sabaté,Botella 750 ml,"4,00 € /ud.",28938," 5,334 €/L"
Bodega,Sidra y cava,Cava brut nature Bach Extrísimo,Botella 750 ml,"4,95 € /ud.",28909," 6,60 €/L"
Bodega,Sidra y cava,Cava brut Freixenet,Botella 750 ml,"6,95 € /ud.",28005," 9,267 €/L"
Bodega,Sidra y cava,Cava brut nature Jaume Serra reserva,Botella 750 ml,"5,00 € /ud.",28910," 6,667 €/L"
Bodega,Sidra y cava,Cava semi seco Cabré & Sabaté,Botella 750 ml,"2,95 € /ud.",28939," 3,934 €/L"
Bodega,Sidra y cava,Cava semi seco Cabré & Sabaté,Benjamín 200 ml,"1,55 € /ud.",22970," 7,75 €/L"
Bodega,Sidra y cava,Cava semi seco Freixenet,Botella 750 ml,"6,95 € /ud.",28006," 9,267 €/L"
Bodega,Sidra y cava,Bebida zumo de frutas con gas Magic sin alcohol,Botella 750 ml,"2,20 € /ud.",39702," 2,934 €/L"
Bodega,Sidra y cava,Vino espumoso sin alcohol Viña secret,Botella 750 ml,"4,00 € /ud.",67150," 5,334 €/L"
Bodega,Sidra y cava,Cava semi seco Cabré & Sabaté Ice,Botella 750 ml,"3,75 € /ud.",28959," 5,00 €/L"
Bodega,Tinto de verano y sangría,Sangría Casón Histórico,"Botella 1,5 L","1,55 € /ud.",66922," 1,034 €/L"
Bodega,Tinto de verano y sangría,Tinto de verano zero limón Casón Histórico,"Botella 1,5 L","1,15 € /ud.",60748," 0,767 €/L"
Bodega,Tinto de verano y sangría,Sangría Don Simón,"Botella 1,5 L","2,10 € /ud.",66944," 1,40 €/L"
Bodega,Tinto de verano y sangría,Tinto de verano sabor limón Casón Histórico,"Botella 1,5 L","1,20 € /ud.",67818," 0,80 €/L"
Bodega,Tinto de verano y sangría,Tinto de verano classic Casón Histórico,"Botella 1,5 L","1,20 € /ud.",67819," 0,80 €/L"
Bodega,Tinto de verano y sangría,Tinto de verano sabor limón La Casera,"2 botellas x 1,5 L","4,50 € /pack",28059," 1,50 €/L"
Bodega,Tinto de verano y sangría,Tinto de verano sabor limón La Casera,"Botella 1,5 L","2,30 € /ud.",27843," 1,534 €/L"
Bodega,Vino blanco,Vino blanco Casón Histórico,Brick 1 L,"1,00 €0,95 € /ud.",66127," 0,95 €/L"
Bodega,Vino blanco,Vino blanco Don Simón chardonnay airén,3 mini bricks x 250 ml,"1,60 € /pack",66124," 2,134 €/L"
Bodega,Vino blanco,Bebida aromatizada a base de vino para cocinar Abuela Carola,Botella 750 ml,"2,35 € /ud.",66905," 3,134 €/L"
Bodega,Vino blanco,Vino blanco Don Simón,Brick 1 L,"1,60 €1,45 € /ud.",66105," 1,45 €/L"
Bodega,Vino blanco,Vino blanco turbio Teluro,Botella 750 ml,"1,75 € /ud.",66823," 2,334 €/L"
Bodega,Vino blanco,Vino blanco D.O La Mancha Fidencio,Botella 750 ml,"1,40 € /ud.",37138," 1,867 €/L"
Bodega,Vino blanco,Vino blanco Chardonnay Indómito,Botella 750 ml,"2,30 € /ud.",37111," 3,067 €/L"
Bodega,Vino blanco,Vino blanco D.O Rioja El Coto,Botella 750 ml,"4,15 € /ud.",66324," 5,534 €/L"
Bodega,Vino blanco,Vino blanco crianza D.O Valdepeñas Señorío de los Llanos,Botella 750 ml,"2,20 € /ud.",37110," 2,934 €/L"
Bodega,Vino blanco,Vino blanco seco D.O Catalunya Vinya del Mar Azul,Botella 750 ml,"2,10 € /ud.",66523," 2,80 €/L"
Bodega,Vino blanco,Vino blanco D.O Catalunya Perelada Blanc de Blancs,Botella 750 ml,"4,00 € /ud.",66517," 5,334 €/L"
Bodega,Vino blanco,Vino blanco D.O Catalunya Bodegas Torres Viña Sol,Botella 750 ml,"6,60 €4,95 € /ud.",66532," 6,60 €/L"
Bodega,Vino blanco,Vino blanco albariño D.O Rías Baixas Pazo de Orantes,Botella 750 ml,"6,00 € /ud.",67125," 8,00 €/L"
Bodega,Vino blanco,Vino blanco D.O Valencia Finca La Malcriada dulce,Botella 750 ml,"2,60 € /ud.",67123," 3,467 €/L"
Bodega,Vino blanco,Vino blanco Gewürztraminer Mar de Uvas,Botella 750 ml,"4,65 € /ud.",67018," 6,20 €/L"
Bodega,Vino blanco,Vino verde Loureiro D.O Portugal Castelo de Moinhos,Botella 750 ml,"2,50 € /ud.",66851," 3,334 €/L"
Bodega,Vino blanco,Vino blanco viura y tempranillo D.O Rioja Ponce de Albayda,Botella 750 ml,"4,25 € /ud.",86547," 5,667 €/L"
Bodega,Vino blanco,Vino blanco Chardonnay Semiluna,Botella 750 ml,"3,50 € /ud.",52687," 4,667 €/L"
Bodega,Vino blanco,Vino blanco verdejo D.O Rueda Arribeño,Botella 750 ml,"2,00 €1,90 € /ud.",37229," 2,534 €/L"
Bodega,Vino blanco,Vino blanco verdejo D.O Rueda Abadía Mantrús,Botella 750 ml,"2,10 € /ud.",66369," 2,80 €/L"
Bodega,Vino blanco,Vino blanco D.O Rueda Abadía Mantrús Sauvignon Blanc,Botella 750 ml,"3,00 € /ud.",37218," 4,00 €/L"
Bodega,Vino blanco,Vino blanco verdejo D.O Rueda Condado de Teón,Botella 750 ml,"3,80 € /ud.",23279," 5,067 €/L"
Bodega,Vino blanco,Vino blanco suave y afrutado El Pescaito,Botella 750 ml,"2,10 € /ud.",66495," 2,80 €/L"
Bodega,Vino blanco,Vino blanco semidulce Diamante D.O Rioja,Botella 750 ml,"4,30 € /ud.",66352," 5,734 €/L"
Bodega,Vino blanco,Vino blanco semidulce Bach D.O Catalunya,Botella 750 ml,"4,95 € /ud.",66531," 6,60 €/L"
Bodega,Vino blanco,Vino blanco semidulce Vinya del Mar Azul D.O Catalunya,Botella 750 ml,"2,10 € /ud.",66519," 2,80 €/L"
Bodega,Vino blanco,Vino blanco semidulce Allegretto Alba,Botella 750 ml,"2,00 € /ud.",67144," 2,667 €/L"
Bodega,Vino blanco,Vino dulce Pedro Ximénez Real Tesoro D.O Jerez de la frontera,Botella 750 ml,"6,10 €6,00 € /ud.",66912," 8,00 €/L"
Bodega,Vino blanco,Mistela de moscatel Mig Segle D.O Valencia,Botella 750 ml,"3,60 € /ud.",23287," 4,80 €/L"
Bodega,Vino blanco,Mosto tinto Casón Histórico,"Botella 1,5 L","2,00 € /ud.",39896," 1,334 €/L"
Bodega,Vino blanco,Vino fino Corredera D.O Montilla-Moriles,Botella 750 ml,"2,65 € /ud.",66907," 3,534 €/L"
Bodega,Vino blanco,Bebida refrescante aromatizada tinto sin alcohol light Castillo de Salobreña,Botella 1 L,"1,60 € /ud.",39488," 1,60 €/L"
Bodega,Vino lambrusco y espumoso,Lambrusco dell'Emilia rosado espumoso Piccolo Giovanni,Botella 750 ml,"2,15 €1,90 € /ud.",52533," 2,534 €/L"
Bodega,Vino lambrusco y espumoso,Vino tinto dulce de aguja Sangue di Giuda Cueva peccato,Botella 750 ml,"3,90 € /ud.",66673," 5,20 €/L"
Bodega,Vino lambrusco y espumoso,Vino blanco espumoso verdejo DulZ.Ze frizzante,Botella 750 ml,"2,65 € /ud.",66332," 3,534 €/L"
Bodega,Vino lambrusco y espumoso,Lambrusco Dell'Emilia rojo espumoso Piccolo Giovanni,Botella 750 ml,"2,10 € /ud.",15870," 2,80 €/L"
Bodega,Vino lambrusco y espumoso,Vino blanco de aguja espumoso Blanc Pescador,Botella 750 ml,"4,25 € /ud.",66505," 5,667 €/L"
Bodega,Vino lambrusco y espumoso,Vino rosado afrutado espumoso Peñascal,Botella 750 ml,"3,85 € /ud.",37212," 5,134 €/L"
Bodega,Vino lambrusco y espumoso,Vino blanco dulce Moscato espumoso Cueva Peccato,Botella 750 ml,"3,50 € /ud.",66675," 4,667 €/L"
Bodega,Vino rosado,Vino rosado Alicia en el país de las uvas suave y goloso,Botella 750 ml,"2,25 € /ud.",66580," 3,00 €/L"
Bodega,Vino rosado,Vino rosado Casón Histórico,Brick 1 L,"1,05 € /ud.",66126," 1,05 €/L"
Bodega,Vino rosado,Vino rosado D.O Navarra Hypatia,Botella 750 ml,"2,10 € /ud.",37002," 2,80 €/L"
Bodega,Vino rosado,Vino rosado D.O Rioja Comportillo cosecha,Botella 750 ml,"2,40 € /ud.",67115," 3,20 €/L"
Bodega,Vino rosado,Vino rosado D.O La Mancha Fidencio,Botella 750 ml,"1,55 € /ud.",37153," 2,067 €/L"
Bodega,Vino rosado,Vino rosado Dominio de Borgia,Garrafa 5 L,"6,15 € /ud.",37806," 1,23 €/L"
Bodega,Vino rosado,Vino rosado D.O Rioja Arteso Clarete,Botella 750 ml,"3,25 € /ud.",67119," 4,334 €/L"
Bodega,Vino rosado,Vino rosado D.O Cigales ValdeSalud,Botella 750 ml,"2,60 € /ud.",66427," 3,467 €/L"
Bodega,Vino tinto,Vino tinto Casón Histórico,Brick 1 L,"1,05 € /ud.",66211," 1,05 €/L"
Bodega,Vino tinto,Vino tinto Don Simón,Brick 1 L,"1,60 €1,45 € /ud.",66107," 1,45 €/L"
Bodega,Vino tinto,Vino tinto Dominio de Borgia,Botella 2 L,"2,80 € /ud.",37808," 1,40 €/L"
Bodega,Vino tinto,Vino tinto Dominio de Borgia,Garrafa 5 L,"5,55 € /ud.",37805," 1,11 €/L"
Bodega,Vino tinto,Vino tinto D.O Rioja El Coto crianza,Botella 750 ml,"6,30 € /ud.",66320," 8,40 €/L"
Bodega,Vino tinto,Vino tinto D.O Rioja Comportillo cosecha,Botella 750 ml,"2,45 € /ud.",67112," 3,267 €/L"
Bodega,Vino tinto,Vino tinto D.O Rioja Cune crianza,Botella 750 ml,"6,95 € /ud.",66314," 9,267 €/L"
Bodega,Vino tinto,Vino tinto D.O Rioja Comportillo crianza,Botella 750 ml,"2,95 € /ud.",67113," 3,934 €/L"
Bodega,Vino tinto,Vino tinto D.O Rioja Comportillo reserva,Botella 750 ml,"4,10 € /ud.",66325," 5,467 €/L"
Bodega,Vino tinto,Vino tinto D.O Rioja Coto de Imaz reserva,Botella 750 ml,"8,60 € /ud.",66346," 11,467 €/L"
Bodega,Vino tinto,Vino tinto D.O Rioja Arteso crianza,Botella 750 ml,"4,20 € /ud.",67117," 5,60 €/L"
Bodega,Vino tinto,Vino tinto D.O La Mancha Fidencio,Botella 750 ml,"1,45 € /ud.",37139," 1,934 €/L"
Bodega,Vino tinto,Vino tinto D.O Valdepeñas Viña Albali crianza,Botella 750 ml,"2,95 € /ud.",37134," 3,934 €/L"
Bodega,Vino tinto,Vino tinto D.O Valdepeñas Pata Negra reserva,Botella 750 ml,"2,95 € /ud.",13875," 3,934 €/L"
Bodega,Vino tinto,Vino tinto D.O Valdepeñas Viña Albali reserva,Botella 750 ml,"3,70 € /ud.",37114," 4,934 €/L"
Bodega,Vino tinto,Vino tinto D.O Valdepeñas Señorío de los Llanos crianza,Botella 750 ml,"2,25 €2,00 € /ud.",35730," 2,667 €/L"
Bodega,Vino tinto,Vino tinto D.O Valdepeñas Condado de Egara reserva tempranillo,Botella 750 ml,"2,00 € /ud.",37160," 2,667 €/L"
Bodega,Vino tinto,Vino tinto D.O La Mancha Fidencio crianza,Botella 750 ml,"1,65 € /ud.",37164," 2,20 €/L"
Bodega,Vino tinto,Vino tinto D.O Ribera del Duero Abadía Mantrús crianza,Botella 750 ml,"4,60 €4,50 € /ud.",37276," 6,00 €/L"
Bodega,Vino tinto,Vino tinto D.O Ribera del Duero Arribeño roble,Botella 750 ml,"3,80 €3,65 € /ud.",37262," 4,867 €/L"
Bodega,Vino tinto,Vino tinto D.O Ribera del Duero Arribeño roble,Benjamín 187 ml,"2,00 € /ud.",15526," 10,696 €/L"
Bodega,Vino tinto,Vino tinto D.O Campo de Borja Borsao barrica,Botella 750 ml,"2,25 € /ud.",67024," 3,00 €/L"
Bodega,Vino tinto,Vino tinto dulce de aguja Sangue di Giuda Cueva peccato,Botella 750 ml,"3,90 € /ud.",66673," 5,20 €/L"
Bodega,Vino tinto,Vino tinto tempranillo El Mandamás The Guv'Nor,Botella 750 ml,"2,85 € /ud.",37156," 3,80 €/L"
Bodega,Vino tinto,Vino tinto D.O Toro Conquero roble,Botella 750 ml,"2,90 € /ud.",37259," 3,867 €/L"
Bodega,Vino tinto,Vino tinto sin sulfitos añadidos Davida D.O. Navarra,Botella 750 ml,"3,90 € /ud.",37005," 5,20 €/L"
Bodega,Vino tinto,Vino tinto D.O Costers del Segre Raimat Abadía tempranillo,Botella 750 ml,"7,95 € /ud.",66540," 10,60 €/L"
Bodega,Vino tinto,Vino tinto D.O Montsant Racó del Convent,Botella 750 ml,"4,20 € /ud.",67936," 5,60 €/L"
Bodega,Vino tinto,Vino tinto Porto Tawny Almeida Dias,Botella 750 ml,"7,00 € /ud.",67901," 9,334 €/L"
Bodega,Vino tinto,Vino tinto Merlot Mar de Uvas,Botella 750 ml,"2,40 € /ud.",23677," 3,20 €/L"
Bodega,Vino tinto,Vino tinto Syrah Mar de Uvas,Botella 750 ml,"2,35 € /ud.",23676," 3,134 €/L"
Bodega,Vino tinto,Vino tinto D.O Toro Arribeño joven,Botella 750 ml,"2,00 € /ud.",37263," 2,667 €/L"
Bodega,Vino tinto,Vino tinto D.O Cariñena Sierra de Viento roble,Botella 750 ml,"1,65 € /ud.",67507," 2,20 €/L"
Bodega,Vino tinto,Vino tinto D.O Somontano Llanto de uva reserva,Botella 750 ml,"4,55 € /ud.",13866," 6,067 €/L"
Bodega,Vino tinto,Vino tinto Caperucita tinta Torre Oria suave,Botella 750 ml,"1,95 € /ud.",66349," 2,60 €/L"
Bodega,Vino tinto,Vino tinto D.O Priorat Arc de Pedra,Botella 750 ml,"8,50 € /ud.",22108," 11,334 €/L"
Bodega,Vino tinto,Vino tinto D.O Catalunya Vinya del Mar Azul,Botella 750 ml,"2,10 € /ud.",66524," 2,80 €/L"
Bodega,Vino tinto,Vino tinto Bobal Para Pecar,Botella 750 ml,"3,00 €2,90 € /ud.",70727," 3,867 €/L"
Bodega,Vino tinto,Vino tinto D.O Catalunya Bodegas Torres Sangre de Toro,Botella 750 ml,"4,90 €3,95 € /ud.",66510," 5,267 €/L"
"Cacao, café e infusiones",Cacao soluble y chocolate a la taza,Cacao soluble instantáneo Nesquik,Paquete 1 kg,"5,99 € /ud.",13204," 5,99 €/kg"
"Cacao, café e infusiones",Cacao soluble y chocolate a la taza,Cacao soluble instantáneo Nesquik,Bote 390 g,"3,29 € /ud.",13216," 8,436 €/kg"
"Cacao, café e infusiones",Cacao soluble y chocolate a la taza,Cacao soluble 0% azúcares añadidos ColaCao,Bote 325 g,"4,29 € /ud.",13006," 13,20 €/kg"
"Cacao, café e infusiones",Cacao soluble y chocolate a la taza,Cacao soluble ColaCao original,Bote 760 g,"6,49 € /ud.",13021," 8,54 €/kg"
"Cacao, café e infusiones",Cacao soluble y chocolate a la taza,Cacao soluble ColaCao original,Bote 383 g,"3,79 € /ud.",13019," 9,896 €/kg"
"Cacao, café e infusiones",Cacao soluble y chocolate a la taza,Cacao soluble instantáneo Hacendado,Paquete 1 kg,"3,90 € /ud.",13213," 3,90 €/kg"
"Cacao, café e infusiones",Cacao soluble y chocolate a la taza,Cacao soluble Hacendado,Bote 1 kg,"3,65 € /ud.",35513," 3,65 €/kg"
"Cacao, café e infusiones",Cacao soluble y chocolate a la taza,Cacao soluble Hacendado,Bote 480 g,"2,30 € /ud.",12519," 4,792 €/kg"
"Cacao, café e infusiones",Cacao soluble y chocolate a la taza,Cacao soluble ColaCao original,"Caja 2,5 kg","15,99 €14,99 € /ud.",86469," 5,996 €/kg"
"Cacao, café e infusiones",Cacao soluble y chocolate a la taza,Cacao soluble 0% azúcares añadidos Hacendado,Bote 450 g,"3,35 € /ud.",22849," 7,445 €/kg"
"Cacao, café e infusiones",Cacao soluble y chocolate a la taza,Cacao soluble instantáneo Nesquik,"Caja 2,7 kg","13,45 €11,99 € /ud.",67739," 4,441 €/kg"
"Cacao, café e infusiones",Cacao soluble y chocolate a la taza,Cacao soluble instantáneo Hacendado,Bote 500 g,"2,50 € /ud.",13212," 5,00 €/kg"
"Cacao, café e infusiones",Cacao soluble y chocolate a la taza,Cacao soluble en sobres Hacendado,Caja 6 sobres (108 g),"1,30 € /ud.",23231," 12,038 €/kg"
"Cacao, café e infusiones",Cacao soluble y chocolate a la taza,Cacao puro en polvo La Chocolatera,Bote 265 g,"2,90 € /ud.",22580," 10,944 €/kg"
"Cacao, café e infusiones",Cacao soluble y chocolate a la taza,Cacao en polvo a la taza Valor,Paquete 500 g,"3,25 € /ud.",12017," 6,50 €/kg"
"Cacao, café e infusiones",Cacao soluble y chocolate a la taza,Chocolate líquido a la taza Hacendado,Brick 1 L,"2,30 €2,20 € /ud.",10005," 2,20 €/L"
"Cacao, café e infusiones",Cacao soluble y chocolate a la taza,Cacao en polvo a la taza Hacendado,Paquete 400 g,"1,80 € /ud.",12585," 4,50 €/kg"
"Cacao, café e infusiones",Café cápsula y monodosis,Café en cápsula extra fuerte Hacendado,Caja 20 cápsulas (104 g),"3,60 €3,50 € /ud.",10350," 33,654 €/kg"
"Cacao, café e infusiones",Café cápsula y monodosis,Café en cápsula descafeinado Hacendado,Caja 20 cápsulas (104 g),"3,60 €3,50 € /ud.",10355," 33,654 €/kg"
"Cacao, café e infusiones",Café cápsula y monodosis,Café en cápsula Colombia Hacendado,Caja 20 cápsulas (104 g),"3,65 €3,55 € /ud.",10354," 34,135 €/kg"
"Cacao, café e infusiones",Café cápsula y monodosis,Café en cápsula espresso Hacendado,Caja 20 cápsulas (104 g),"3,60 €3,50 € /ud.",10352," 33,654 €/kg"
"Cacao, café e infusiones",Café cápsula y monodosis,Café en cápsula ristretto Hacendado,Caja 20 cápsulas (106 g),"3,60 €3,50 € /ud.",10351," 33,019 €/kg"
"Cacao, café e infusiones",Café cápsula y monodosis,Café en cápsula doble espresso Hacendado,Caja 20 cápsulas (110 g),"3,60 €3,50 € /ud.",10353," 31,819 €/kg"
"Cacao, café e infusiones",Café cápsula y monodosis,Café en cápsula descafeinado espresso Hacendado,Caja 20 cápsulas (104 g),"3,60 €3,50 € /ud.",13596," 33,654 €/kg"
"Cacao, café e infusiones",Café cápsula y monodosis,Café en cápsula espresso intenso Dolce Gusto,Caja 16 cápsulas (112 g),"4,25 € /ud.",11931," 37,947 €/kg"
"Cacao, café e infusiones",Café cápsula y monodosis,Café en cápsula extra forte Hacendado,Caja 16 cápsulas (112 g),"3,20 € /ud.",13636," 28,572 €/kg"
"Cacao, café e infusiones",Café cápsula y monodosis,Café en cápsula forte Hacendado,Caja 16 cápsulas (112 g),"3,20 € /ud.",13635," 28,572 €/kg"
"Cacao, café e infusiones",Café cápsula y monodosis,Café en cápsula classic Hacendado,Caja 16 cápsulas (112 g),"3,20 € /ud.",13634," 28,572 €/kg"
"Cacao, café e infusiones",Café cápsula y monodosis,Café en cápsula descafeinado espresso intenso Dolce Gusto,Caja 16 cápsulas (992 g),"4,25 € /ud.",11869," 37,947 €/kg"
"Cacao, café e infusiones",Café cápsula y monodosis,Café con leche en cápsula Dolce Gusto,Caja 16 cápsulas (160 g),"4,25 € /ud.",11801," 26,563 €/kg"
"Cacao, café e infusiones",Café cápsula y monodosis,Café con leche en cápsula Hacendado,Caja 16 cápsulas (152 g),"3,20 € /ud.",67658," 21,053 €/kg"
"Cacao, café e infusiones",Café cápsula y monodosis,Café en cápsula ristretto napoli Dolce Gusto,Caja 16 cápsulas (128 g),"4,25 € /ud.",11918," 33,204 €/kg"
"Cacao, café e infusiones",Café cápsula y monodosis,Café en cápsula cortado Dolce Gusto,"Caja 16 cápsulas (100,8 g)","4,25 € /ud.",11785," 42,50 €/kg"
"Cacao, café e infusiones",Café cápsula y monodosis,Café en cápsula descafeinado Hacendado,Caja 16 cápsulas (112 g),"3,20 € /ud.",23293," 28,572 €/kg"
"Cacao, café e infusiones",Café cápsula y monodosis,Café cortado en cápsula Hacendado,"Caja 16 cápsulas (92,8 g)","3,20 € /ud.",11065," 31,747 €/kg"
"Cacao, café e infusiones",Café cápsula y monodosis,Café en cápsula cappuccino Dolce Gusto,"Caja 8 cápsulas (186,4 g)","4,89 € /ud.",11899," 26,291 €/kg"
"Cacao, café e infusiones",Café cápsula y monodosis,Café con leche en cápsula descafeinado Hacendado,Caja 16 cápsulas (152 g),"3,20 € /ud.",23405," 21,053 €/kg"
"Cacao, café e infusiones",Café cápsula y monodosis,Cortado en cápsula descafeinado Hacendado,"Caja 16 cápsulas (91,2 g)","3,20 € /ud.",23404," 35,088 €/kg"
"Cacao, café e infusiones",Café cápsula y monodosis,Café en cápsula doble espresso Hacendado,Caja 16 cápsulas (128 g),"3,20 € /ud.",22801," 25,00 €/kg"
"Cacao, café e infusiones",Café cápsula y monodosis,Café en cápsula cappuccino Hacendado,"Caja 8 cápsulas (185,6 g)","3,20 € /ud.",52775," 17,298 €/kg"
"Cacao, café e infusiones",Café cápsula y monodosis,Café en cápsula espresso Tassimo,"Paquete 16 cápsulas (118,4 g)","5,30 € /ud.",11873," 44,764 €/kg"
"Cacao, café e infusiones",Café cápsula y monodosis,Café en cápsula largo Tassimo,"Paquete 16 cápsulas (132,8 g)","5,30 € /ud.",11872," 39,91 €/kg"
"Cacao, café e infusiones",Café cápsula y monodosis,Café en cápsula cortado Tassimo,Paquete 16 cápsulas (184 g),"5,30 € /ud.",11875," 28,805 €/kg"
"Cacao, café e infusiones",Café cápsula y monodosis,Café en cápsula descafeinado Tassimo,"Paquete 16 cápsulas (118,4 g)","5,30 € /ud.",11874," 44,764 €/kg"
"Cacao, café e infusiones",Café cápsula y monodosis,Café con leche en cápsula Tassimo,Paquete 16 cápsulas (184 g),"5,30 € /ud.",11871," 28,805 €/kg"
"Cacao, café e infusiones",Café cápsula y monodosis,Café monodosis natural Hacendado,Paquete 32 dosis (224 g),"2,15 € /ud.",11770," 9,599 €/kg"
"Cacao, café e infusiones",Café cápsula y monodosis,Café monodosis mezcla Hacendado,Paquete 32 dosis (224 g),"2,60 € /ud.",11730," 11,608 €/kg"
"Cacao, café e infusiones",Café cápsula y monodosis,Café monodosis intenso Hacendado,Paquete 32 dosis (224 g),"2,90 € /ud.",11732," 12,947 €/kg"
"Cacao, café e infusiones",Café cápsula y monodosis,Café monodosis descafeinado natural Hacendado,Paquete 32 dosis (224 g),"2,30 € /ud.",11777," 10,268 €/kg"
"Cacao, café e infusiones",Café molido y en grano,Café molido natural Hacendado,Paquete 500 g,"3,35 € /ud.",11178," 6,70 €/kg"
"Cacao, café e infusiones",Café molido y en grano,Café molido natural Hacendado,Paquete 250 g,"1,75 € /ud.",11172," 7,00 €/kg"
"Cacao, café e infusiones",Café molido y en grano,Café molido mezcla fuerte Hacendado,Paquete 500 g,"3,15 € /ud.",15922," 6,30 €/kg"
"Cacao, café e infusiones",Café molido y en grano,Café molido mezcla fuerte Hacendado,Paquete 250 g,"1,65 € /ud.",15923," 6,60 €/kg"
"Cacao, café e infusiones",Café molido y en grano,Café molido natural fuerte Hacendado,Paquete 500 g,"2,95 € /ud.",13700," 5,90 €/kg"
"Cacao, café e infusiones",Café molido y en grano,Café molido natural fuerte Hacendado,Paquete 250 g,"1,55 € /ud.",11171," 6,20 €/kg"
"Cacao, café e infusiones",Café molido y en grano,Café molido descafeinado natural Hacendado,Paquete 500 g,"3,30 € /ud.",13593," 6,60 €/kg"
"Cacao, café e infusiones",Café molido y en grano,Café molido descafeinado natural Hacendado,Paquete 250 g,"1,70 € /ud.",13592," 6,80 €/kg"
"Cacao, café e infusiones",Café molido y en grano,Café molido descafeinado mezcla Hacendado,Paquete 500 g,"3,30 € /ud.",11719," 6,60 €/kg"
"Cacao, café e infusiones",Café molido y en grano,Café molido descafeinado mezcla Hacendado,Paquete 250 g,"1,70 € /ud.",11711," 6,80 €/kg"
"Cacao, café e infusiones",Café molido y en grano,Café molido natural Hacendado Espresso,Paquete 250 g,"2,20 € /ud.",11714," 8,80 €/kg"
"Cacao, café e infusiones",Café molido y en grano,Café molido mezcla Hacendado Espresso,Paquete 250 g,"2,20 € /ud.",11752," 8,80 €/kg"
"Cacao, café e infusiones",Café molido y en grano,Café molido Colombia Hacendado,Paquete 250 g,"3,20 € /ud.",11715," 12,80 €/kg"
"Cacao, café e infusiones",Café molido y en grano,Café molido descafeinado Hacendado Espresso,Paquete 250 g,"2,55 € /ud.",11744," 10,20 €/kg"
"Cacao, café e infusiones",Café molido y en grano,Café molido natural Marcilla gran aroma,Caja 250 g,"3,45 € /ud.",11848," 13,80 €/kg"
"Cacao, café e infusiones",Café molido y en grano,Café molido mezcla Marcilla crème express,Caja 250 g,"4,00 € /ud.",11845," 16,00 €/kg"
"Cacao, café e infusiones",Café molido y en grano,Café molido mezcla Marcilla gran aroma,Caja 250 g,"3,45 € /ud.",11847," 13,80 €/kg"
"Cacao, café e infusiones",Café molido y en grano,Café en grano natural Hacendado,Paquete 1 kg,"7,70 € /ud.",13594," 7,70 €/kg"
"Cacao, café e infusiones",Café molido y en grano,Café en grano mezcla fuerte Hacendado,Paquete 1 kg,"7,55 € /ud.",11007," 7,55 €/kg"
"Cacao, café e infusiones",Café molido y en grano,Café en grano descafeinado natural Hacendado,Paquete 1 kg,"8,40 € /ud.",52491," 8,40 €/kg"
"Cacao, café e infusiones",Café molido y en grano,Café en grano extra fuerte Hacendado,Paquete 1 kg,"6,95 € /ud.",11077," 6,95 €/kg"
"Cacao, café e infusiones",Café soluble y otras bebidas,Café soluble Classic Hacendado,Bote 200 g,"2,70 € /ud.",22163," 13,50 €/kg"
Bodega,Cerveza,Cerveza Clásica Steinburg,12 latas x 330 ml,"3,72 € /pack",66462," 0,94 €/L"
Bodega,Cerveza,Cerveza Clásica Steinburg,Lata 330 ml,"0,31 € /ud.",66463," 0,94 €/L"
Bodega,Cerveza,Cerveza Heineken,12 latas x 330 ml,"8,28 € /pack",27338," 2,091 €/L"
Bodega,Cerveza,Cerveza Heineken,Lata 330 ml,"0,82 € /ud.",27100," 2,485 €/L"
Bodega,Cerveza,Cerveza doble malta Voll-Damm,6 latas x 330 ml,"5,58 € /pack",28057," 2,819 €/L"
Bodega,Cerveza,Cerveza doble malta Voll-Damm,Lata 330 ml,"0,99 € /ud.",27137," 3,00 €/L"
Bodega,Cerveza,Cerveza Suave Steinburg,12 latas x 330 ml,"3,48 € /pack",66485," 0,879 €/L"
Bodega,Cerveza,Cerveza Suave Steinburg,Lata 330 ml,"0,29 € /ud.",66486," 0,879 €/L"
Bodega,Cerveza,Cerveza especial San Miguel,12 latas x 330 ml,"6,48 € /pack",66026," 1,637 €/L"
Bodega,Cerveza,Cerveza especial San Miguel,Lata 330 ml,"0,72 € /ud.",27103," 2,182 €/L"
Bodega,Cerveza,Cerveza Especial Steinburg,12 latas x 330 ml,"4,44 € /pack",66764," 1,122 €/L"
Bodega,Cerveza,Cerveza Especial Steinburg,Lata 330 ml,"0,37 € /ud.",66765," 1,122 €/L"
Bodega,Cerveza,Cerveza Clásica Steinburg,12 latas x 330 ml,"3,72 € /pack",66462," 0,94 €/L"
Bodega,Cerveza,Cerveza Clásica Steinburg,Lata 330 ml,"0,31 € /ud.",66463," 0,94 €/L"
Bodega,Cerveza,Cerveza Heineken,12 latas x 330 ml,"8,28 € /pack",27338," 2,091 €/L"
Bodega,Cerveza,Cerveza Heineken,Lata 330 ml,"0,82 € /ud.",27100," 2,485 €/L"
Bodega,Cerveza,Cerveza doble malta Voll-Damm,6 latas x 330 ml,"5,58 € /pack",28057," 2,819 €/L"
Bodega,Cerveza,Cerveza doble malta Voll-Damm,Lata 330 ml,"0,99 € /ud.",27137," 3,00 €/L"
Bodega,Cerveza,Cerveza Suave Steinburg,12 latas x 330 ml,"3,48 € /pack",66485," 0,879 €/L"
Bodega,Cerveza,Cerveza Suave Steinburg,Lata 330 ml,"0,29 € /ud.",66486," 0,879 €/L"
Bodega,Cerveza,Cerveza especial San Miguel,12 latas x 330 ml,"6,48 € /pack",66026," 1,637 €/L"
Bodega,Cerveza,Cerveza especial San Miguel,Lata 330 ml,"0,72 € /ud.",27103," 2,182 €/L"
Bodega,Cerveza,Cerveza Especial Steinburg,12 latas x 330 ml,"4,44 € /pack",66764," 1,122 €/L"
Bodega,Cerveza,Cerveza Especial Steinburg,Lata 330 ml,"0,37 € /ud.",66765," 1,122 €/L"
Bodega,Cerveza,Cerveza Pils Krombacher,6 latas x 330 ml,"3,60 € /pack",66469," 1,819 €/L"
Bodega,Cerveza,Cerveza Pils Krombacher,Lata 330 ml,"0,60 € /ud.",66470," 1,819 €/L"
Bodega,Cerveza,Cerveza doble malta,6 latas x 330 ml,"3,30 €3,18 € /pack",66432," 1,607 €/L"
Bodega,Cerveza,Cerveza doble malta,Lata 330 ml,"0,53 € /ud.",66433," 1,607 €/L"
Bodega,Cerveza,Cerveza sin gluten Steinburg,12 latas x 330 ml,"7,92 € /pack",22385," 2,00 €/L"
Bodega,Cerveza,Cerveza sin gluten Steinburg,Lata 330 ml,"0,66 € /ud.",66793," 2,00 €/L"
Bodega,Cerveza,Cerveza Estrella Damm,12 latas x 330 ml,"9,96 € /pack",66015," 2,516 €/L"
Bodega,Cerveza,Cerveza Estrella Damm,Lata 330 ml,"0,85 € /ud.",27134," 2,576 €/L"
Bodega,Cerveza,Cerveza 100% malta Moritz 7,9 latas x 330 ml,"5,85 € /pack",23121," 1,97 €/L"
Bodega,Cerveza,Cerveza 100% malta Moritz 7,Lata 330 ml,"0,78 € /ud.",66342," 2,364 €/L"
Bodega,Cerveza,Cerveza Xibeca Damm,12 latas x 330 ml,"7,92 € /pack",27370," 2,00 €/L"
Bodega,Cerveza,Cerveza Xibeca Damm,Lata 330 ml,"0,69 € /ud.",27120," 2,091 €/L"
Bodega,Cerveza,Cerveza negra Victoria Marengo,6 latas x 330 ml,"5,40 € /pack",86233," 2,728 €/L"
Bodega,Cerveza,Cerveza negra Victoria Marengo,Lata 330 ml,"0,90 € /ud.",86234," 2,728 €/L"
Bodega,Cerveza,Cerveza Clásica Steinburg,6 botellas x 1 L,"6,30 € /pack",66994," 1,05 €/L"
Bodega,Cerveza,Cerveza Clásica Steinburg,Botella 1 L,"1,05 € /ud.",66482," 1,05 €/L"
Bodega,Cerveza,Cerveza Clásica Steinburg,6 botellas x 1 L,"5,70 € /pack",66465," 0,95 €/L"
Bodega,Cerveza,Cerveza Clásica Steinburg,Botella 1 L,"0,95 € /ud.",66466," 0,95 €/L"
Bodega,Cerveza,Cerveza Clásica Steinburg,12 botellines x 250 ml,"4,20 € /pack",22467," 1,40 €/L"
Bodega,Cerveza,Cerveza Clásica Steinburg,Botellín 250 ml,"0,35 € /ud.",22489," 1,40 €/L"
Bodega,Cerveza,Cerveza reserva 1925 Alhambra,6 botellines x 330 ml,"7,92 € /pack",27150," 4,00 €/L"
Bodega,Cerveza,Cerveza reserva 1925 Alhambra,Botellín 330 ml,"1,49 € /ud.",66518," 4,516 €/L"
Bodega,Cerveza,Cerveza suave Xibeca Damm,6 botellas x 1 L,"7,74 € /pack",60333," 1,29 €/L"
Bodega,Cerveza,Cerveza suave Xibeca Damm,Botella 1 L,"1,62 € /ud.",27144," 1,62 €/L"
Bodega,Cerveza,Cerveza Heineken,6 botellines x 250 ml,"3,72 € /pack",27114," 2,48 €/L"
Bodega,Cerveza,Cerveza Heineken,Botellín 250 ml,"0,70 € /ud.",70745," 2,80 €/L"
Bodega,Cerveza,Cerveza tostada Turia,12 botellines x 250 ml,"7,44 € /pack",67154," 2,48 €/L"
Bodega,Cerveza,Cerveza tostada Turia,Botellín 250 ml,"0,65 € /ud.",67031," 2,60 €/L"
Bodega,Cerveza,Cerveza El Águila sin filtrar,6 botellines x 330 ml,"5,94 €5,34 € /pack",13895," 2,697 €/L"
Bodega,Cerveza,Cerveza El Águila sin filtrar,Botellín 330 ml,"0,99 € /ud.",27456," 3,00 €/L"
Bodega,Cerveza,Cerveza Estrella Damm,12 botellines x 250 ml,"7,92 €6,84 € /pack",66016," 2,28 €/L"
Bodega,Cerveza,Cerveza Estrella Damm,Botellín 250 ml,"0,67 € /ud.",79318," 2,68 €/L"
Bodega,Cerveza,Cerveza Pilsen Cruzcampo,12 botellines x 250 ml,"5,88 €5,04 € /pack",29368," 1,68 €/L"
Bodega,Cerveza,Cerveza Pilsen Cruzcampo,Botellín 250 ml,"0,51 € /ud.",29411," 2,04 €/L"
Bodega,Cerveza,Cerveza especial Estrella Galicia,12 botellines x 250 ml,"7,80 €6,96 € /pack",66587," 2,32 €/L"
Bodega,Cerveza,Cerveza especial Estrella Galicia,Botellín 250 ml,"0,66 € /ud.",15936," 2,64 €/L"
Bodega,Cerveza,Cerveza extra 1906 reserva especial,6 botellines x 330 ml,"7,26 € /pack",66009," 3,667 €/L"
Bodega,Cerveza,Cerveza extra 1906 reserva especial,Botellín 330 ml,"1,22 € /ud.",67092," 3,697 €/L"
Carne,Arreglos,"Arreglo para puchero vacuno, cerdo y pollo",Bandeja 1 kg aprox.,"5,40 € /ud.",3497," 5,40 €/kg"
Carne,Arreglos,Pelota de cerdo y vacuno,Bandeja 2 ud. (280 g aprox.),"2,70 € /ud.",35862," 9,64 €/kg"
Carne,Arreglos,Mini pelotas de cerdo y vacuno,Bandeja 330 g aprox.,"3,80 € /ud.",35863," 11,50 €/kg"
Carne,Arreglos,Hueso garrón Incarlopsa,290 g aprox.,"1,16 € /pack",58307," 4,00 €/kg"
Carne,Arreglos,Hueso vacuno,Bandeja 250 g aprox.,"1,05 € /ud.",3496," 4,20 €/kg"
Carne,Arreglos,Trozo de vacuno para cocido,Bandeja 300 g aprox.,"3,84 € /ud.",2692," 12,79 €/kg"
Carne,Arreglos,Compango asturiano,Paquete 250 g,"2,65 € /ud.",53011," 10,60 €/kg"
Carne,Arreglos,Espinazo de cerdo,Bandeja 180 g aprox.,"0,77 € /ud.",2689," 4,30 €/kg"
Carne,Arreglos,Manos de cerdo,Bandeja 500 g aprox.,"3,10 € /ud.",2851," 6,20 €/kg"
Carne,Arreglos,Costilla de vacuno,Bandeja 250 g aprox.,"2,88 € /ud.",3499," 11,50 €/kg"
Carne,Arreglos,Tocino de cerdo,Paquete 190 g aprox.,"0,86 € /ud.",35805," 4,50 €/kg"
Carne,Arreglos,Chorizo asturiano,Paquete 250 g,"2,78 € /ud.",59154," 11,12 €/kg"
Carne,Arreglos,Hueso blanco de cerdo salado,Bandeja 350 g aprox.,"1,49 € /ud.",1892," 4,25 €/kg"
Carne,Arreglos,Preparado de cerdo salado,Bandeja 500 g aprox.,"2,35 € /ud.",1423," 4,70 €/kg"
Carne,Arreglos,Arreglo para escudella,Bandeja 1 kg aprox.,"6,25 € /ud.",3739," 6,25 €/kg"
Carne,Arreglos,Media gallina,Bandeja 450 g aprox.,"2,21 € /ud.",3795," 4,90 €/kg"
Carne,Aves y pollo,Filetes pechuga de pavo,Bandeja 600 g aprox.,"4,92 € /ud.",2794," 8,20 €/kg"
Carne,Aves y pollo,Filetes pechuga de pavo Procavi corte fino,Bandeja 570 g aprox.,"5,53 € /ud.",4524," 9,70 €/kg"
Carne,Aves y pollo,Chuletas de pavo contramuslo,Bandeja 760 g aprox.,"5,40 € /ud.",4523," 7,10 €/kg"
Carne,Aves y pollo,Tacos de pavo,Bandeja 600 g aprox.,"4,44 € /ud.",2792," 7,40 €/kg"
Carne,Aves y pollo,Solomillo de pavo,Bandeja 600 g aprox.,"4,74 € /ud.",25926," 7,90 €/kg"
Carne,Aves y pollo,Chuletas de pavo al ajillo,Bandeja 600 g aprox.,"4,14 € /ud.",2837," 6,90 €/kg"
Carne,Aves y pollo,Brochetas de pavo,Bandeja 500 g aprox.,"4,35 € /ud.",4156," 8,70 €/kg"
Carne,Aves y pollo,Pechugas de pavo pimentón,Bandeja 580 g aprox.,"4,92 € /ud.",2836," 8,49 €/kg"
Carne,Aves y pollo,Tacos de pavo al ajillo,Bandeja 600 g aprox.,"3,81 € /ud.",3443," 6,35 €/kg"
Carne,Aves y pollo,Filetes de pavo contramuslo Procavi,Bandeja 500 g aprox.,"3,95 € /ud.",4109," 7,90 €/kg"
Carne,Aves y pollo,Codornices abiertas,Bandeja 300 g aprox.,"3,87 € /ud.",3508," 12,90 €/kg"
Carne,Aves y pollo,Foie gras de pato fresco Martiko,Paquete 135 g,"9,45 € /ud.",35396," 70,00 €/kg"
Carne,Aves y pollo,Codornices,Bandeja 350 g aprox.,"4,16 € /ud.",2796," 11,90 €/kg"
Carne,Aves y pollo,Magret de pato,Pieza 380 g aprox.,"9,12 € /ud.",25629," 24,00 €/kg"
Carne,Aves y pollo,Medallones solomillo de pavo,Bandeja 300 g aprox.,"3,39 € /ud.",4384," 11,30 €/kg"
Carne,Aves y pollo,Filetes pechuga de pollo corte fino,Bandeja 500 g aprox.,"4,28 € /ud.",3400," 8,55 €/kg"
Carne,Aves y pollo,Filetes pechuga de pollo,Bandeja 650 g aprox.,"4,81 € /ud.",2787," 7,40 €/kg"
Carne,Aves y pollo,Contramuslos de pollo deshuesados y sin piel,Bandeja 550 g aprox.,"3,96 € /ud.",2789," 7,20 €/kg"
Carne,Aves y pollo,Solomillos de pollo,Bandeja 500 g aprox.,"4,13 € /ud.",2786," 8,25 €/kg"
Carne,Aves y pollo,Pechugas enteras de pollo,"Bandeja 1,2 kg aprox.","6,95 € /ud.",3682," 5,79 €/kg"
Carne,Aves y pollo,Cuartos traseros familiar de pollo,"Bandeja 1,6 kg aprox.","4,88 € /ud.",3680," 3,05 €/kg"
Carne,Aves y pollo,Cuartos traseros de pollo,Bandeja 800 g aprox.,"2,72 € /ud.",3727," 3,40 €/kg"
Carne,Aves y pollo,Muslos de pollo deshuesados con piel,Bandeja 500 g aprox.,"2,88 € /ud.",2788," 5,75 €/kg"
Carne,Aves y pollo,Pechugas enteras de pollo,Bandeja 500 g aprox.,"3,48 € /ud.",3724," 6,95 €/kg"
Carne,Aves y pollo,Medio pollo troceado,Bandeja 900 g aprox.,"3,60 € /ud.",2779," 4,00 €/kg"
Carne,Aves y pollo,Brochetas de pollo,Bandeja 370 g aprox.,"3,20 € /ud.",35902," 8,66 €/kg"
Carne,Aves y pollo,Jamoncitos de pollo,Bandeja 920 g aprox.,"3,59 € /ud.",2778," 3,90 €/kg"
Carne,Aves y pollo,Alas partidas de pollo,Bandeja 600 g aprox.,"3,23 € /ud.",2785," 5,39 €/kg"
Carne,Aves y pollo,Carcasa y espinazo de pollo,Bandeja 1 kg aprox.,"1,50 € /ud.",2853," 1,50 €/kg"
Carne,Aves y pollo,Pechugas de pollo marinadas empanadas sin gluten,Bandeja 360 g aprox.,"2,83 € /ud.",21227," 7,87 €/kg"
Carne,Aves y pollo,Filetes pechuga de pollo certificado alimentado con un 50% de maíz,Bandeja 500 g aprox.,"4,59 € /ud.",2791," 9,17 €/kg"
Carne,Aves y pollo,Flautas de pollo y queso,Bandeja 280 g,"2,00 € /ud.",2137," 7,327 €/kg"
Carne,Aves y pollo,Pechugas de pollo finas hierbas marinadas,Bandeja 650 g aprox.,"4,81 € /ud.",2833," 7,40 €/kg"
Carne,Aves y pollo,Pollo entero,"Bandeja 1,9 kg aprox.","6,17 € /ud.",2781," 3,25 €/kg"
Carne,Aves y pollo,Hígados y corazones de pollo,Tarrina 450 g aprox.,"1,73 € /ud.",2857," 3,85 €/kg"
Carne,Aves y pollo,Cuartos traseros de pollo certificado alimentado con un 50% de maíz,Bandeja 900 g aprox.,"4,41 € /ud.",2783," 4,90 €/kg"
Carne,Aves y pollo,Medallones pechuga de pollo marinado,Bandeja 650 g aprox.,"4,52 € /ud.",2831," 6,95 €/kg"
Carne,Aves y pollo,Contramuslos de pollo sin piel,Bandeja 900 g aprox.,"4,01 € /ud.",2777," 4,45 €/kg"
Carne,Aves y pollo,Alas de pollo adobadas,Bandeja 680 g aprox.,"3,20 € /ud.",2832," 4,70 €/kg"
Carne,Aves y pollo,Fajitas pollo y verduras,Bandeja 400 g,"3,99 €3,85 € /ud.",4284," 9,625 €/kg"
Carne,Aves y pollo,Alas de pollo,Bandeja 980 g aprox.,"4,36 € /ud.",2784," 4,45 €/kg"
Carne,Aves y pollo,Contramuslos de pollo marinados con piel,Bandeja 600 g aprox.,"4,35 € /ud.",2970," 7,25 €/kg"
Carne,Aves y pollo,Carcasa de pollo certificado alimentado con un 50% de maíz,Bandeja 750 g aprox.,"2,33 € /ud.",2855," 3,10 €/kg"
Carne,Aves y pollo,Jamoncitos de pollo certificado alimentado con un 50% de maíz,Bandeja 850 g aprox.,"5,29 € /ud.",25461," 6,22 €/kg"
Carne,Aves y pollo,Pollo certificado entero alimentado con un 50% de maíz,"Bandeja 1,8 kg aprox.","8,14 € /ud.",2782," 4,52 €/kg"
Carne,Aves y pollo,Medio pollo certificado troceado alimentado con un 50% de maíz,Bandeja 950 g aprox.,"5,41 € /ud.",10000," 5,70 €/kg"
Carne,Aves y pollo,Pechugas enteras de pollo certificado alimentado con un 50% de maíz,Bandeja 550 g aprox.,"4,87 € /ud.",25460," 8,86 €/kg"
Carne,Aves y pollo,Alas partidas de pollo certificado alimentado con un 50% de maíz,Bandeja 590 g aprox.,"4,35 € /ud.",3791," 7,37 €/kg"
Carne,Aves y pollo,Mollejas de pollo,Tarrina 300 g aprox.,"1,57 € /ud.",2856," 5,25 €/kg"
Carne,Aves y pollo,Patas de pollo,Bandeja 450 g aprox.,"1,82 € /ud.",25243," 4,05 €/kg"
Carne,Aves y pollo,Picantones de pollo,Bandeja 800 g aprox.,"7,36 € /ud.",2795," 9,20 €/kg"
Carne,Aves y pollo,Contramuslos deshuesados y sin piel de pollo certificado alimentado con un 50% de maíz,Bandeja 550 g aprox.,"4,58 € /ud.",25258," 8,32 €/kg"
Carne,Aves y pollo,Muslos deshuesados con piel de pollo certificado alimentado con un 50% de maíz,Bandeja 600 g aprox.,"4,98 € /ud.",25208," 8,30 €/kg"
Carne,Aves y pollo,Filetes pechuga de pollo extra tiernos,Bandeja 560 g aprox.,"4,46 € /ud.",3653," 7,96 €/kg"
Carne,Aves y pollo,Pinchos de pollo adobados,Bandeja 500 g aprox.,"3,98 € /ud.",3456," 7,95 €/kg"
Carne,Aves y pollo,Solomillos de pollo certificado alimentado con un 50% de maíz,Bandeja 500 g aprox.,"5,53 € /ud.",2830," 11,05 €/kg"
Carne,Aves y pollo,Pechugas de pollo rellenas de jamón y queso empanadas sin gluten,Bandeja 450 g aprox.,"4,55 € /ud.",21257," 10,10 €/kg"
Carne,Aves y pollo,Lagrimitas de pollo al limón empanadas sin gluten,Bandeja 340 g aprox.,"2,92 € /ud.",21235," 8,60 €/kg"
Carne,Aves y pollo,Solomillos de pollo marinados empanados sin gluten,Bandeja 465 g aprox.,"4,16 € /ud.",52514," 8,95 €/kg"
Carne,Aves y pollo,Cuellos de pollo,Bandeja 638 g aprox.,"1,60 € /ud.",60601," 2,50 €/kg"
Carne,Carne congelada,Jamoncitos de pollo congelados,Paquete 1 kg,"3,10 € /ud.",25183," 3,10 €/kg"
Carne,Carne congelada,Alas de pollo congeladas,Paquete 1 kg,"3,40 € /ud.",25184," 3,40 €/kg"
Carne,Carne congelada,Medallones preparado de solomillo cerdo congelados marinados,Paquete 300 g aprox.,"3,11 € /ud.",4176," 10,36 €/kg"
Carne,Carne congelada,Solomillo de pavo marinado congelado,Paquete 350 g aprox.,"2,76 € /ud.",25353," 7,90 €/kg"
Carne,Carne congelada,Cuartos traseros de pollo congelados,Paquete 2 kg,"5,80 € /ud.",25182," 2,90 €/kg"
Carne,Carne congelada,Solomillo de cerdo marinado congelado,Paquete 800 g aprox.,"6,24 € /ud.",2228," 7,80 €/kg"
Carne,Carne congelada,Chuletas de cordero palo o riñonada congeladas,Paquete 600 g aprox.,"11,37 € /ud.",5186," 18,95 €/kg"
Carne,Carne congelada,Paletilla de cordero entera congelada,"Pieza 1,2 kg aprox.","17,40 € /ud.",4022," 14,50 €/kg"
Carne,Carne congelada,Chuletas de cabrito congeladas,Paquete 430 g aprox.,"11,14 € /ud.",5034," 25,90 €/kg"
Carne,Carne congelada,Pierna de cabrito congelada,Pieza 530 g aprox.,"8,48 € /ud.",4599," 16,00 €/kg"
Carne,Carne congelada,Carrillada de cerdo congelada,Paquete 460 g aprox.,"5,75 € /ud.",4425," 12,50 €/kg"
Carne,Carne congelada,Pechugas de pollo enteras congeladas,Paquete 1 kg aprox.,"5,65 € /ud.",30006," 5,65 €/kg"
Carne,Carne congelada,Alas de pollo barbacoa congeladas,Paquete 750 g,"3,68 € /ud.",52426," 4,907 €/kg"
Carne,Cerdo,Costillas de cerdo carnosas a tacos,Bandeja 530 g aprox.,"4,08 € /ud.",2811," 7,69 €/kg"
Carne,Cerdo,Filetes lomo de cerdo,Bandeja 400 g aprox.,"2,84 € /ud.",2714," 7,09 €/kg"
Carne,Cerdo,Filetes lomo de cerdo familiar,Bandeja 900 g aprox.,"6,29 € /ud.",3395," 6,99 €/kg"
Carne,Cerdo,Carrillada de cerdo,Bandeja 500 g aprox.,"6,55 € /ud.",2810," 13,10 €/kg"
Carne,Cerdo,Costilla de cerdo ibérico adobada,Bandeja 600 g aprox.,"4,11 € /ud.",1564," 6,85 €/kg"
Carne,Cerdo,Chuletas de cerdo sajonia,Bandeja 290 g aprox.,"2,77 € /ud.",23305," 9,55 €/kg"
Carne,Cerdo,Costilla de cerdo churrasco,Pieza 900 g aprox.,"5,40 € /ud.",35286," 6,00 €/kg"
Carne,Cerdo,Panceta,Bandeja 500 g aprox.,"3,45 € /ud.",2815," 6,90 €/kg"
Carne,Cerdo,Manos de cerdo,Bandeja 500 g aprox.,"3,10 € /ud.",2851," 6,20 €/kg"
Carne,Cerdo,Cerdo a tacos,Bandeja 560 g aprox.,"3,22 € /ud.",2813," 5,75 €/kg"
Carne,Cerdo,Lomo de cerdo adobado,Bandeja 470 g aprox.,"3,38 € /ud.",2715," 7,20 €/kg"
Carne,Cerdo,Lomo de cerdo adobado familiar,Bandeja 900 g aprox.,"6,08 € /ud.",5046," 6,75 €/kg"
Carne,Cerdo,San Jacobos de cerdo sin gluten,Bandeja 400 g aprox.,"2,52 € /ud.",52957," 6,30 €/kg"
Carne,Cerdo,Filetes lomo de cerdo cabeza,Bandeja 550 g aprox.,"3,69 € /ud.",2817," 6,70 €/kg"
Carne,Cerdo,Flautas de bacón y queso,Bandeja 280 g,"2,00 € /ud.",2169," 7,247 €/kg"
Carne,Cerdo,Secreto de cerdo,Bandeja 400 g aprox.,"2,56 € /ud.",2685," 6,39 €/kg"
Carne,Cerdo,Media careta de cerdo sin oreja,Bandeja 420 g aprox.,"2,34 € /ud.",2812," 5,56 €/kg"
Carne,Cerdo,Manteca de cerdo Mont-Palau para cocinar,Tarrina 400 g,"2,30 € /ud.",53130," 5,75 €/kg"
Carne,Cerdo,Fiambre de magro de cerdo adobado,Paquete 370 g,"2,68 € /ud.",23308," 7,244 €/kg"
Carne,Cerdo,Filetes hígado de cerdo,Bandeja 450 g aprox.,"2,41 € /ud.",2859," 5,35 €/kg"
Carne,Cerdo,Filetes lomo al ajillo,Bandeja 500 g aprox.,"3,88 € /ud.",3440," 7,75 €/kg"
Carne,Cerdo,Lomo de cerdo grueso,Bandeja 300 g aprox.,"2,19 € /ud.",3553," 7,29 €/kg"
Carne,Cerdo,Presa de cerdo ibérico,Bandeja 240 g aprox.,"6,82 € /ud.",4915," 28,40 €/kg"
Carne,Cerdo,Lomo de cerdo ibérico adobado,Paquete 220 g aprox.,"4,82 € /ud.",1886," 21,90 €/kg"
Carne,Cerdo,Secreto de cerdo ibérico,Bandeja 250 g aprox.,"5,93 € /ud.",4919," 23,70 €/kg"
Carne,Cerdo,Sesos de cerdo,Bandeja 130 g,"2,95 € /ud.",2858," 22,693 €/kg"
Carne,Cerdo,Medallones preparado de solomillo cerdo provenzal,Bandeja 400 g aprox.,"4,14 € /ud.",4152," 10,35 €/kg"
Carne,Cerdo,Pinchos de cerdo sin varilla,Bandeja 510 g aprox.,"4,18 € /ud.",2839," 8,20 €/kg"
Carne,Cerdo,Chuletas lomo de cerdo,Bandeja 480 g aprox.,"3,10 € /ud.",4901," 6,45 €/kg"
Carne,Cerdo,Chuletas aguja de cerdo,Bandeja 650 g aprox.,"3,97 € /ud.",4900," 6,10 €/kg"
Carne,Cerdo,Lomo de cerdo ibérico,Bandeja 285 g aprox.,"6,26 € /ud.",4918," 21,95 €/kg"
Carne,Cerdo,Solomillo de cerdo,Paquete 500 g aprox.,"4,10 € /ud.",4570," 8,20 €/kg"
Carne,Cerdo,Fiambre lomo de cerdo adobado,Bandeja 370 g,"3,50 € /ud.",23309," 9,46 €/kg"
Carne,Cerdo,Oreja de cerdo,Bandeja 520 g aprox.,"3,63 € /ud.",2570," 6,99 €/kg"
Carne,Cerdo,Riñones de cerdo,Bandeja 600 g aprox.,"3,39 € /ud.",3448," 5,65 €/kg"
Carne,Cerdo,Carrillada de cerdo con hueso,Bandeja 700 g aprox.,"6,37 € /ud.",3548," 9,10 €/kg"
Carne,Cerdo,Codillo de cerdo,Pieza 950 g aprox.,"3,99 € /ud.",52784," 4,20 €/kg"
Carne,Cerdo,Filetes lomo de cerdo extra tiernos,Bandeja 460 g aprox.,"3,49 € /ud.",2849," 7,58 €/kg"
Carne,Cerdo,Libritos de cerdo rellenos de pimiento verde y jamón curado empanados sin gluten,Bandeja 380 g aprox.,"3,84 € /ud.",21272," 10,10 €/kg"
Carne,Cerdo,Lomo de cerdo trozo,Pieza 800 g aprox.,"4,23 € /ud.",4590," 5,29 €/kg"
Carne,Cerdo,Pieza magro cabeza de cerdo,"Pieza 1,2 kg aprox.","6,47 € /ud.",3554," 5,39 €/kg"
Carne,Cerdo,Solomillo de cerdo ibérico,Paquete 440 g aprox.,"8,32 € /ud.",67599," 18,90 €/kg"
Carne,Cerdo,Lomo de cerdo marinado empanado,Bandeja 400 g aprox.,"3,30 € /ud.",52718," 8,25 €/kg"
Carne,Conejo y cordero,Medio conejo troceado,Bandeja 600 g aprox.,"5,31 € /ud.",25972," 8,85 €/kg"
Carne,Conejo y cordero,Conejo entero,"Pieza 1,3 kg aprox.","10,21 € /ud.",2797," 7,85 €/kg"
Carne,Conejo y cordero,Paletillas de conejo,Bandeja 400 g aprox.,"6,78 € /ud.",25191," 16,95 €/kg"
Carne,Conejo y cordero,Muslos de conejo,Bandeja 400 g aprox.,"4,78 € /ud.",25192," 11,95 €/kg"
Carne,Conejo y cordero,Lomos de conejo,Bandeja 400 g aprox.,"5,30 € /ud.",25193," 13,25 €/kg"
Carne,Conejo y cordero,Costillas de conejo partidas,Bandeja 400 g aprox.,"3,38 € /ud.",5070," 8,45 €/kg"
Carne,Conejo y cordero,Chuletas de cordero palo y riñonada,Bandeja 760 g aprox.,"19,38 € /ud.",4363," 25,50 €/kg"
Carne,Conejo y cordero,Chuletas de cordero mixtas,Bandeja 850 g aprox.,"17,00 € /ud.",4366," 20,00 €/kg"
Carne,Conejo y cordero,Chuletas de cordero pierna,Bandeja 800 g aprox.,"15,20 € /ud.",4364," 19,00 €/kg"
Carne,Conejo y cordero,Chuletas de cordero paletilla,Bandeja 540 g aprox.,"11,07 € /ud.",4362," 20,50 €/kg"
Carne,Conejo y cordero,Garretas brazuelo de cordero,Bandeja 460 g aprox.,"5,98 € /ud.",4361," 13,00 €/kg"
Carne,Conejo y cordero,Cuello de cordero,Bandeja 410 g aprox.,"5,33 € /ud.",4360," 13,00 €/kg"
Carne,Conejo y cordero,Churrasco de cordero,Bandeja 500 g aprox.,"6,50 € /ud.",4282," 13,00 €/kg"
Carne,Conejo y cordero,Chuleta de cordero Tomahawk,Paquete 300 g aprox.,"8,40 € /ud.",52479," 28,00 €/kg"
Carne,Conejo y cordero,Escalopín picaña de cordero,Paquete 290 g aprox.,"8,12 € /ud.",52480," 28,00 €/kg"
Carne,Embutido,Longaniza magro fresca,Bandeja 535 g aprox.,"3,37 € /ud.",6040," 6,30 €/kg"
Carne,Embutido,Longaniza fresca sin tripa,Bandeja 560 g,"3,30 € /ud.",6043," 5,893 €/kg"
Carne,Embutido,Longaniza fresca de pollo,Bandeja 550 g aprox.,"4,13 € /ud.",6041," 7,50 €/kg"
Carne,Embutido,Morcilla de cebolla oreada,Bandeja 280 g aprox.,"1,90 € /ud.",35049," 6,80 €/kg"
Carne,Embutido,Morcilla de cebolla,Bandeja 600 g aprox.,"3,60 € /ud.",4117," 6,00 €/kg"
Carne,Embutido,Chorizo oreado,Bandeja 360 g aprox.,"2,57 € /ud.",6048," 7,15 €/kg"
Carne,Embutido,Chistorra,Paquete 220 g,"1,55 € /ud.",2864," 7,046 €/kg"
Carne,Embutido,Longaniza roja fresca rosca,Bandeja 400 g aprox.,"3,00 € /ud.",4114," 7,50 €/kg"
Carne,Embutido,Longaniza fresca estilo criollo,Bandeja 380 g aprox.,"2,96 € /ud.",6045," 7,80 €/kg"
Carne,Embutido,Butifarra fresca,Bandeja 640 g aprox.,"3,68 € /ud.",6044," 5,75 €/kg"
Carne,Embutido,Butifarra fresca de pagés con pimienta,Bandeja 650 g aprox.,"4,29 € /ud.",4416," 6,60 €/kg"
Carne,Embutido,Embutido surtido barbacoa,Bandeja 500 g aprox.,"3,70 € /ud.",5158," 7,40 €/kg"
Carne,Embutido,Morcilla de arroz y cebolla,Paquete 300 g aprox.,"1,63 € /ud.",2876," 5,45 €/kg"
Carne,Embutido,Chorizo aperitivo,Bandeja 300 g aprox.,"2,59 € /ud.",6046," 8,65 €/kg"
Carne,Embutido,Chorizo picante aperitivo,Bandeja 375 g aprox.,"3,24 € /ud.",6047," 8,65 €/kg"
Carne,Hamburguesas y picadas,Burger de cerdo,Bandeja 6 ud. (540 g),"3,00 € /ud.",52672," 5,556 €/kg"
Carne,Hamburguesas y picadas,Burger de vacuno y cerdo,Bandeja 6 ud. (540 g),"3,78 € /ud.",2872," 7,00 €/kg"
Carne,Hamburguesas y picadas,Burger de vacuno,Bandeja 6 ud. (540 g),"4,40 € /ud.",2873," 8,149 €/kg"
Carne,Hamburguesas y picadas,Burger de pollo,Bandeja 6 ud. (540 g),"3,99 € /ud.",2622," 7,389 €/kg"
Carne,Hamburguesas y picadas,Burger de vacuno gruesas,Bandeja 2 ud. (360 g),"3,78 € /ud.",3547," 10,50 €/kg"
Carne,Hamburguesas y picadas,Burger de vacuno y cerdo con jamón y cebolla caramelizada,Bandeja 2 ud. (240 g),"2,50 € /ud.",4155," 10,417 €/kg"
Carne,Hamburguesas y picadas,Burger de pavo y espinacas,Bandeja 2 ud. (240 g),"2,37 € /ud.",3976," 9,875 €/kg"
Carne,Hamburguesas y picadas,Burger de pavo y pollo,Bandeja 6 ud. (540 g),"4,11 € /ud.",3561," 7,612 €/kg"
Carne,Hamburguesas y picadas,Mini burgers de pollo,Bandeja 8 ud. (280 g),"2,70 € /ud.",10467," 9,643 €/kg"
Carne,Hamburguesas y picadas,Mini burgers de vacuno y cerdo,Bandeja 8 ud. (280 g),"2,59 € /ud.",10453," 9,25 €/kg"
Carne,Hamburguesas y picadas,Burger de vacuno y cerdo gruesas,Bandeja 2 ud. (360 g),"3,15 € /ud.",3979," 8,75 €/kg"
Carne,Hamburguesas y picadas,Burger de pollo certificado gruesas alimentado con un 50% de maíz,Bandeja 2 ud. (360 g),"3,52 € /ud.",5147," 9,778 €/kg"
Carne,Hamburguesas y picadas,Burger de cerdo ibérico gruesas,Bandeja 2 ud. (360 g),"3,14 € /ud.",5139," 8,723 €/kg"
Carne,Hamburguesas y picadas,Burger de vacuno y cerdo con ajo y perejil,Bandeja 2 ud. (240 g),"2,34 € /ud.",3978," 9,75 €/kg"
Carne,Hamburguesas y picadas,Burger de pollo y zanahoria,Bandeja 2 ud. (240 g),"2,31 € /ud.",8122," 9,625 €/kg"
Carne,Hamburguesas y picadas,Burger de vacuno angus gruesa,Bandeja 2 ud. (360 g),"4,81 € /ud.",4110," 13,362 €/kg"
Carne,Hamburguesas y picadas,Burger Crunchy Chicken,Bandeja 2 ud. (240 g),"2,15 € /ud.",4079," 8,959 €/kg"
Carne,Hamburguesas y picadas,Hamburguesa de lomo de vacuno,Paquete 2 ud. (240 g),"3,70 € /ud.",35884," 15,417 €/kg"
Carne,Hamburguesas y picadas,Preparado de carne picada vacuno y cerdo,Bandeja 500 g,"3,60 € /ud.",2869," 7,20 €/kg"
Carne,Hamburguesas y picadas,Preparado de carne picada vacuno y cerdo,Bandeja 1 kg,"6,50 € /ud.",3453," 6,50 €/kg"
Carne,Hamburguesas y picadas,Preparado de carne picada cerdo,Bandeja 500 g,"2,95 € /ud.",2867," 5,90 €/kg"
Carne,Hamburguesas y picadas,Preparado de carne picada cerdo,Bandeja 1 kg,"5,60 € /ud.",3451," 5,60 €/kg"
Carne,Hamburguesas y picadas,Preparado de carne picada vacuno,Bandeja 500 g,"3,95 € /ud.",2868," 7,90 €/kg"
Carne,Hamburguesas y picadas,Preparado de carne picada vacuno,Bandeja 1 kg,"7,30 € /ud.",3454," 7,30 €/kg"
Carne,Hamburguesas y picadas,Preparado de carne picada pollo y pavo,Bandeja 500 g,"3,70 € /ud.",2870," 7,40 €/kg"
Carne,Hamburguesas y picadas,Preparado de carne picada pollo y pavo,Bandeja 1 kg,"7,00 € /ud.",3452," 7,00 €/kg"
Carne,Hamburguesas y picadas,Albóndigas de cerdo,Bandeja 24 ud. (840 g),"4,55 € /ud.",2871," 5,417 €/kg"
Carne,Hamburguesas y picadas,Albóndigas de pollo,Bandeja 840 g,"6,20 € /ud.",23632," 7,381 €/kg"
Carne,Vacuno,Filetes de vacuno 1º B añojo para plancha o guisar,Bandeja 500 g aprox.,"6,65 € /ud.",2712," 13,30 €/kg"
Carne,Vacuno,Tacos de vacuno añojo para guisar,Bandeja 600 g aprox.,"7,38 € /ud.",2807," 12,30 €/kg"
Carne,Vacuno,Lomo de vacuno añojo para plancha,Bandeja 500 g aprox.,"9,10 € /ud.",2800," 18,20 €/kg"
Carne,Vacuno,Filetes de vacuno al ajillo,Bandeja 450 g aprox.,"7,11 € /ud.",2834," 15,79 €/kg"
Carne,Vacuno,Solomillo de vacuno añojo para plancha,Bandeja 300 g aprox.,"11,07 € /ud.",2804," 36,90 €/kg"
Carne,Vacuno,Carpaccio de vacuno,Bandeja 110 g,"3,75 € /ud.",2632," 34,091 €/kg"
Carne,Vacuno,Filetes de vacuno añojo para plancha,Bandeja 500 g aprox.,"7,50 € /ud.",2900," 14,99 €/kg"
Carne,Vacuno,Entrecot de vacuno añojo fino para barbacoa o plancha,Bandeja 500 g aprox.,"10,95 € /ud.",3461," 21,90 €/kg"
Carne,Vacuno,Entrecot de vacuno añojo grueso para barbacoa o plancha,Bandeja 380 g aprox.,"8,32 € /ud.",3460," 21,90 €/kg"
Carne,Vacuno,Churrasco de vacuno añojo para barbacoa o plancha,Bandeja 500 g aprox.,"5,95 € /ud.",3737," 11,90 €/kg"
Carne,Vacuno,Filetes hígado de vacuno añojo,Bandeja 600 g aprox.,"5,52 € /ud.",2861," 9,20 €/kg"
Carne,Vacuno,Filetes de vacuno añojo para empanar,Bandeja 500 g aprox.,"7,40 € /ud.",4157," 14,80 €/kg"
Carne,Vacuno,Chuletón de vacuno añojo para barbacoa o plancha,Bandeja 550 g aprox.,"10,45 € /ud.",2155," 19,00 €/kg"
Carne,Vacuno,Callos de vacuno,Bandeja 550 g aprox.,"5,45 € /ud.",3743," 9,90 €/kg"
Carne,Vacuno,Filetes de vacuno añojo fricandó para plancha o guisar,Bandeja 500 g aprox.,"6,50 € /ud.",3738," 12,99 €/kg"
Carne,Empanados y elaborados,Nuggets de pollo Hacendado ultracongelados,Paquete 500 g,"2,70 € /ud.",63323," 5,40 €/kg"
Carne,Empanados y elaborados,Delicias de pollo Hacendado ultracongeladas,Paquete 500 g,"3,75 € /ud.",63322," 7,50 €/kg"
Carne,Empanados y elaborados,Croquetas de cocido Hacendado ultracongeladas,Paquete 350 g,"1,90 € /ud.",13496," 5,429 €/kg"
Carne,Empanados y elaborados,Nuggets de pavo Hacendado ultracongelados,Paquete 400 g,"3,20 € /ud.",63007," 8,00 €/kg"
Carne,Empanados y elaborados,Pollo marinado rebozado Crispy American Style Hacendado ultracongeladas,Paquete 500 g,"4,90 € /ud.",60306," 9,80 €/kg"
Carne,Empanados y elaborados,Brochetas de pollo,Bandeja 370 g aprox.,"3,20 € /ud.",35902," 8,66 €/kg"
Carne,Empanados y elaborados,Flautas de pollo y queso,Bandeja 280 g,"2,00 € /ud.",2137," 7,327 €/kg"
Carne,Empanados y elaborados,Flautas de bacón y queso,Bandeja 280 g,"2,00 € /ud.",2169," 7,247 €/kg"
Carne,Empanados y elaborados,Lomo de cerdo adobado,Bandeja 470 g aprox.,"3,38 € /ud.",2715," 7,20 €/kg"
Carne,Empanados y elaborados,Lomo de cerdo adobado familiar,Bandeja 900 g aprox.,"6,08 € /ud.",5046," 6,75 €/kg"
Carne,Empanados y elaborados,San Jacobos de cerdo sin gluten,Bandeja 400 g aprox.,"2,52 € /ud.",52957," 6,30 €/kg"
Carne,Empanados y elaborados,Pechugas de pollo finas hierbas marinadas,Bandeja 650 g aprox.,"4,81 € /ud.",2833," 7,40 €/kg"
Carne,Empanados y elaborados,Medallones pechuga de pollo marinado,Bandeja 650 g aprox.,"4,52 € /ud.",2831," 6,95 €/kg"
Carne,Empanados y elaborados,Pechugas de pollo marinadas empanadas sin gluten,Bandeja 360 g aprox.,"2,83 € /ud.",21227," 7,87 €/kg"
Carne,Empanados y elaborados,Pinchos de cerdo sin varilla,Bandeja 510 g aprox.,"4,18 € /ud.",2839," 8,20 €/kg"
Carne,Empanados y elaborados,Medallones preparado de solomillo cerdo provenzal,Bandeja 400 g aprox.,"4,14 € /ud.",4152," 10,35 €/kg"
Carne,Empanados y elaborados,Filetes de vacuno al ajillo,Bandeja 450 g aprox.,"7,11 € /ud.",2834," 15,79 €/kg"
Carne,Empanados y elaborados,Alas de pollo adobadas,Bandeja 680 g aprox.,"3,20 € /ud.",2832," 4,70 €/kg"
Carne,Empanados y elaborados,Fiambre de magro de cerdo adobado,Paquete 370 g,"2,68 € /ud.",23308," 7,244 €/kg"
Carne,Empanados y elaborados,Chuletas de pavo al ajillo,Bandeja 600 g aprox.,"4,14 € /ud.",2837," 6,90 €/kg"
Carne,Empanados y elaborados,Costilla de cerdo ibérico adobada,Bandeja 600 g aprox.,"4,11 € /ud.",1564," 6,85 €/kg"
Carne,Empanados y elaborados,Brochetas de pavo,Bandeja 500 g aprox.,"4,35 € /ud.",4156," 8,70 €/kg"
Carne,Empanados y elaborados,Filetes lomo al ajillo,Bandeja 500 g aprox.,"3,88 € /ud.",3440," 7,75 €/kg"
Carne,Empanados y elaborados,Pechugas de pavo pimentón,Bandeja 580 g aprox.,"4,92 € /ud.",2836," 8,49 €/kg"
Carne,Empanados y elaborados,Fiambre de pechuga de pavo adobada,Bandeja 370 g,"3,51 € /ud.",23306," 9,487 €/kg"
Carne,Empanados y elaborados,Contramuslos de pollo marinados con piel,Bandeja 600 g aprox.,"4,35 € /ud.",2970," 7,25 €/kg"
Carne,Empanados y elaborados,Tacos de pavo al ajillo,Bandeja 600 g aprox.,"3,81 € /ud.",3443," 6,35 €/kg"
Carne,Empanados y elaborados,Chuletas de cerdo sajonia,Bandeja 290 g aprox.,"2,77 € /ud.",23305," 9,55 €/kg"
Carne,Empanados y elaborados,Lomo de cerdo ibérico adobado,Paquete 220 g aprox.,"4,82 € /ud.",1886," 21,90 €/kg"
Carne,Empanados y elaborados,Callos preparados de ternera Rogusa,Paquete 500 g,"3,75 € /ud.",2179," 7,50 €/kg"
Carne,Empanados y elaborados,Oreja de cerdo cocida adobada Rogusa,Paquete 500 g,"4,25 € /ud.",2185," 8,50 €/kg"
Carne,Empanados y elaborados,Pincho amarillo de cerdo con perejil,Bandeja 500 g aprox.,"4,10 € /ud.",3455," 8,20 €/kg"
Carne,Empanados y elaborados,Pinchos de pollo adobados,Bandeja 500 g aprox.,"3,98 € /ud.",3456," 7,95 €/kg"
Carne,Empanados y elaborados,Lagrimitas de pollo al limón empanadas sin gluten,Bandeja 340 g aprox.,"2,92 € /ud.",21235," 8,60 €/kg"
Carne,Empanados y elaborados,Fiambre lomo de cerdo adobado,Bandeja 370 g,"3,50 € /ud.",23309," 9,46 €/kg"
Carne,Empanados y elaborados,Pechugas de pollo rellenas de jamón y queso empanadas sin gluten,Bandeja 450 g aprox.,"4,55 € /ud.",21257," 10,10 €/kg"
Carne,Empanados y elaborados,Solomillos de pollo marinados empanados sin gluten,Bandeja 465 g aprox.,"4,16 € /ud.",52514," 8,95 €/kg"
Carne,Empanados y elaborados,Libritos de cerdo rellenos de pimiento verde y jamón curado empanados sin gluten,Bandeja 380 g aprox.,"3,84 € /ud.",21272," 10,10 €/kg"
Carne,Empanados y elaborados,Lomo de cerdo marinado empanado,Bandeja 400 g aprox.,"3,30 € /ud.",52718," 8,25 €/kg"
Charcutería y quesos,Aves y jamón cocido,Pechuga de pavo 92% Hacendado lonchas,Paquete 200 g,"2,55 € /ud.",5710," 12,75 €/kg"
Charcutería y quesos,Aves y jamón cocido,Pechuga de pavo bajo en sal Hacendado finas lonchas,2 paquetes x 200 g,"3,37 € /pack",86786," 8,425 €/kg"
Charcutería y quesos,Aves y jamón cocido,Pechuga de pavo bajo en sal Hacendado finas lonchas,Paquete 225 g,"2,22 € /ud.",60243," 9,867 €/kg"
Charcutería y quesos,Aves y jamón cocido,Pechuga de pavo Hacendado finas lonchas,2 paquetes x 200 g,"3,37 € /pack",67972," 8,425 €/kg"
Charcutería y quesos,Aves y jamón cocido,Pechuga de pavo finas lonchas Hacendado,Paquete 200 g,"2,07 €2,00 € /ud.",60244," 10,00 €/kg"
Charcutería y quesos,Aves y jamón cocido,Salchichón de pavo extra Hacendado lonchas,"4 paquetes x 37,5 g","2,38 € /pack",59159," 15,867 €/kg"
Charcutería y quesos,Aves y jamón cocido,Pechuga de pavo 0% m.g Hacendado al corte,Paquete 200 g,"2,09 € /ud.",59230," 10,45 €/kg"
Charcutería y quesos,Aves y jamón cocido,Lomo de pavo Hacendado lonchas,4 paquetes x 25 g,"2,49 € /pack",59138," 24,90 €/kg"
Charcutería y quesos,Aves y jamón cocido,Longaniza de pavo extra Hacendado lonchas,"4 paquetes x 31,25 g","2,38 € /pack",59165," 19,04 €/kg"
Charcutería y quesos,Aves y jamón cocido,Tiras de pechuga pollo al horno Hacendado,Paquete 140 g,"2,05 € /ud.",56652," 14,643 €/kg"
Charcutería y quesos,Aves y jamón cocido,Jamón de pavo Hacendado finas lonchas,Paquete 225 g,"1,66 € /ud.",56619," 7,378 €/kg"
Charcutería y quesos,Aves y jamón cocido,Dados de pavo Hacendado,2 paquetes x 100 g,"2,16 € /pack",59222," 10,80 €/kg"
Charcutería y quesos,Aves y jamón cocido,Tiras de pechuga de pollo al natural Hacendado,Paquete 140 g,"2,05 € /ud.",56661," 14,643 €/kg"
Charcutería y quesos,Aves y jamón cocido,Longaniza de pollo extra Hacendado sticks para picar,Paquete 50 g,"1,10 € /ud.",59081," 22,00 €/kg"
Charcutería y quesos,Aves y jamón cocido,Pechuga de pollo braseada Hacendado finas lonchas,Paquete 200 g,"2,15 € /ud.",56169," 10,75 €/kg"
Charcutería y quesos,Aves y jamón cocido,Mortadela de pavo Hacendado finas lonchas,Paquete 150 g,"1,19 € /ud.",59336," 7,934 €/kg"
Charcutería y quesos,Aves y jamón cocido,Pechuga de pavo al horno de leña Campofrío lonchas,Paquete 125 g,"1,75 € /ud.",53140," 14,00 €/kg"
Charcutería y quesos,Aves y jamón cocido,Pechuga de pollo Hacendado finas lonchas,Paquete 200 g,"2,11 € /ud.",56156," 10,55 €/kg"
Charcutería y quesos,Aves y jamón cocido,Pechuga de pavo 0% m.g Hacendado,Pieza 500 g,"3,25 € /ud.",59217," 6,50 €/kg"
Charcutería y quesos,Aves y jamón cocido,Pechuga de pollo Hacendado al corte,Paquete 200 g,"2,11 € /ud.",56162," 10,55 €/kg"
Charcutería y quesos,Aves y jamón cocido,Pechuga de pavo Noel lonchas muy finas,Paquete 200 g,"2,07 € /ud.",59283," 10,35 €/kg"
Charcutería y quesos,Aves y jamón cocido,Pollo relleno asado al horno La Carloteña lonchas,Paquete 150 g,"2,25 € /ud.",56084," 15,00 €/kg"
Charcutería y quesos,Aves y jamón cocido,Jamón de pavo Hacendado,Pieza 500 g,"2,46 € /ud.",59218," 4,92 €/kg"
Charcutería y quesos,Aves y jamón cocido,Longaniza de pavo Imperial extra Hacendado,Pieza 235 g,"3,76 € /ud.",55136," 16,00 €/kg"
Charcutería y quesos,Aves y jamón cocido,Pechuga de pavo bajo en sal Hacendado,Pieza 500 g,"3,62 € /ud.",59227," 7,24 €/kg"
Charcutería y quesos,Aves y jamón cocido,Pollo relleno con trufa y pistachos La Carloteña lonchas,Paquete 125 g,"2,15 € /ud.",56173," 17,20 €/kg"
Charcutería y quesos,Aves y jamón cocido,Cabeza de cerdo finas lonchas Hacendado,Paquete 150 g,"1,80 € /ud.",59364," 12,00 €/kg"
Charcutería y quesos,Aves y jamón cocido,Pechuguita de pollo asada La Carloteña lonchas,Paquete 125 g,"2,60 € /ud.",22332," 20,80 €/kg"
Charcutería y quesos,Aves y jamón cocido,Maxi pavo Hacendado finas lonchas,Paquete 400 g,"2,75 €2,65 € /ud.",22430," 6,625 €/kg"
Charcutería y quesos,Aves y jamón cocido,Mortadela de pavo con aceitunas Hacendado finas lonchas,Paquete 150 g,"1,25 € /ud.",40365," 8,334 €/kg"
Charcutería y quesos,Aves y jamón cocido,Jamón cocido extra Hacendado finas lonchas,2 paquetes x 225 g,"3,45 € /pack",86074," 7,667 €/kg"
Charcutería y quesos,Aves y jamón cocido,Jamón cocido extra Hacendado finas lonchas,Paquete 200 g,"2,17 €2,05 € /ud.",60329," 10,25 €/kg"
Charcutería y quesos,Aves y jamón cocido,Jamón cocido extra Hacendado lonchas,Paquete 200 g,"2,04 € /ud.",59249," 10,20 €/kg"
Charcutería y quesos,Aves y jamón cocido,Jamón cocido Hacendado lonchas,Paquete 200 g,"2,41 € /ud.",59256," 12,05 €/kg"
Charcutería y quesos,Aves y jamón cocido,Jamón cocido extra sándwich Hacendado lonchas,Paquete 250 g,"2,11 € /ud.",59215," 8,44 €/kg"
Charcutería y quesos,Aves y jamón cocido,Maxi york Hacendado finas lonchas,Paquete 500 g,"2,38 € /ud.",56115," 4,76 €/kg"
Charcutería y quesos,Aves y jamón cocido,Jamón cocido extra Noel lonchas,Paquete 200 g,"2,29 € /ud.",59143," 11,45 €/kg"
Charcutería y quesos,Aves y jamón cocido,Jamón cocido jugoso Hacendado,Paquete 225 g,"1,82 € /ud.",59233," 8,089 €/kg"
Charcutería y quesos,Aves y jamón cocido,Jamón cocido braseado Noel lonchas,Paquete 200 g,"2,24 € /ud.",59164," 11,20 €/kg"
Charcutería y quesos,Aves y jamón cocido,Jamón cocido Noel lonchas,Paquete 120 g,"2,39 €2,30 € /ud.",59167," 19,167 €/kg"
Charcutería y quesos,Aves y jamón cocido,Fiambre magro sándwich Hacendado lonchas,Paquete 300 g,"1,85 € /ud.",59253," 6,167 €/kg"
Charcutería y quesos,Aves y jamón cocido,Jamón cocido bajo en sal Hacendado finas lonchas,Paquete 225 g,"2,23 € /ud.",59212," 9,912 €/kg"
Charcutería y quesos,Aves y jamón cocido,Lacón cortado a mano Noel,Paquete 250 g,"3,49 € /ud.",86238," 13,96 €/kg"
Charcutería y quesos,Aves y jamón cocido,Magro de cerdo cocido Coren,Lata 240 g,"2,69 € /ud.",52051," 11,209 €/kg"
Charcutería y quesos,Aves y jamón cocido,Maxi york Hacendado,Pieza 2 kg,"6,24 € /ud.",59223," 3,12 €/kg"
Charcutería y quesos,Aves y jamón cocido,Lacón al horno Noel lonchas,Paquete 200 g,"2,19 € /ud.",59216," 10,95 €/kg"
Charcutería y quesos,Aves y jamón cocido,Maxi lomo Hacendado finas lonchas,Paquete 400 g,"2,60 € /ud.",56128," 6,50 €/kg"
Charcutería y quesos,Bacón y salchichas,Bacón Hacendado cintas,2 paquetes x 125 g,"2,10 € /pack",59066," 8,40 €/kg"
Charcutería y quesos,Bacón y salchichas,Bacón Oscar Mayer lonchas,Paquete 150 g,"2,29 € /ud.",53500," 15,267 €/kg"
Charcutería y quesos,Bacón y salchichas,Bacón ahumado Monells lonchas,Paquete 210 g,"2,02 € /ud.",59169," 9,62 €/kg"
Charcutería y quesos,Bacón y salchichas,Bacón ahumado sin corteza Monells,Pieza 310 g aprox.,"2,82 € /ud.",59170," 9,10 €/kg"
Charcutería y quesos,Bacón y salchichas,Panceta salada ibérica La Hacienda del ibérico,Paquete 360 g aprox.,"2,70 € /ud.",58220," 7,50 €/kg"
Charcutería y quesos,Bacón y salchichas,Panceta curada sin corteza La Selva lonchas,Paquete 200 g,"2,25 € /ud.",29606," 11,25 €/kg"
Charcutería y quesos,Bacón y salchichas,Salchichas cocidas estilo Frankfurt Hacendado de pollo y cerdo sabor ahumado,4 paquetes x 176 g,"1,85 € /pack",53141," 2,628 €/kg"
Charcutería y quesos,Bacón y salchichas,Salchichas cocidas Hacendado de pollo y pavo sabor ahumado,2 paquetes x 200 g,"1,30 € /pack",53056," 3,25 €/kg"
Charcutería y quesos,Bacón y salchichas,Salchichas cocidas Schara de cerdo ahumadas,2 paquetes x 170 g,"3,95 € /pack",53012," 11,618 €/kg"
Charcutería y quesos,Bacón y salchichas,Salchichas cocidas estilo Viena con queso Hacendado de pollo y cerdo sabor ahumado,2 paquetes x 200 g,"1,40 € /pack",53030," 3,50 €/kg"
Charcutería y quesos,Bacón y salchichas,"Salchichas cocidas con leche Campofrío de pollo, cerdo y pavo",Paquete 170 g,"1,05 € /ud.",52884," 6,177 €/kg"
Charcutería y quesos,Bacón y salchichas,Salchichas cocidas hot dog bocadillo Oscar Mayer Classic de pollo y cerdo sabor ahumado,Paquete 275 g,"1,75 € /ud.",53015," 6,364 €/kg"
Charcutería y quesos,Bacón y salchichas,Salchichas cocidas estilo Frankfurt con queso Hacendado de pollo y cerdo sabor ahumado,4 paquetes x 160 g,"1,85 € /pack",53100," 2,891 €/kg"
Charcutería y quesos,Bacón y salchichas,Salchichas cocidas bocata Hacendado de pollo y pavo sabor ahumado,2 paquetes x 200 g,"1,82 € /pack",53059," 4,55 €/kg"
Charcutería y quesos,Bacón y salchichas,Salchichas cocidas bocata gourmet Hacendado de cerdo sabor ahumado,2 paquetes x 175 g,"2,20 € /pack",53143," 6,286 €/kg"
Charcutería y quesos,Bacón y salchichas,Salchichas cocidas bocata estilo Bratwurst Hacendado,2 paquetes x 200 g,"2,35 € /pack",53058," 5,875 €/kg"
Charcutería y quesos,Bacón y salchichas,Salchichas cocidas pikante Schara de cerdo ahumadas,Paquete 170 g,"2,93 € /ud.",53127," 17,236 €/kg"
Charcutería y quesos,Bacón y salchichas,Salchichas cocidas bocata queso Hacendado,2 paquetes x 175 g,"1,86 € /pack",53048," 5,315 €/kg"
Charcutería y quesos,Bacón y salchichas,Salchichas cocidas bocata Hacendado,2 paquetes x 175 g,"1,62 € /pack",53032," 4,629 €/kg"
Charcutería y quesos,Bacón y salchichas,Salchichas cocidas Frankfurt La Selva,Tarro 460 g (280 g escurrido),"2,25 € /ud.",53041," 8,036 €/kg"
Charcutería y quesos,Bacón y salchichas,Salchichas cocidas de pavo sabor ahumado Hacendado,2 paquetes x 200 g,"2,35 € /pack",53147," 5,875 €/kg"
Charcutería y quesos,Bacón y salchichas,Salchichas cocidas de pollo Hacendado,2 paquetes x 250 g,"1,65 € /pack",53042," 3,30 €/kg"
Charcutería y quesos,Bacón y salchichas,Salchichas cocidas estilo Frankfurt Campofrío sabor ahumado,4 paquetes x 140 g,"2,25 € /pack",53007," 4,018 €/kg"
Charcutería y quesos,Chopped y mortadela,Chopped cerdo Hacendado lonchas,Paquete 250 g,"1,39 € /ud.",59333," 5,56 €/kg"
Charcutería y quesos,Chopped y mortadela,Chopped cocido en lata Hacendado finas lonchas,Paquete 150 g,"1,71 € /ud.",59340," 11,40 €/kg"
Charcutería y quesos,Chopped y mortadela,Chopped Hacendado,Pieza 500 g,"2,25 € /ud.",59332," 4,50 €/kg"
Charcutería y quesos,Chopped y mortadela,Mortadela Hacendado lonchas,Paquete 250 g,"1,25 € /ud.",59334," 5,00 €/kg"
Charcutería y quesos,Chopped y mortadela,Mortadela con aceitunas Hacendado lonchas,Paquete 250 g,"1,25 € /ud.",59335," 5,00 €/kg"
Charcutería y quesos,Chopped y mortadela,Mortadela italiana Hacendado finas lonchas,Paquete 150 g,"1,75 € /ud.",59343," 11,667 €/kg"
Charcutería y quesos,Chopped y mortadela,Mortadela Hacendado,Pieza 900 g,"3,60 € /ud.",40361," 4,00 €/kg"
Charcutería y quesos,Chopped y mortadela,Galantina con aceituna y pimiento Hacendado finas lonchas,Paquete 150 g,"1,55 € /ud.",59341," 10,334 €/kg"
Charcutería y quesos,Chopped y mortadela,Galantina con pistacho y trufa Hacendado finas lonchas,Paquete 150 g,"1,85 € /ud.",16861," 12,334 €/kg"
Charcutería y quesos,Chopped y mortadela,Mortadela de pavo Hacendado finas lonchas,Paquete 150 g,"1,19 € /ud.",59336," 7,934 €/kg"
Charcutería y quesos,Chopped y mortadela,Cabeza de cerdo trufa con pistachos Hacendado finas lonchas,Paquete 150 g,"2,25 € /ud.",16862," 15,00 €/kg"
Charcutería y quesos,Chopped y mortadela,Mortadela de pavo con aceitunas Hacendado finas lonchas,Paquete 150 g,"1,25 € /ud.",40365," 8,334 €/kg"
Charcutería y quesos,Embutido curado,Fuet espetec extra Hacendado,1 ud.,"2,57 € /ud.",55108," 2,57 €/ud"
Charcutería y quesos,Embutido curado,Salchichón extra Hacendado lonchas,4 paquetes x 60 g,"2,11 € /pack",59085," 8,792 €/kg"
Charcutería y quesos,Embutido curado,Sticks longaniza extra Hacendado,Paquete 50 g,"1,10 € /ud.",59078," 22,00 €/kg"
Charcutería y quesos,Embutido curado,Salchichón extra Hacendado lonchas,4 paquetes x 45 g,"2,27 € /pack",59130," 12,612 €/kg"
Charcutería y quesos,Embutido curado,Longaniza de payés extra Hacendado lonchas,"4 paquetes x 31,25 g","2,07 € /pack",59254," 16,56 €/kg"
Charcutería y quesos,Embutido curado,Salami extra Hacendado lonchas,4 paquetes x 60 g,"1,97 € /pack",59090," 8,209 €/kg"
Charcutería y quesos,Embutido curado,Salchichón extra pimienta Hacendado finas lonchas,Paquete 100 g,"1,82 € /ud.",59077," 18,20 €/kg"
Charcutería y quesos,Embutido curado,Salchichón de cebo ibérico cortado a máquina,Paquete 90 g aprox.,"2,30 € /ud.",58267," 25,60 €/kg"
Charcutería y quesos,Embutido curado,Salchichón de bellota ibérico cular cortado a máquina,Paquete 90 g aprox.,"2,92 € /ud.",58391," 32,50 €/kg"
Charcutería y quesos,Embutido curado,Salchichón ibérico extra La Hacienda del ibérico lonchas,"4 paquetes x 31,25 g","2,03 € /pack",60698," 16,24 €/kg"
Charcutería y quesos,Embutido curado,Longaniza de pavo Imperial extra Hacendado,Pieza 235 g,"3,76 € /ud.",55136," 16,00 €/kg"
Charcutería y quesos,Embutido curado,Longaniza clásica extra Hacendado,1 ud.,"2,80 € /ud.",55125," 2,80 €/ud"
Charcutería y quesos,Embutido curado,Longaniza de payés extra Hacendado,1 ud.,"4,98 € /ud.",55130," 4,98 €/ud"
Charcutería y quesos,Embutido curado,Salami montañés extra El Pozo,1 ud.,"1,85 € /ud.",55028," 1,85 €/ud"
Charcutería y quesos,Embutido curado,Salchichón cular ibérico extra La Hacienda del ibérico,Pieza 500 g aprox.,"6,98 € /ud.",58159," 13,95 €/kg"
Charcutería y quesos,Embutido curado,Mini salchichón ibérico extra La Hacienda del ibérico,Pieza 200 g,"2,65 € /ud.",58248," 13,25 €/kg"
Charcutería y quesos,Embutido curado,Salchichón cular ibérico extra La Hacienda del ibérico,Pieza 820 g aprox.,"11,44 € /ud.",58266," 13,95 €/kg"
Charcutería y quesos,Embutido curado,Salchichón de bellota ibérico cular Juan del Roble,"Pieza 1,1 kg aprox.","24,09 € /ud.",58390," 21,90 €/kg"
Charcutería y quesos,Embutido curado,Longaniza de pavo extra Hacendado lonchas,"4 paquetes x 31,25 g","2,38 € /pack",59165," 19,04 €/kg"
Charcutería y quesos,Embutido curado,Salchichón de pavo extra Hacendado lonchas,"4 paquetes x 37,5 g","2,38 € /pack",59159," 15,867 €/kg"
Charcutería y quesos,Embutido curado,Sticks de salami extra Hacendado,Paquete 50 g,"1,10 € /ud.",15530," 22,00 €/kg"
Charcutería y quesos,Embutido curado,Pepperoni en lonchas Hacendado,Paquete 75 g,"1,60 € /ud.",60964," 21,334 €/kg"
Charcutería y quesos,Embutido curado,Chorizo Pamplona extra Hacendado lonchas,"4 paquetes x 56,25 g","2,06 €1,95 € /pack",59166," 8,667 €/kg"
Charcutería y quesos,Embutido curado,Chorizo extra Hacendado lonchas,4 paquetes x 60 g,"2,19 € /pack",59086," 9,125 €/kg"
Charcutería y quesos,Embutido curado,Chorizo de pavo extra Hacendado lonchas,"4 paquetes x 37,5 g","2,38 € /pack",59158," 15,867 €/kg"
Charcutería y quesos,Embutido curado,Chorizo ibérico La Hacienda del ibérico lonchas,"4 paquetes x 31,25 g","2,03 € /pack",60699," 16,24 €/kg"
Charcutería y quesos,Embutido curado,Chorizo picante extra Hacendado,Pieza 280 g,"2,49 € /ud.",54210," 8,893 €/kg"
Charcutería y quesos,Embutido curado,Taquitos de chorizo extra Revilla,2 paquetes x 100 g,"2,55 € /pack",55135," 12,75 €/kg"
Charcutería y quesos,Embutido curado,Chorizo extra Revilla lonchas,Paquete 65 g,"1,00 € /ud.",86174," 15,385 €/kg"
Charcutería y quesos,Embutido curado,Chorizo picante extra Hacendado lonchas,"4 paquetes x 56,25 g","2,42 € /pack",59250," 10,756 €/kg"
Charcutería y quesos,Embutido curado,Chorizo extra pimienta Hacendado finas lonchas,Paquete 100 g,"1,87 € /ud.",59080," 18,70 €/kg"
Charcutería y quesos,Embutido curado,Chorizo de bellota ibérico cular cortado a máquina,Paquete 90 g aprox.,"2,92 € /ud.",58388," 32,50 €/kg"
Charcutería y quesos,Embutido curado,Chorizo de cebo ibérico cortado a máquina,Paquete 90 g aprox.,"2,30 € /ud.",58265," 25,60 €/kg"
Charcutería y quesos,Embutido curado,Chorizo dulce extra Hacendado,Pieza 280 g,"2,49 € /ud.",54209," 8,893 €/kg"
Charcutería y quesos,Embutido curado,Mini chorizo ibérico extra La Hacienda del ibérico,Pieza 200 g,"2,65 € /ud.",58247," 13,25 €/kg"
Charcutería y quesos,Embutido curado,Chorizo de Tarancón Bricio,1 ud.,"3,30 €3,20 € /ud.",54105," 3,20 €/ud"
Charcutería y quesos,Embutido curado,Chorizo cular ibérico extra La Hacienda del ibérico,Pieza 500 g aprox.,"6,98 € /ud.",58160," 13,95 €/kg"
Charcutería y quesos,Embutido curado,Chorizo cular ibérico extra La Hacienda del ibérico,Pieza 980 g aprox.,"13,67 € /ud.",58264," 13,95 €/kg"
Charcutería y quesos,Embutido curado,Chorizo de bellota ibérico extra cular Juan del Roble,"Pieza 1,15 kg aprox.","25,18 € /ud.",58387," 21,90 €/kg"
Charcutería y quesos,Embutido curado,Chorizo sarta extra ahumado De León,Pieza 350 g,"4,30 € /ud.",23145," 12,286 €/kg"
Charcutería y quesos,Embutido curado,Chorizo sarta extra picante y ahumado De León,Pieza 350 g,"4,30 € /ud.",23146," 12,286 €/kg"
Charcutería y quesos,Embutido curado,Lomo embuchado Hacendado lonchas,"4 paquetes x 31,25 g","2,25 € /pack",59075," 18,00 €/kg"
Charcutería y quesos,Embutido curado,Cabecero de lomo Hacendado lonchas,"4 paquetes x 31,25 g","2,30 €2,25 € /pack",59076," 18,00 €/kg"
Charcutería y quesos,Embutido curado,Butifarra blanca Hacendado,Pieza 330 g aprox.,"3,29 € /ud.",56000," 9,98 €/kg"
Charcutería y quesos,Embutido curado,Butifarra blanca Hacendado lonchas,Paquete 150 g,"1,84 € /ud.",56038," 12,267 €/kg"
Charcutería y quesos,Embutido curado,Butifarra catalana Hacendado lonchas,Paquete 150 g,"1,84 € /ud.",56033," 12,267 €/kg"
Charcutería y quesos,Embutido curado,Lomo de cebo ibérico cortado a máquina,Paquete 90 g aprox.,"3,87 € /ud.",86788," 42,95 €/kg"
Charcutería y quesos,Embutido curado,Lomo de bellota ibérico cortado a máquina,Paquete 90 g aprox.,"5,13 € /ud.",58418," 57,00 €/kg"
Charcutería y quesos,Embutido curado,Surtido de ibéricos La Hacienda del ibérico,Paquete 200 g,"5,95 € /ud.",58230," 29,75 €/kg"
Charcutería y quesos,Embutido curado,Lomo Hacendado,Pieza 400 g aprox.,"7,16 € /ud.",54053," 17,89 €/kg"
Charcutería y quesos,Embutido curado,Caña de lomo cebo ibérico La Hacienda del ibérico,Pieza 500 g aprox.,"17,30 € /ud.",58166," 34,60 €/kg"
Charcutería y quesos,Embutido curado,Lomo de bellota ibérico Juan del Roble,"Pieza 1,9 kg aprox.","85,50 € /ud.",58417," 45,00 €/kg"
Charcutería y quesos,Embutido curado,Caña de lomo cebo ibérico Juan del Roble,"Pieza 1,09 kg aprox.","37,64 € /ud.",86595," 34,60 €/kg"
Charcutería y quesos,Embutido curado,Lomo de pavo Hacendado lonchas,4 paquetes x 25 g,"2,49 € /pack",59138," 24,90 €/kg"
Charcutería y quesos,Jamón serrano,Jamón serrano Incarlopsa lonchas extrafinas,Paquete 120 g,"2,55 €2,45 € /ud.",59151," 20,417 €/kg"
Charcutería y quesos,Jamón serrano,Mini taquitos de jamón Incarlopsa,2 paquetes x 90 g,"2,65 € /pack",59018," 14,723 €/kg"
Charcutería y quesos,Jamón serrano,Jamón serrano Incarlopsa lonchas,Paquete 240 g,"4,10 € /ud.",59124," 17,084 €/kg"
Charcutería y quesos,Jamón serrano,Jamón serrano cortado a máquina,Paquete 160 g aprox.,"3,68 € /ud.",15700," 23,00 €/kg"
Charcutería y quesos,Jamón serrano,Jamón gran reserva cortado a máquina,Paquete 160 g aprox.,"4,00 € /ud.",13526," 25,00 €/kg"
Charcutería y quesos,Jamón serrano,Jamón cebo ibérico cortado a máquina,Paquete 160 g aprox.,"8,24 € /ud.",22879," 51,50 €/kg"
Charcutería y quesos,Jamón serrano,Jamón serrano reserva cortado a cuchillo,Paquete 90 g aprox.,"3,51 € /ud.",58274," 39,00 €/kg"
Charcutería y quesos,Jamón serrano,Jamón cebo ibérico cortado a cuchillo,Paquete 90 g aprox.,"6,75 € /ud.",58278," 75,00 €/kg"
Charcutería y quesos,Jamón serrano,Jamón bellota ibérico cortado a cuchillo,Paquete 90 g aprox.,"12,15 € /ud.",58280," 135,00 €/kg"
Charcutería y quesos,Jamón serrano,Jamón bellota ibérico 100% cortado a cuchillo,Paquete 90 g aprox.,"14,40 € /ud.",58298," 160,00 €/kg"
Charcutería y quesos,Jamón serrano,Jamón serrano Jamcal medias lonchas,2 paquetes x 120 g,"4,15 € /pack",59280," 17,292 €/kg"
Charcutería y quesos,Jamón serrano,Paleta curada lonchas Paletas Marpa,2 ud. x 120 g,"4,10 € /pack",59173," 17,084 €/kg"
Charcutería y quesos,Jamón serrano,Jamón de Trevélez Antonio Álvarez lonchas extra finas,Paquete 120 g,"3,50 € /ud.",59028," 29,167 €/kg"
Charcutería y quesos,Jamón serrano,Taquitos de jamón Incarlopsa,2 paquetes x 100 g,"2,65 € /pack",59071," 13,25 €/kg"
Charcutería y quesos,Jamón serrano,Taco jamón curado Marpa,Pieza 220 g,"3,76 € /ud.",58328," 17,091 €/kg"
Charcutería y quesos,Jamón serrano,Hueso garrón Incarlopsa,290 g aprox.,"1,16 € /pack",58307," 4,00 €/kg"
Charcutería y quesos,Jamón serrano,Surtido de ibéricos La Hacienda del ibérico,Paquete 200 g,"5,95 € /ud.",58230," 29,75 €/kg"
Charcutería y quesos,Jamón serrano,Panceta salada ibérica La Hacienda del ibérico,Paquete 360 g aprox.,"2,70 € /ud.",58220," 7,50 €/kg"
Charcutería y quesos,Jamón serrano,Cecina ahumada natural Embutidos Pajariel lonchas,Paquete 100 g,"3,25 € /ud.",59101," 32,50 €/kg"
Charcutería y quesos,Jamón serrano,Codillo de jamón entero Incarlopsa,Pieza 900 g aprox.,"2,48 € /ud.",58306," 2,75 €/kg"
Charcutería y quesos,Jamón serrano,Paleta de cebo ibérica La Hacienda del ibérico,Paquete 100 g,"4,90 € /ud.",58215," 49,00 €/kg"
Charcutería y quesos,Jamón serrano,Jamón de Teruel El Ontanar lonchas,Paquete 120 g,"3,55 € /ud.",59269," 29,584 €/kg"
Charcutería y quesos,Jamón serrano,Jamón serrano gran reserva Costa Brava sin aditivos lonchas,Paquete 90 g,"2,30 € /ud.",15628," 25,556 €/kg"
Charcutería y quesos,Jamón serrano,Jamón serrano Incarlopsa,"Pieza 7,6 kg aprox.","58,00 € /ud.",58293," 7,632 €/kg"
Charcutería y quesos,Jamón serrano,Paleta de cebo ibérica La Hacienda del ibérico,Pieza 5 kg aprox.,"58,00 € /ud.",58154," 10,761 €/kg"
Charcutería y quesos,Jamón serrano,Paleta de cerdo curada Marpa,"Pieza 4,61 kg aprox.","30,00 € /ud.",58006," 6,505 €/kg"
Charcutería y quesos,Jamón serrano,Jamón de cebo ibérico La Hacienda del ibérico,"Pieza 8,5 kg aprox.","129,00 € /ud.",58294," 14,66 €/kg"
Charcutería y quesos,Jamón serrano,Jamón de bellota ibérico 50% La Hacienda del ibérico,Pieza 9 kg aprox.,"391,50 € /ud.",58286," 43,50 €/kg"
Charcutería y quesos,Jamón serrano,Jamón bellota ibérico 100% Covap,Pieza 9 kg aprox.,"481,50 € /ud.",58297," 53,50 €/kg"
Charcutería y quesos,Paté y sobrasada,Paté de cerdo La Piara tapa negra,3 latas x 87 g,"3,95 €3,25 € /pack",52108," 12,453 €/kg"
Charcutería y quesos,Paté y sobrasada,Paté de cerdo sabor suave Hacendado,3 latas x 80 g,"1,35 € /pack",52176," 5,625 €/kg"
Charcutería y quesos,Paté y sobrasada,Paté de cerdo con finas hierbas Hacendado,Tarro 160 g,"1,15 € /ud.",52307," 7,188 €/kg"
Charcutería y quesos,Paté y sobrasada,Paté de cerdo con pimienta Hacendado,Tarro 160 g,"1,15 € /ud.",52311," 7,188 €/kg"
Charcutería y quesos,Paté y sobrasada,Paté de cerdo con pimienta verde Hacendado,Bandeja 100 g,"1,45 € /ud.",52099," 14,50 €/kg"
Charcutería y quesos,Paté y sobrasada,Paté de atún Hacendado,3 latas x 80 g,"2,10 € /pack",13867," 8,75 €/kg"
Charcutería y quesos,Paté y sobrasada,Paté de cerdo campaña Hacendado,Tarro 160 g,"1,15 € /ud.",52334," 7,188 €/kg"
Charcutería y quesos,Paté y sobrasada,Paté de cerdo con finas hierbas Hacendado,Bandeja 100 g,"1,45 € /ud.",52100," 14,50 €/kg"
Charcutería y quesos,Paté y sobrasada,Crema para untar fiambre de jamón york Hacendado sabor ahumado,Tarrina 160 g,"1,40 € /ud.",59993," 8,75 €/kg"
Charcutería y quesos,Paté y sobrasada,Paté de salmón Hacendado,Tarro 160 g,"1,15 € /ud.",52336," 7,188 €/kg"
Charcutería y quesos,Paté y sobrasada,Paté de cerdo light Hacendado,2 latas x 80 g,"1,40 € /pack",52183," 8,75 €/kg"
Charcutería y quesos,Paté y sobrasada,Paté de jamón Hacendado,Tarro 160 g,"1,15 € /ud.",52335," 7,188 €/kg"
Charcutería y quesos,Paté y sobrasada,Paté de cerdo ibérico Hacendado,3 latas x 80 g,"1,75 € /pack",52178," 7,292 €/kg"
Charcutería y quesos,Paté y sobrasada,Paté de cerdo sabor intenso Hacendado,3 latas x 80 g,"1,75 € /pack",52177," 7,292 €/kg"
Charcutería y quesos,Paté y sobrasada,Paté de cerdo y pollo con trufa y arándanos Hacendado,Paquete 100 g,"1,85 € /ud.",52157," 18,50 €/kg"
Charcutería y quesos,Paté y sobrasada,Mousse de pato Hacendado,Bandeja 100 g,"1,90 € /ud.",52167," 19,00 €/kg"
Charcutería y quesos,Paté y sobrasada,Paté de cerdo Hacendado con cebolla caramelizada,Lata 130 g,"1,55 € /ud.",86785," 11,924 €/kg"
Charcutería y quesos,Paté y sobrasada,Foie gras entero de pato Hacendado,Paquete 100 g,"8,30 € /ud.",52170," 83,00 €/kg"
Charcutería y quesos,Paté y sobrasada,Bloc foie gras de pato Hacendado,Paquete 100 g,"5,25 € /ud.",52171," 52,50 €/kg"
Charcutería y quesos,Paté y sobrasada,Paté de Jabalí con boletus Hacendado,Tarro 120 g,"1,75 € /ud.",23891," 14,584 €/kg"
Charcutería y quesos,Paté y sobrasada,Paté de cerdo sabor picante Hacendado,2 latas x 80 g,"1,85 € /pack",52179," 11,563 €/kg"
Charcutería y quesos,Paté y sobrasada,Crema para untar de pollo Hacendado,2 latas x 80 g,"1,99 € /pack",52182," 12,438 €/kg"
Charcutería y quesos,Paté y sobrasada,Paté de pollo asado Hacendado,Tarro 160 g,"1,15 € /ud.",23596," 7,188 €/kg"
Charcutería y quesos,Paté y sobrasada,Sobrasada selecta L'Illa especialidades,Tarrina 250 g,"1,85 € /ud.",53116," 7,40 €/kg"
Charcutería y quesos,Paté y sobrasada,Sobrasada ibérica L'Illa especialidades,Tarrina 250 g,"2,25 € /ud.",53122," 9,00 €/kg"
Charcutería y quesos,Paté y sobrasada,Sobrasada de Mallorca Can Pere Joan,Pieza 1 ud.,"4,40 € /ud.",53160," 4,40 €/ud"
Charcutería y quesos,Paté y sobrasada,Sobrasada con miel L'Illa especialidades,Tarrina 200 g,"2,25 € /ud.",53146," 11,25 €/kg"
Charcutería y quesos,"Queso curado, semicurado y tierno",Queso curado mezcla Hacendado,"Pieza 1,63 kg aprox.","17,60 € /ud.",50968," 10,80 €/kg"
Charcutería y quesos,"Queso curado, semicurado y tierno",Queso curado mezcla Hacendado cortado en cuñitas,Pieza 330 g aprox.,"4,85 € /ud.",50966," 14,70 €/kg"
Charcutería y quesos,"Queso curado, semicurado y tierno",Queso curado mezcla Hacendado,Pieza 410 g aprox.,"4,71 € /ud.",50965," 11,50 €/kg"
Charcutería y quesos,"Queso curado, semicurado y tierno",Queso curado mezcla Hacendado,"Pieza 1,03 kg aprox.","11,63 € /ud.",50967," 11,25 €/kg"
Charcutería y quesos,"Queso curado, semicurado y tierno",Queso grana padano Zanetti,Pieza 230 g aprox.,"3,45 € /ud.",50008," 15,00 €/kg"
Charcutería y quesos,"Queso curado, semicurado y tierno",Queso viejo tostado mezcla Hacendado,"Pieza 1,64 kg aprox.","21,16 € /ud.",50985," 12,90 €/kg"
Charcutería y quesos,"Queso curado, semicurado y tierno",Queso viejo tostado mezcla Hacendado,Pieza 395 g aprox.,"5,43 € /ud.",50971," 13,75 €/kg"
Charcutería y quesos,"Queso curado, semicurado y tierno",Queso curado y cheddar Hacendado en dados,Paquete 125 g,"1,05 € /ud.",51111," 8,40 €/kg"
Charcutería y quesos,"Queso curado, semicurado y tierno",Queso viejo de oveja Hacendado,"Pieza 1,54 kg aprox.","21,64 € /ud.",50984," 14,05 €/kg"
Charcutería y quesos,"Queso curado, semicurado y tierno",Queso viejo de oveja Hacendado,Pieza 380 g aprox.,"6,10 € /ud.",50970," 16,05 €/kg"
Charcutería y quesos,"Queso curado, semicurado y tierno",Queso añejo fuerte de oveja Hacendado,Pieza 330 g aprox.,"5,59 € /ud.",50975," 16,95 €/kg"
Charcutería y quesos,"Queso curado, semicurado y tierno",Queso viejo intenso mezcla Hacendado,Pieza 330 g aprox.,"4,64 € /ud.",50974," 14,05 €/kg"
Charcutería y quesos,"Queso curado, semicurado y tierno",Tabla de quesos nacionales Hacendado,Bandeja 240 g,"4,95 € /ud.",50999," 20,625 €/kg"
Charcutería y quesos,"Queso curado, semicurado y tierno",Queso gruyère Natual,Pieza 200 g,"3,08 € /ud.",50025," 15,40 €/kg"
Charcutería y quesos,"Queso curado, semicurado y tierno",Queso viejo gouda Hacendado,Pieza 250 g,"3,75 € /ud.",50533," 15,00 €/kg"
Charcutería y quesos,"Queso curado, semicurado y tierno",Queso viejo ahumado de oveja Hacendado,Pieza 330 g aprox.,"5,53 € /ud.",50976," 16,75 €/kg"
Charcutería y quesos,"Queso curado, semicurado y tierno",Queso tetilla de vaca Hacendado,Pieza 780 g aprox.,"6,90 € /ud.",50928," 8,85 €/kg"
Charcutería y quesos,"Queso curado, semicurado y tierno",Queso Arzúa-Ulloa de vaca Punteiro,Pieza 780 g aprox.,"6,90 € /ud.",50929," 8,85 €/kg"
Charcutería y quesos,"Queso curado, semicurado y tierno",Queso curado cheddar Hacendado,Pieza 300 g,"3,00 € /ud.",51630," 10,00 €/kg"
Charcutería y quesos,"Queso curado, semicurado y tierno",Queso curado DOP manchego de oveja Hacendado,Pieza 350 g aprox.,"8,15 € /ud.",50589," 23,30 €/kg"
Charcutería y quesos,"Queso curado, semicurado y tierno",Queso viejo cremoso de oveja Hacendado,Pieza 300 g aprox.,"5,09 € /ud.",50969," 16,95 €/kg"
Charcutería y quesos,"Queso curado, semicurado y tierno",Queso añejo mezcla con aceite de oliva Hacendado,Pieza 305 g aprox.,"5,47 € /ud.",50963," 17,95 €/kg"
Charcutería y quesos,"Queso curado, semicurado y tierno",Queso grana padano Hacendado en escamas,Bote 100 g,"2,58 €2,48 € /ud.",23037," 24,80 €/kg"
Charcutería y quesos,"Queso curado, semicurado y tierno",Queso añejo picante mezcla Hacendado,Pieza 370 g aprox.,"6,31 € /ud.",50972," 17,05 €/kg"
Charcutería y quesos,"Queso curado, semicurado y tierno",Queso añejo seco de oveja Hacendado,Pieza 340 g aprox.,"5,95 € /ud.",50973," 17,50 €/kg"
Charcutería y quesos,"Queso curado, semicurado y tierno",Queso añejo ibérico mezcla Hacendado,Pieza 340 g aprox.,"5,87 € /ud.",50930," 17,25 €/kg"
Charcutería y quesos,"Queso curado, semicurado y tierno",Queso añejo fuerte de oveja Hacendado,"Pieza 1,4 kg","19,25 € /ud.",5837," 13,75 €/kg"
Charcutería y quesos,"Queso curado, semicurado y tierno",Queso semicurado mezcla Hacendado,"Pieza 1,54 kg aprox.","14,17 € /ud.",50946," 9,20 €/kg"
Charcutería y quesos,"Queso curado, semicurado y tierno",Queso semicurado mezcla Hacendado,"Pieza 1,08 kg aprox.","10,80 € /ud.",50945," 10,00 €/kg"
Charcutería y quesos,"Queso curado, semicurado y tierno",Queso semicurado mezcla Hacendado,Pieza 420 g aprox.,"4,24 € /ud.",50943," 10,10 €/kg"
Charcutería y quesos,"Queso curado, semicurado y tierno",Queso semicurado mezcla Hacendado cortado en cuñitas,Pieza 340 g aprox.,"4,64 € /ud.",50944," 13,65 €/kg"
Charcutería y quesos,"Queso curado, semicurado y tierno",Queso semicurado de cabra Hacendado,Pieza 390 g aprox.,"5,66 € /ud.",50942," 14,52 €/kg"
Charcutería y quesos,"Queso curado, semicurado y tierno",Queso semicurado sin lactosa mezcla Hacendado,Pieza 430 g aprox.,"5,42 € /ud.",50941," 12,60 €/kg"
Charcutería y quesos,"Queso curado, semicurado y tierno",Queso semicurado Mahón Menorca de vaca Hacendado,Pieza 400 g aprox.,"4,36 € /ud.",86747," 10,90 €/kg"
Charcutería y quesos,"Queso curado, semicurado y tierno",Queso emmental de vaca Hacendado,Pieza 350 g,"2,85 € /ud.",23561," 8,143 €/kg"
Charcutería y quesos,"Queso curado, semicurado y tierno",Queso tierno de vaca Hacendado cortado en cuñitas,Pieza 320 g aprox.,"2,50 € /ud.",50916," 7,80 €/kg"
Charcutería y quesos,"Queso curado, semicurado y tierno",Queso tierno tronchón mezcla Montesinos,Pieza 260 g aprox.,"3,07 € /ud.",50020," 11,82 €/kg"
Charcutería y quesos,"Queso curado, semicurado y tierno",Queso tierno mezcla Hacendado,"Pieza 1,22 kg aprox.","10,37 € /ud.",50919," 8,50 €/kg"
Charcutería y quesos,"Queso curado, semicurado y tierno",Queso tierno mezcla Hacendado,Pieza 350 g aprox.,"3,15 € /ud.",50917," 9,00 €/kg"
Charcutería y quesos,"Queso curado, semicurado y tierno",Queso tierno mezcla Hacendado cortado en cuñitas,Pieza 325 g aprox.,"3,93 € /ud.",50918," 12,10 €/kg"
Charcutería y quesos,"Queso curado, semicurado y tierno",Queso tierno bajo en sal mezcla Hacendado,Pieza 350 g aprox.,"3,66 € /ud.",50915," 10,45 €/kg"
Charcutería y quesos,"Queso curado, semicurado y tierno",Queso tierno maasdam de vaca Holland Corona,Pieza 400 g,"3,25 € /ud.",50480," 8,125 €/kg"
Charcutería y quesos,"Queso curado, semicurado y tierno",Queso tierno gouda de vaca Holland,Pieza 450 g,"3,30 € /ud.",50478," 7,334 €/kg"
Charcutería y quesos,"Queso curado, semicurado y tierno",Queso tierno bola Edam Holland Corona,Pieza 455 g,"3,70 € /ud.",50483," 8,132 €/kg"
Charcutería y quesos,"Queso curado, semicurado y tierno",Queso tierno de cabra Hacendado,Pieza 350 g aprox.,"4,72 € /ud.",50927," 13,50 €/kg"
Charcutería y quesos,"Queso lonchas, rallado y en porciones",Queso lonchas cremoso havarti de vaca Hacendado,Paquete 300 g,"2,80 € /ud.",50545," 9,334 €/kg"
Charcutería y quesos,"Queso lonchas, rallado y en porciones",Queso lonchas tierno mezcla Entrepinares,Paquete 250 g aprox.,"2,39 € /ud.",50385," 9,55 €/kg"
Charcutería y quesos,"Queso lonchas, rallado y en porciones",Queso light Havarti Hacendado lonchas,Paquete 300 g,"2,80 € /ud.",50546," 9,334 €/kg"
Charcutería y quesos,"Queso lonchas, rallado y en porciones",Queso lonchas semicurado mezcla Entrepinares,Paquete 210 g aprox.,"2,47 € /ud.",50148," 11,75 €/kg"
Charcutería y quesos,"Queso lonchas, rallado y en porciones",Queso lonchas fundido sándwich mezcla Hacendado,Paquete 200 g,"1,20 € /ud.",50371," 6,00 €/kg"
Charcutería y quesos,"Queso lonchas, rallado y en porciones",Queso lonchas light mezcla Entrepinares,Paquete 210 g aprox.,"2,41 € /ud.",50163," 11,50 €/kg"
Charcutería y quesos,"Queso lonchas, rallado y en porciones",Queso lonchas gouda de vaca Hacendado,Paquete 300 g,"2,15 € /ud.",50654," 7,167 €/kg"
Charcutería y quesos,"Queso lonchas, rallado y en porciones",Queso lonchas de cabra Entrepinares,Paquete 220 g aprox.,"3,14 € /ud.",50153," 14,25 €/kg"
Charcutería y quesos,"Queso lonchas, rallado y en porciones",Queso tierno de vaca Entrepinares lonchas,Paquete 300 g,"2,40 € /ud.",50543," 8,00 €/kg"
Charcutería y quesos,"Queso lonchas, rallado y en porciones",Queso lonchas fundido suave mezcla Hacendado,Paquete 555 g,"2,20 € /ud.",51182," 3,964 €/kg"
Charcutería y quesos,"Queso lonchas, rallado y en porciones",Queso lonchas edam de vaca Holland Corona,Paquete 300 g,"2,00 € /ud.",50459," 6,667 €/kg"
Charcutería y quesos,"Queso lonchas, rallado y en porciones",Queso lonchas mozzarella de vaca Hacendado,Paquete 200 g,"1,78 €1,70 € /ud.",51126," 8,50 €/kg"
Charcutería y quesos,"Queso lonchas, rallado y en porciones",Queso lonchas cheddar de vaca Hacendado,Paquete 200 g,"1,75 € /ud.",55017," 8,75 €/kg"
Charcutería y quesos,"Queso lonchas, rallado y en porciones",Queso lonchas emmental de vaca Hacendado,Paquete 200 g,"2,05 € /ud.",60710," 10,25 €/kg"
Charcutería y quesos,"Queso lonchas, rallado y en porciones",Queso lonchas sin lactosa de vaca Hacendado,Paquete 150 g,"1,92 € /ud.",50139," 12,80 €/kg"
Charcutería y quesos,"Queso lonchas, rallado y en porciones",Queso lonchas de oveja Entrepinares,Paquete 210 g aprox.,"2,99 € /ud.",50151," 14,25 €/kg"
Charcutería y quesos,"Queso lonchas, rallado y en porciones",Queso lonchas semicurado gouda de vaca Holland Corona,Paquete 300 g,"2,65 € /ud.",50471," 8,834 €/kg"
Charcutería y quesos,"Queso lonchas, rallado y en porciones",Queso El Caserio lonchas,Paquete 262 g,"2,55 € /ud.",5514," 9,733 €/kg"
Charcutería y quesos,"Queso lonchas, rallado y en porciones",Queso lonchas fundido burger mezcla Hacendado,Paquete 300 g,"1,75 € /ud.",51198," 5,834 €/kg"
Charcutería y quesos,"Queso lonchas, rallado y en porciones",Queso lonchas fundido light Hacendado,Paquete 300 g,"1,80 € /ud.",51199," 6,00 €/kg"
Charcutería y quesos,"Queso lonchas, rallado y en porciones",Queso lonchas raclette de vaca Entremont,Paquete 400 g,"4,62 € /ud.",50614," 11,55 €/kg"
Charcutería y quesos,"Queso lonchas, rallado y en porciones",Queso provolone de vaca Hacendado,Paquete 200 g,"2,35 € /ud.",4848," 11,75 €/kg"
Charcutería y quesos,"Queso lonchas, rallado y en porciones",Queso rallado emmental gratinar de vaca Hacendado,Paquete 200 g,"1,63 €1,58 € /ud.",51239," 7,90 €/kg"
Charcutería y quesos,"Queso lonchas, rallado y en porciones",Queso rallado mozzarella pizza-Roma de vaca Hacendado,Paquete 200 g,"1,54 € /ud.",51110," 7,70 €/kg"
Charcutería y quesos,"Queso lonchas, rallado y en porciones",Queso en polvo especial pasta mezcla Hacendado,Paquete 150 g,"1,25 € /ud.",51151," 8,334 €/kg"
Charcutería y quesos,"Queso lonchas, rallado y en porciones",Queso rallado 4 quesos Hacendado,Paquete 180 g,"1,65 € /ud.",51237," 9,167 €/kg"
Charcutería y quesos,"Queso lonchas, rallado y en porciones",Queso en polvo grana padano Hacendado,Paquete 100 g,"1,60 € /ud.",51146," 16,00 €/kg"
Charcutería y quesos,"Queso lonchas, rallado y en porciones",Queso rallado especial fundir mezcla Hacendado,Paquete 400 g,"2,05 € /ud.",23622," 5,125 €/kg"
Charcutería y quesos,"Queso lonchas, rallado y en porciones",Queso rallado especial fundir mezcla Hacendado,Paquete 200 g,"1,25 € /ud.",23621," 6,25 €/kg"
Charcutería y quesos,"Queso lonchas, rallado y en porciones",Queso rallado sin lactosa de vaca Hacendado,Paquete 150 g,"1,63 € /ud.",51105," 10,867 €/kg"
Charcutería y quesos,"Queso lonchas, rallado y en porciones",Queso rallado gouda de vaca Hacendado,Paquete 200 g,"1,44 € /ud.",52412," 7,20 €/kg"
Charcutería y quesos,"Queso lonchas, rallado y en porciones",Queso en porciones Hacendado,Caja 24 quesitos (375 g),"2,00 € /ud.",52405," 5,334 €/kg"
Charcutería y quesos,"Queso lonchas, rallado y en porciones",Queso en porciones sin lactosa Hacendado,Caja 8 quesitos (125 g),"1,74 € /ud.",51233," 13,92 €/kg"
Charcutería y quesos,"Queso lonchas, rallado y en porciones",Queso en porciones light Hacendado,Caja 16 quesitos (250 g),"1,49 € /ud.",51232," 5,96 €/kg"
Charcutería y quesos,"Queso lonchas, rallado y en porciones",Queso en porciones mini Babybel,Malla 8 quesitos (160 g),"3,41 € /ud.",51504," 21,313 €/kg"
Charcutería y quesos,"Queso lonchas, rallado y en porciones",Queso fundido con palitos La vaca que ríe,Caja 4 tarrinas (140 g),"2,39 € /ud.",51068," 17,072 €/kg"
Charcutería y quesos,Queso untable y fresco,Queso untar suave de vaca Hacendado,Tarrina 300 g,"1,29 € /ud.",51203," 4,30 €/kg"
Charcutería y quesos,Queso untable y fresco,Queso untar original Philadelphia,Tarrina 270 g,"2,74 € /ud.",51073," 10,149 €/kg"
Charcutería y quesos,Queso untable y fresco,Queso untar light Philadelphia,Tarrina 270 g,"2,74 € /ud.",51079," 10,149 €/kg"
Charcutería y quesos,Queso untable y fresco,Queso untar light de vaca Hacendado,Tarrina 300 g,"1,29 € /ud.",51223," 4,30 €/kg"
Charcutería y quesos,Queso untable y fresco,Crema de queso Camembert Hacendado,Tarrina 150 g,"1,59 € /ud.",51181," 10,60 €/kg"
Charcutería y quesos,Queso untable y fresco,Mousse de queso de vaca con ajo y finas hierbas Hacendado,Tarrina 150 g,"1,30 € /ud.",51167," 8,667 €/kg"
Charcutería y quesos,Queso untable y fresco,Queso untar de vaca con finas hierbas Hacendado,Tarrina 200 g,"1,54 € /ud.",51208," 7,70 €/kg"
Charcutería y quesos,Queso untable y fresco,Crema de queso suave Hacendado,Tarrina 125 g,"1,15 € /ud.",51132," 9,20 €/kg"
Charcutería y quesos,Queso untable y fresco,Queso untar con queso azul de vaca Hacendado,Tarrina 200 g,"1,68 € /ud.",51211," 8,40 €/kg"
Charcutería y quesos,Queso untable y fresco,Queso untar sin lactosa Hacendado,Tarrina 200 g,"1,68 € /ud.",51212," 8,40 €/kg"
Charcutería y quesos,Queso untable y fresco,Crema de queso viejo tostado mezcla Hacendado,Tarrina 150 g,"1,68 € /ud.",22780," 11,20 €/kg"
Charcutería y quesos,Queso untable y fresco,Queso fresco Burgos natural de vaca Hacendado,2 tarrinas x 250 g,"1,78 € /pack",51184," 3,56 €/kg"
Charcutería y quesos,Queso untable y fresco,Queso fresco Burgos natural de vaca Hacendado,"6 tarrinas x 62,5 g","1,56 € /pack",51026," 4,16 €/kg"
Charcutería y quesos,Queso untable y fresco,Mozzarella fresca de vaca Hacendado,Paquete 250 g (125 g escurrido),"0,95 € /ud.",51050," 7,60 €/kg"
Charcutería y quesos,Queso untable y fresco,Queso fresco Burgos desnatado 0% m.g de vaca Hacendado,"6 tarrinas x 62,5 g","1,56 € /pack",51074," 4,16 €/kg"
Charcutería y quesos,Queso untable y fresco,Queso feta mezcla Hacendado en dados,Tarrina 370 g (150 g escurrido),"2,35 € /ud.",51197," 15,667 €/kg"
Charcutería y quesos,Queso untable y fresco,Queso fresco de vaca Burgo de Arias,3 tarrinas x 72 g,"2,99 € /pack",51044," 13,843 €/kg"
Charcutería y quesos,Queso untable y fresco,Mozzarella fresca de vaca Hacendado en perlas,Tarrina 300 g (150 g escurrido),"1,91 € /ud.",51052," 12,734 €/kg"
Charcutería y quesos,Queso untable y fresco,Queso fresco de cabra Hacendado,Tarrina 250 g,"2,77 €2,67 € /ud.",51194," 10,68 €/kg"
Charcutería y quesos,Queso untable y fresco,Queso fresco batido desnatado 0% m.g Hacendado,Tarrina 500 g,"0,97 € /ud.",51071," 1,94 €/kg"
Charcutería y quesos,Queso untable y fresco,Queso fresco mascarpone de vaca Hacendado,Tarrina 250 g,"2,55 € /ud.",51072," 10,20 €/kg"
Charcutería y quesos,Queso untable y fresco,Queso fresco para ensaladas de vaca Hacendado en dados,Tarrina 200 g,"1,95 € /ud.",51065," 9,75 €/kg"
Charcutería y quesos,Queso untable y fresco,Queso fresco de vaca Hacendado,Tarrina 250 g,"1,65 € /ud.",51191," 6,60 €/kg"
Charcutería y quesos,Queso untable y fresco,Queso fresco batido desnatado 0% m.g Hacendado,4 tarrinas x 120 g,"1,45 € /pack",51021," 3,021 €/kg"
Charcutería y quesos,Queso untable y fresco,Mozzarella fresca di bufala campana Hacendado,Tarrina 280 g (125 g escurrido),"1,73 € /ud.",51201," 13,84 €/kg"
Charcutería y quesos,Queso untable y fresco,Queso fresco light de vaca Hacendado,Tarrina 250 g,"2,12 € /ud.",51192," 8,48 €/kg"
Charcutería y quesos,Queso untable y fresco,Queso fresco 0% m.g de vaca Burgo de Arias,3 tarrinas x 72 g,"2,99 € /pack",51043," 13,843 €/kg"
Charcutería y quesos,Queso untable y fresco,Requesón mezcla Montesinos,Tarrina 200 g,"1,00 € /ud.",51012," 5,00 €/kg"
Charcutería y quesos,Queso untable y fresco,Queso fresco Burgos sin lactosa de vaca Hacendado,"4 tarrinas x 62,5 g","1,68 € /pack",51130," 6,72 €/kg"
Charcutería y quesos,Queso untable y fresco,Queso fresco Burgos bajo en sal de vaca Hacendado,"4 tarrinas x 62,5 g","1,39 € /pack",51046," 5,56 €/kg"
Charcutería y quesos,Queso untable y fresco,Queso fresco Mató de vaca Hacendado,2 ud. x 100 g,"1,45 € /pack",51222," 7,25 €/kg"
Charcutería y quesos,Queso untable y fresco,Queso fresco sin lactosa de vaca Hacendado,Tarrina 250 g,"2,40 € /ud.",51193," 9,60 €/kg"
Charcutería y quesos,Queso untable y fresco,Queso ricotta mezcla Hacendado,Tarrina 200 g,"1,80 € /ud.",51228," 9,00 €/kg"
Charcutería y quesos,Queso untable y fresco,Mozzarella fresca light de vaca Hacendado,Paquete 250 g (125 g escurrido),"1,04 € /ud.",51230," 8,32 €/kg"
Charcutería y quesos,Queso untable y fresco,Burrata fresca Hacendado,Tarrina 250 g (150 g escurrido),"2,20 € /ud.",51218," 14,667 €/kg"
Charcutería y quesos,Queso untable y fresco,Queso fresco cottage semidesnatado de vaca Hacendado,Tarrina 200 g,"1,20 € /ud.",60963," 6,00 €/kg"
Charcutería y quesos,Queso untable y fresco,Queso rulo de cabra Hacendado,Paquete 200 g,"2,40 €2,35 € /ud.",50021," 11,75 €/kg"
Charcutería y quesos,Queso untable y fresco,Queso roquefort de oveja Hacendado,Pieza 100 g,"1,75 € /ud.",86276," 17,50 €/kg"
Charcutería y quesos,Queso untable y fresco,Queso camembert de vaca Marcillat,Caja 240 g,"1,83 € /ud.",51621," 7,625 €/kg"
Charcutería y quesos,Queso untable y fresco,Queso azul Danés Danablu de vaca Viking,Pieza 100 g,"1,50 € /ud.",51641," 15,00 €/kg"
Charcutería y quesos,Queso untable y fresco,Queso azul de vaca Hacendado,Pieza 180 g,"2,10 € /ud.",51627," 11,667 €/kg"
Charcutería y quesos,Queso untable y fresco,Queso de cabra Président en medallones,Paquete 200 g,"3,32 € /ud.",51149," 16,60 €/kg"
Charcutería y quesos,Queso untable y fresco,Queso de cabra Montesinos,2 tarrinas x 100 g,"3,17 €3,07 € /pack",50633," 15,35 €/kg"
Charcutería y quesos,Queso untable y fresco,Queso rulo con piña y almendra Liptana,Bandeja 100 g,"1,39 € /ud.",51619," 13,90 €/kg"
Charcutería y quesos,Queso untable y fresco,Queso brie marcillat de vaca Plaisir de Roy,Pieza 200 g,"1,60 € /ud.",50619," 8,00 €/kg"
Charcutería y quesos,Queso untable y fresco,Queso gorgonzola de vaca Hacendado,Pieza 170 g aprox.,"2,01 € /ud.",50613," 11,85 €/kg"
Congelados,Arroz y pasta,Arroz tres delicias Hacendado ultracongelado,Paquete 1 kg,"2,90 €2,75 € /ud.",86905," 2,75 €/kg"
Congelados,Arroz y pasta,Arroz precocido Hacendado ultracongelado,Paquete 6 bolsitas (1 kg),"2,02 €1,95 € /ud.",61302," 1,95 €/kg"
Congelados,Arroz y pasta,Risotto de setas Hacendado ultracongelados,Paquete 350 g,"2,00 € /ud.",22720," 5,715 €/kg"
Congelados,Arroz y pasta,Arroz negro Hacendado ultracongelado,Paquete 600 g,"3,10 €3,00 € /ud.",35541," 5,00 €/kg"
Congelados,Arroz y pasta,Arroz con verduras Hacendado ultracongelado,Paquete 600 g,"1,78 € /ud.",61305," 2,967 €/kg"
Congelados,Arroz y pasta,Arroz con pollo Hacendado ultracongelado,Paquete 600 g,"2,60 €2,50 € /ud.",35797," 4,167 €/kg"
Congelados,Arroz y pasta,Lasaña boloñesa familiar Hacendado ultracongelada,"Bandeja 1,1 kg","5,90 € /ud.",35767," 5,364 €/kg"
Congelados,Arroz y pasta,Lasaña a la boloñesa Hacendado ultracongelada,Caja 2 bandejas (600 g),"3,30 €3,25 € /ud.",86597," 5,417 €/kg"
Congelados,Arroz y pasta,Canelones de carne Hacendado ultracongelados,"Caja 12 ud. (1,1 kg)","6,00 €5,80 € /ud.",86601," 5,273 €/kg"
Congelados,Arroz y pasta,Canelones de carne Hacendado ultracongelados,Caja 2 bandejas (600 g),"3,30 €3,25 € /ud.",86600," 5,417 €/kg"
Congelados,Arroz y pasta,Lasaña de atún Hacendado ultracongelada,Caja 2 bandejas (600 g),"3,50 € /ud.",86598," 5,834 €/kg"
Congelados,Arroz y pasta,Lasaña de verduras Hacendado ultracongelada,Caja 2 ud. (600 g),"3,30 € /ud.",86599," 5,50 €/kg"
Congelados,Arroz y pasta,Gnocchi de pollo y verduras Hacendado ultracongelados,Paquete 600 g,"3,15 € /ud.",61354," 5,25 €/kg"
Congelados,Arroz y pasta,Sopa con wonton de langostino y fideos Hacendado ultracongelada,Bol 309 g,"4,15 € /ud.",62026," 13,431 €/kg"
Congelados,Carne,Jamoncitos de pollo congelados,Paquete 1 kg,"3,10 € /ud.",25183," 3,10 €/kg"
Congelados,Carne,Alas de pollo congeladas,Paquete 1 kg,"3,40 € /ud.",25184," 3,40 €/kg"
Congelados,Carne,Medallones preparado de solomillo cerdo congelados marinados,Paquete 300 g aprox.,"3,11 € /ud.",4176," 10,36 €/kg"
Congelados,Carne,Solomillo de pavo marinado congelado,Paquete 350 g aprox.,"2,76 € /ud.",25353," 7,90 €/kg"
Congelados,Carne,Cuartos traseros de pollo congelados,Paquete 2 kg,"5,80 € /ud.",25182," 2,90 €/kg"
Congelados,Carne,Solomillo de cerdo marinado congelado,Paquete 800 g aprox.,"6,24 € /ud.",2228," 7,80 €/kg"
Congelados,Carne,Chuletas de cordero palo o riñonada congeladas,Paquete 600 g aprox.,"11,37 € /ud.",5186," 18,95 €/kg"
Congelados,Carne,Paletilla de cordero entera congelada,"Pieza 1,2 kg aprox.","17,40 € /ud.",4022," 14,50 €/kg"
Congelados,Carne,Chuletas de cabrito congeladas,Paquete 430 g aprox.,"11,14 € /ud.",5034," 25,90 €/kg"
Congelados,Carne,Pierna de cabrito congelada,Pieza 530 g aprox.,"8,48 € /ud.",4599," 16,00 €/kg"
Congelados,Carne,Pechugas de pollo enteras congeladas,Paquete 1 kg aprox.,"5,65 € /ud.",30006," 5,65 €/kg"
Congelados,Carne,Alas de pollo barbacoa congeladas,Paquete 750 g,"3,68 € /ud.",52426," 4,907 €/kg"
Congelados,Helados,Helado mini surtido Hacendado,Caja 12 ud. (684 ml),"2,80 € /ud.",64001," 4,094 €/L"
Congelados,Helados,Helado sándwich de nata Hacendado,Caja 8 ud. (800 ml),"2,20 € /ud.",64146," 2,75 €/L"
Congelados,Helados,Helado almendrado Hacendado,Caja 6 ud. (720 ml),"2,75 € /ud.",64000," 3,82 €/L"
Congelados,Helados,Helado mini sándwich nata Hacendado,Caja 6 ud. (480 ml),"2,30 € /ud.",64450," 4,792 €/L"
Congelados,Helados,Helado mini bombón almendrado Hacendado,Caja 8 ud. (480 ml),"2,70 € /ud.",64066," 5,625 €/L"
Congelados,Helados,Helado sándwich super nata Hacendado,Caja 6 ud. (870 ml),"2,70 € /ud.",64200," 3,104 €/L"
Congelados,Helados,Helado mini bombón Hacendado sin azúcares añadidos,Caja 8 ud. (456 ml),"2,60 € /ud.",64102," 5,702 €/L"
Congelados,Helados,Helado mini sándwich vainilla y cookie Hacendado,Caja 6 ud. (510 ml),"2,80 € /ud.",64520," 5,491 €/L"
Congelados,Helados,Helado mini nocciola Hacendado,Caja 8 ud. (480 ml),"2,90 € /ud.",64499," 6,042 €/L"
Congelados,Helados,Helado mochi sabor coco Hacendado,Caja 6 ud. (216 ml),"2,80 € /ud.",64491," 12,963 €/L"
Congelados,Helados,Helado mini chocolate Hacendado,Caja 8 ud. (480 ml),"2,90 € /ud.",64061," 6,042 €/L"
Congelados,Helados,Helado vegetal mini a base de anacardo con crema de pistacho Hacendado,Caja 4 ud. (326 ml),"2,95 € /ud.",23850," 9,219 €/L"
Congelados,Helados,Helado Mochi mango Hacendado,Caja 6 ud. (216 ml),"2,80 € /ud.",64492," 12,963 €/L"
Congelados,Helados,Helado negro Hacendado,Caja 6 ud. (720 ml),"2,75 € /ud.",64248," 3,82 €/L"
Congelados,Helados,Medios cocos helados Hacendado,Caja 2 ud. (350 ml),"2,40 € /ud.",64166," 6,858 €/L"
Congelados,Helados,Helado mini cucurucho nata Hacendado,Caja 12 ud. (444 ml),"2,80 € /ud.",64246," 6,307 €/L"
Congelados,Helados,Helado cucurucho de vainilla Hacendado,Caja 6 ud. (720 ml),"2,20 € /ud.",86236," 3,056 €/L"
Congelados,Helados,Helado cucurucho de nata,Caja 6 ud. (720 ml),"2,20 € /ud.",64196," 3,056 €/L"
Congelados,Helados,Helado cucurucho choco nata Hacendado,Caja 6 ud. (720 ml),"2,20 € /ud.",64251," 3,056 €/L"
Congelados,Helados,Granizado de limón Hacendado,6 ud. x 200 ml,"2,60 € /pack",64705," 2,167 €/L"
Congelados,Helados,Helado de horchata Hacendado,Caja 10 ud. (750 ml),"2,25 € /ud.",64179," 3,00 €/L"
Congelados,Helados,Helado de vainilla Hacendado,Tarrina 1 L,"2,30 € /ud.",64518," 2,30 €/L"
Congelados,Helados,Helado de chocolate Hacendado,Tarrina 1 L,"2,90 € /ud.",64400," 2,90 €/L"
Congelados,Helados,Helado nata montada Hacendado,Bote 500 ml,"2,10 € /ud.",10198," 4,20 €/L"
Congelados,Helados,Helado turrón Hacendado,Bote 500 ml,"3,05 € /ud.",64445," 6,10 €/L"
Congelados,Helados,Helado chocolate y cookies Hacendado,Bote 500 ml,"2,85 € /ud.",64424," 5,70 €/L"
Congelados,Helados,Helado vainilla praliné con nueces pecán Hacendado,Tarrina 950 ml,"3,25 € /ud.",52560," 3,422 €/L"
Congelados,Helados,Helado caramelo con salsa de caramelo salado y trozos de caramelo Hacendado,Bote 500 ml,"3,05 € /ud.",22996," 6,10 €/L"
Congelados,Helados,Sorbete con limón Hacendado,Tarrina 1 L,"2,35 € /ud.",64509," 2,35 €/L"
Congelados,Helados,Helado capuccino Hacendado,Tarrina 950 ml,"2,90 € /ud.",52563," 3,053 €/L"
Congelados,Helados,Helado vainilla y nueces de macadamia Hacendado,Bote 500 ml,"2,85 € /ud.",64435," 5,70 €/L"
Congelados,Helados,Helado tarta de queso Hacendado con fresas,Bote 500 ml,"2,85 € /ud.",64436," 5,70 €/L"
Congelados,Helados,Helado sabor huevo de chocolate Hacendado,Tarrina 950 ml,"3,25 € /ud.",52561," 3,422 €/L"
Congelados,Helados,Helado vegetal de chocolate Hacendado con trozos de chocolate,Bote 500 ml,"3,05 € /ud.",23852," 6,10 €/L"
Congelados,Helados,"Helado +Proteínas sabor plátano con trozos de brownie Hacendado 24,6 g proteínas",Bote 500 ml,"2,85 € /ud.",86481," 5,70 €/L"
Congelados,Helados,Helado nutticream Hacendado,Bote 500 ml,"3,05 € /ud.",35531," 6,10 €/L"
Congelados,Helados,Tarta helada nata y chocolate Hacendado,Caja 1 L,"1,95 € /ud.",70711," 1,95 €/L"
Congelados,Helados,"Barra de helado sabor vainilla, chocolate y nata Hacendado",Caja 10 raciones (1 L),"1,85 € /ud.",64214," 1,85 €/L"
Congelados,Helados,Obleas para helado Hacendado,Paquete 24 ud. (52 g),"0,70 € /ud.",15953," 13,462 €/kg"
Congelados,Helados,Tubitos bañados chocolate negro Hacendado,Bote 150 g,"2,10 € /ud.",14555," 14,00 €/kg"
Congelados,Helados,Tubitos Hacendado,Bote 175 g,"2,00 € /ud.",36205," 11,429 €/kg"
Congelados,Hielo,Cubos de hielo,5 paquetes x 2 kg,"4,25 € /pack",64133," 0,425 €/kg"
Congelados,Hielo,Cubos de hielo,Paquete 2 kg,"0,85 € /ud.",64126," 0,425 €/kg"
Congelados,Hielo,Hielo cocktail,Paquete 2 kg,"1,20 € /ud.",64139," 0,60 €/kg"
Congelados,Marisco,Preparado de paella y sopa Hacendado ultracongelado,Paquete 685 g escurrido,"3,95 € /ud.",62048," 5,767 €/kg"
Congelados,Marisco,Gambón congelado,Granel 150 g aprox.,"1,49 € /150 g",24147," 9,95 €/kg"
Congelados,Marisco,Gambón grande congelado,Caja 2 kg,"19,90 €17,90 € /ud.",24260," 8,95 €/kg"
Congelados,Marisco,Alistado pequeño congelado,Granel 150 g aprox.,"2,18 € /150 g",24708," 14,50 €/kg"
Congelados,Marisco,Alistado pequeño Hacendado congelado,Caja 1 kg aprox.,"13,50 € /ud.",24707," 13,50 €/kg"
Congelados,Marisco,Alistado mediano Hacendado ultracongelado,Caja 500 g,"15,50 € /ud.",62704," 31,00 €/kg"
Congelados,Marisco,Langostino crudo ultracongelado,Caja 600 g escurrido,"6,95 € /ud.",24712," 11,584 €/kg"
Congelados,Marisco,Gamba arrocera Hacendado congelada,Granel 150 g aprox.,"2,24 € /150 g",24701," 14,95 €/kg"
Congelados,Marisco,Gamba blanca pequeña Hacendado congelada,Caja 1 kg aprox.,"13,95 € /ud.",24700," 13,95 €/kg"
Congelados,Marisco,Gamba blanca cocida Hacendado ultracongelada,Bandeja 350 g,"5,55 € /ud.",24278," 15,858 €/kg"
Congelados,Marisco,Carabinero Hacendado congelado,Caja 500 g aprox.,"50,00 € /ud.",24710," 100,00 €/kg"
Congelados,Marisco,Langostino cocido y pelado Hacendado ultracongelado,Bandeja 220 g escurrido,"4,75 € /ud.",24477," 21,591 €/kg"
Congelados,Marisco,Gamba pelada cruda tamaño mediano Hacendado ultracongelada,Paquete 360 g escurrido,"4,95 € /ud.",24181," 13,75 €/kg"
Congelados,Marisco,Langostino crudo y pelado Hacendado ultracongelado,Bandeja 220 g escurrido,"3,95 € /ud.",24486," 17,955 €/kg"
Congelados,Marisco,Camarón boreal cocido y pelado Royal Greenland ultracongelado,Paquete 200 g,"4,25 € /ud.",24267," 21,25 €/kg"
Congelados,Marisco,Gamba pelada cruda tamaño grande Hacendado ultracongelada,Paquete 360 g escurrido,"5,95 € /ud.",24230," 16,528 €/kg"
Congelados,Marisco,Colas de gambón crudo Hacendado congelado,Bandeja 250 g,"6,55 € /ud.",24102," 26,20 €/kg"
Congelados,Marisco,Cigala mediana Hacendado ultracongelada,Caja 500 g,"10,65 € /ud.",24032," 21,30 €/kg"
Congelados,Marisco,Bogavante americano mediano crudo Hacendado congelado,Pieza 450 g escurrido,"14,85 € /ud.",62386," 33,00 €/kg"
Congelados,Marisco,Bocas de cangrejo pequeñas congeladas,Granel 150 g aprox.,"2,97 € /150 g",24487," 19,80 €/kg"
Congelados,Marisco,Bocas de cangrejo pequeñas Hacendado congeladas,Caja 500 g,"8,95 € /ud.",24387," 17,90 €/kg"
Congelados,Marisco,Buey de mar cocido Hacendado congelado,Pieza 715 g,"10,96 € /ud.",62320," 15,33 €/kg"
Congelados,Marisco,Nécora cocida Hacendado congelada,Caja 500 g escurrido,"6,15 € /ud.",24120," 12,30 €/kg"
Congelados,Marisco,Palitos de surimi Hacendado ultracongelados,Paquete 32 ud. (600 g),"2,35 € /ud.",62403," 3,917 €/kg"
Congelados,Marisco,Carne de mejillón de Chile cocido Hacendado ultracongelado,Paquete 275 g escurrido,"2,45 €2,40 € /ud.",62396," 8,728 €/kg"
Congelados,Marisco,Mejillón de Chile entero cocido Hacendado ultracongelado,Caja 450 g,"3,25 € /ud.",62401," 7,223 €/kg"
Congelados,Marisco,Almeja Hacendado congelada,Paquete 450 g,"1,70 € /ud.",60874," 3,778 €/kg"
Congelados,Pescado,Filetes de merluza del cabo sin piel Hacendado ultracongelados,Paquete 600 g escurrido,"5,10 € /ud.",62228," 8,50 €/kg"
Congelados,Pescado,Rodaja de emperador Hacendado ultracongelado,Pieza 200 g aprox. escurrido,"3,18 € /ud.",24345," 17,667 €/kg"
Congelados,Pescado,Filetes de bacalao Maredeus ultracongelado,Paquete 375 g escurrido,"5,50 €5,30 € /ud.",24016," 14,134 €/kg"
Congelados,Pescado,Tubo de pota argentina limpia congelado,Pieza 100 g aprox. escurrido,"1,29 € /ud.",24203," 12,90 €/kg"
Congelados,Pescado,Medallones de merluza Hacendado ultracongelados,Paquete 485 g escurrido,"4,50 € /ud.",62131," 9,279 €/kg"
Congelados,Pescado,Sepia limpia congelada,Pieza 400 g aprox. escurrido,"5,98 € /ud.",24200," 14,95 €/kg"
Congelados,Pescado,Filete de salmón rosado salvaje con piel Hacendado ultracongelado,Pieza 300 g aprox. escurrido,"3,58 € /ud.",24350," 11,95 €/kg"
Congelados,Pescado,Rodajas de merluza del cabo Hacendado ultracongeladas,Paquete 580 g escurrido,"5,00 € /ud.",62121," 8,621 €/kg"
Congelados,Pescado,Sepia limpia troceada Hacendado congelada,Paquete 360 g escurrido,"4,05 € /ud.",24274," 11,25 €/kg"
Congelados,Pescado,Calamar limpio troceado Hacendado congelado,Paquete 475 g escurrido,"5,10 € /ud.",24242," 10,737 €/kg"
Congelados,Pescado,Filetes de panga Hacendado ultracongelados,Paquete 900 g escurrido,"4,95 € /ud.",62191," 5,50 €/kg"
Congelados,Pescado,Lomos y centros de merluza del cabo Hacendado ultracongelados,Caja 400 g,"3,85 € /ud.",62113," 9,625 €/kg"
Congelados,Pescado,Anguriñas de surimi Hacendado ultracongeladas,Bandeja 260 g,"2,30 € /ud.",62499," 8,847 €/kg"
Congelados,Pescado,Porciones de bacalao sin piel MareDeus ultracongelado,Paquete 600 g escurrido,"7,40 €7,20 € /ud.",24025," 12,00 €/kg"
Congelados,Pescado,Rodaja de potón del Pacífico cocido Hacendado congelado,Paquete 475 g escurrido,"6,05 € /ud.",24234," 12,737 €/kg"
Congelados,Pescado,Rodaja de tintorera sin piel Hacendado ultracongelada,Pieza 450 g aprox. escurrido,"3,13 € /ud.",24383," 6,95 €/kg"
Congelados,Pescado,Porciones de merluza del cabo sin piel Hacendado ultracongeladas,Paquete 500 g,"4,60 € /ud.",62103," 9,20 €/kg"
Congelados,Pescado,Sepia limpia pequeña Hacendado congelada,Paquete 360 g escurrido,"4,00 € /ud.",24206," 11,112 €/kg"
Congelados,Pescado,Tacos de bacalao MareDeus ultracongelado,Paquete 400 g escurrido,"4,95 € /ud.",24024," 12,375 €/kg"
Congelados,Pescado,Pescadilla de merluza sin cabeza Hacendado ultracongelada,Paquete 1 kg escurrido,"5,00 € /ud.",62176," 5,00 €/kg"
Congelados,Pescado,Cola de rape del cabo Hacendado ultracongelada,Pieza 500 g aprox. escurrido,"8,48 € /ud.",24340," 16,95 €/kg"
Congelados,Pescado,Tiras de potón Hacendado congeladas,Paquete 400 g escurrido,"4,45 € /ud.",24341," 11,125 €/kg"
Congelados,Pescado,Tinta de sepia Nortindal congelada,Paquete 8 ud. (32 g),"2,05 € /ud.",24256," 6,407 €/100 g"
Congelados,Pescado,Filetes de merluza del cabo grandes sin piel Hacendado ultracongelados,Paquete 970 g escurrido,"9,90 € /ud.",62179," 10,207 €/kg"
Congelados,Pescado,Filete de fletán negro Hacendado congelado,Pieza 200 g aprox. escurrido,"3,60 € /ud.",24344," 18,00 €/kg"
Congelados,Pescado,Merluza del cabo sin cabeza Hacendado ultracongelada,Pieza 700 g aprox. escurrido,"4,86 € /ud.",24324," 6,95 €/kg"
Congelados,Pescado,Anillas de pota Hacendado congeladas,Paquete 360 g escurrido,"5,15 € /ud.",24249," 14,306 €/kg"
Congelados,Pescado,Pulpo crudo Hacendado congelado,Paquete 1 kg aprox.,"17,95 € /ud.",24208," 17,95 €/kg"
Congelados,Pescado,Chipirón puntilla Hacendado congelado,Paquete 450 g escurrido,"4,70 € /ud.",24291," 10,445 €/kg"
Congelados,Pescado,Lenguado negro entero Hacendado ultracongelado,Paquete 600 g escurrido,"7,70 € /ud.",62029," 12,834 €/kg"
Congelados,Pescado,Lomos de salmón sin piel y sin espinas Hacendado congelado,Paquete 2 ud. (250 g),"6,50 €6,40 € /ud.",24511," 25,60 €/kg"
Congelados,Pescado,Migas de bacalao sin espinas y sin piel MareDeus ultra congeladas,Paquete 300 g escurrido,"3,85 € /ud.",24023," 12,834 €/kg"
Congelados,Pescado,Gallos sin cabeza Hacendado ultracongelado,Paquete 600 g escurrido,"6,25 € /ud.",62000," 10,417 €/kg"
Congelados,Pescado,Calamar patagónico pequeño Hacendado ultracongelado,Paquete 500 g escurrido,"4,50 € /ud.",63432," 9,00 €/kg"
Congelados,Pescado,Rodajas de atún de aleta amarilla Hacendado congelado,Bandeja 250 g aprox.,"4,19 € /ud.",24357," 16,76 €/kg"
Congelados,Pescado,Calamar grande Hacendado congelado,Pieza 200 g aprox.,"3,19 € /ud.",24417," 15,95 €/kg"
Congelados,Pescado,Croquetas de merluza Hacendado ultracongelados,Paquete 350 g,"2,45 € /ud.",60954," 7,00 €/kg"
Congelados,Pescado,Lomo de bacalao MareDeus ultracongelado,Paquete 390 g aprox.,"6,35 € /ud.",62050," 16,28 €/kg"
Congelados,Pizzas,Pizzas tomate y queso Hacendado ultracongeladas,2 ud. x 285 g,"2,40 € /pack",63597," 4,211 €/kg"
Congelados,Pizzas,Pizza boloñesa Hacendado ultracongelada,400 g,"2,60 € /ud.",63559," 6,50 €/kg"
Congelados,Pizzas,Pizza masa fina 4 quesos Hacendado ultracongelada,390 g,"2,50 € /ud.",63340," 6,411 €/kg"
Congelados,Pizzas,Pizza atún Hacendado ultracongelada,390 g,"2,60 € /ud.",63501," 6,667 €/kg"
Congelados,Pizzas,Pizza Pepperoni barbacoa Hacendado ultracongelada,540 g,"3,50 € /ud.",22648," 6,482 €/kg"
Congelados,Pizzas,Pizza masa fina jamón Hacendado ultracongelada,400 g,"2,50 € /ud.",63339," 6,25 €/kg"
Congelados,Pizzas,Pizza americana rellena de cheddar Hacendado ultracongelada,540 g,"3,50 € /ud.",63643," 6,482 €/kg"
Congelados,Pizzas,Pizza 4 quesos sin gluten y sin lactosa Hacendado ultracongelada,410 g,"3,10 € /ud.",63623," 7,561 €/kg"
Congelados,Pizzas,Pizza masa fina carbonara Hacendado ultracongelada,390 g,"2,50 € /ud.",52511," 6,411 €/kg"
Congelados,Pizzas,Pizza masa fina Barbacoa Hacendado ultracongelada,390 g,"2,50 € /ud.",22649," 6,411 €/kg"
Congelados,Pizzas,Bases de pizza artesanas extrafinas y crujientes Hacendado ultracongeladas,Paquete 3 ud. (420 g),"1,90 € /ud.",63648," 4,524 €/kg"
Congelados,Pizzas,Bases de pizza sin gluten sin lactosa Hacendado ultracongeladas,Paquete 2 ud. (400 g),"4,00 € /ud.",63606," 10,00 €/kg"
Congelados,Rebozados,Nuggets de pollo Hacendado ultracongelados,Paquete 500 g,"2,70 € /ud.",63323," 5,40 €/kg"
Congelados,Rebozados,Croquetas de cocido Hacendado ultracongeladas,Paquete 350 g,"1,90 € /ud.",13496," 5,429 €/kg"
Congelados,Rebozados,Delicias de pollo Hacendado ultracongeladas,Paquete 500 g,"3,75 € /ud.",63322," 7,50 €/kg"
Congelados,Rebozados,San Jacobos empanados de york y queso Hacendado ultracongelados,Paquete 4 ud. (350 g),"1,30 €1,25 € /ud.",63321," 3,572 €/kg"
