categoria,subcategoria,descripcion,unidades,precio,code,compare
Fruta y verdura,Fruta,Plátano de Canarias IGP,Pieza 160 g aprox.,"0,32 € /ud.",3819," 1,99 €/kg"
Fruta y verdura,Fruta,Banana,Pieza 170 g aprox.,"0,25 € /ud.",3824," 1,45 €/kg"
Fruta y verdura,Fruta,Plátano macho,Pieza 300 g aprox.,"0,87 € /ud.",3132," 2,89 €/kg"
Fruta y verdura,Fruta,Uva blanca sin semillas,Bandeja 500 g aprox.,"2,55 € /ud.",3313," 5,10 €/kg"
Fruta y verdura,Fruta,Uva roja sin semillas,Bandeja 500 g aprox.,"2,45 € /ud.",3321," 4,89 €/kg"
Fruta y verdura,Fruta,Manzana Golden,Pieza 240 g aprox.,"0,50 € /ud.",3028," 2,09 €/kg"
Fruta y verdura,Fruta,Manzanas Golden,"Bolsa 1,5 kg aprox.","2,84 € /ud.",3269," 1,89 €/kg"
Fruta y verdura,Fruta,Pera Conferencia,Pieza 150 g aprox.,"0,37 € /ud.",3119," 2,49 €/kg"
Fruta y verdura,Fruta,Peras Conferencia,"1,5 kg aprox.","2,69 € /pack",3297," 1,79 €/kg"
Fruta y verdura,Fruta,Manzana roja dulce,Pieza 290 g aprox.,"0,80 € /ud.",8177," 2,75 €/kg"
Fruta y verdura,Fruta,Manzanas rojas dulces,"Bolsa 1,5 kg aprox.","3,59 € /ud.",8280," 2,39 €/kg"
Fruta y verdura,Fruta,Pera Ercolina,Pieza 100 g aprox.,"0,35 € /ud.",3170," 3,49 €/kg"
Fruta y verdura,Fruta,Manzana Granny Smith,Pieza 190 g aprox.,"0,40 € /ud.",3021," 2,09 €/kg"
Fruta y verdura,Fruta,Pera Rocha,Pieza 130 g aprox.,"0,31 € /ud.",3267," 2,39 €/kg"
Fruta y verdura,Fruta,Manzana roja acidulce,Pieza 240 g aprox.,"0,57 € /ud.",8175," 2,39 €/kg"
Fruta y verdura,Fruta,Manzanas rojas acidulces,"Bolsa 1,5 kg aprox.","2,54 € /ud.",8268," 1,69 €/kg"
Fruta y verdura,Fruta,1/4 Sandía baja en semillas,"1/4 Pieza 1,75 kg aprox.","4,01 € /ud.",3505.2," 2,29 €/kg"
Fruta y verdura,Fruta,Media sandía baja en semillas,"1/2 Pieza 3,36 kg aprox.","7,69 € /ud.",3505.1," 2,29 €/kg"
Fruta y verdura,Fruta,Sandía baja en semillas,"Pieza 6,96 kg aprox.","15,24 € /ud.",3529," 2,19 €/kg"
Fruta y verdura,Fruta,Medio melón piel de sapo,"1/2 Pieza 1,68 kg aprox.","3,51 € /ud.",3515," 2,09 €/kg"
Fruta y verdura,Fruta,Melón piel de sapo,"Pieza 3,24 kg aprox.","6,12 € /ud.",3506," 1,89 €/kg"
Fruta y verdura,Fruta,Limones,Malla 1 kg,"1,69 €1,55 € /ud.",3236," 1,55 €/kg"
Fruta y verdura,Fruta,Limón,Pieza 160 g aprox.,"0,30 € /ud.",3210," 1,85 €/kg"
Fruta y verdura,Fruta,Mandarina,Pieza 130 g aprox.,"0,26 € /ud.",3238," 1,99 €/kg"
Fruta y verdura,Fruta,Mandarinas,"1,5 kg","3,29 €3,14 € /pack",30501," 2,094 €/kg"
Fruta y verdura,Fruta,Mandarina,Malla 2 kg,"3,78 €3,58 € /ud.",5504," 1,79 €/kg"
Fruta y verdura,Fruta,Naranja para mesa,Pieza 280 g aprox.,"0,53 € /ud.",3235," 1,89 €/kg"
Fruta y verdura,Fruta,Naranjas,Malla 3 kg,"4,47 € /ud.",3277," 1,49 €/kg"
Fruta y verdura,Fruta,Naranjas,Malla 5 kg,"4,95 € /ud.",3485," 0,99 €/kg"
Fruta y verdura,Fruta,Pomelo,Pieza 290 g aprox.,"0,58 € /ud.",3202," 1,99 €/kg"
Fruta y verdura,Fruta,Lima,Pieza 80 g aprox.,"0,32 € /ud.",3897," 3,99 €/kg"
Fruta y verdura,Fruta,Kiwi verde,Pieza 110 g aprox.,"0,28 € /ud.",3820," 2,50 €/kg"
Fruta y verdura,Fruta,Kiwis verdes,Bandeja 1 kg aprox.,"2,88 € /ud.",3832," 2,88 €/kg"
Fruta y verdura,Fruta,Aguacate,Pieza 190 g aprox.,"1,00 € /ud.",3830," 5,25 €/kg"
Fruta y verdura,Fruta,Aguacates,550 g aprox.,"2,69 € /pack",3858," 4,89 €/kg"
Fruta y verdura,Fruta,Piña,"Pieza 2,14 kg aprox.","3,10 € /ud.",3125," 1,45 €/kg"
Fruta y verdura,Fruta,Media piña,"1/2 Pieza 1,07 kg aprox.","1,77 € /ud.",5425," 1,65 €/kg"
Fruta y verdura,Fruta,Guacamole Hacendado,Tarrina 500 g,"3,59 € /ud.",3840," 7,18 €/kg"
Fruta y verdura,Fruta,Guacamole Hacendado,Tarrina 200 g,"1,75 € /ud.",3852," 8,75 €/kg"
Fruta y verdura,Fruta,Mango,Pieza 450 g aprox.,"1,53 € /ud.",3050," 3,39 €/kg"
Fruta y verdura,Fruta,Piña natural a rodajas,Bote 500 g aprox.,"2,90 € /ud.",3024," 5,79 €/kg"
Fruta y verdura,Fruta,Papaya,Pieza 480 g aprox.,"2,40 € /ud.",3026," 4,99 €/kg"
Fruta y verdura,Fruta,Fresón,Bandeja 500 g aprox.,"2,70 € /ud.",3715," 5,40 €/kg"
Fruta y verdura,Fruta,Frambuesas,Bandeja 170 g,"2,50 € /ud.",5508," 14,706 €/kg"
Fruta y verdura,Fruta,Moras,Bandeja 125 g,"2,39 € /ud.",3704," 19,12 €/kg"
Fruta y verdura,Fruta,Arándanos,Vaso 225 g,"3,15 €2,99 € /ud.",5501," 13,289 €/kg"
Fruta y verdura,Fruta,Arándanos,Tarrina 500 g,"6,49 €6,25 € /ud.",5507," 12,50 €/kg"
Fruta y verdura,Lechuga y ensalada preparada,Lechuga Iceberg,Pieza 1 ud.,"1,05 €0,99 € /ud.",68130," 0,99 €/ud"
Fruta y verdura,Lechuga y ensalada preparada,Ensalada mezcla 4 estaciones,Paquete 250 g,"0,72 € /ud.",69706," 2,88 €/kg"
Fruta y verdura,Lechuga y ensalada preparada,Lechugas corazón romana,Paquete 2 ud.,"1,63 € /ud.",69121," 0,815 €/ud"
Fruta y verdura,Lechuga y ensalada preparada,Ensalada mezcla brotes tiernos,Paquete 100 g,"1,15 € /ud.",69757," 11,50 €/kg"
Fruta y verdura,Lechuga y ensalada preparada,Canónigos,Paquete 125 g,"1,14 € /ud.",69719," 9,12 €/kg"
Fruta y verdura,Lechuga y ensalada preparada,Lechuga iceberg,Paquete 250 g,"0,86 € /ud.",69670," 3,44 €/kg"
Fruta y verdura,Lechuga y ensalada preparada,Ensalada mezcla gourmet,Paquete 175 g,"1,02 € /ud.",69744," 5,829 €/kg"
Fruta y verdura,Lechuga y ensalada preparada,Cogollos de lechuga,Paquete 3 ud.,"1,12 € /ud.",69581," 0,374 €/ud"
Fruta y verdura,Lechuga y ensalada preparada,Lechuga corazón romana,Paquete 1 ud.,"1,15 € /ud.",69122," 1,15 €/ud"
Fruta y verdura,Lechuga y ensalada preparada,Endibias,Bandeja 450 g,"1,65 € /ud.",69591," 3,667 €/kg"
Fruta y verdura,Lechuga y ensalada preparada,Ensalada mezcla brotes tiernos maxi,Paquete 175 g,"1,59 € /ud.",69810," 9,086 €/kg"
Fruta y verdura,Lechuga y ensalada preparada,Ensalada mezcla gourmet maxi,Paquete 300 g,"1,66 € /ud.",69741," 5,534 €/kg"
Fruta y verdura,Lechuga y ensalada preparada,Ensalada mezcla tierna,Paquete 150 g,"1,20 € /ud.",69840," 8,00 €/kg"
Fruta y verdura,Lechuga y ensalada preparada,Rúcula,Paquete 50 g,"0,79 € /ud.",69753," 15,80 €/kg"
Fruta y verdura,Lechuga y ensalada preparada,Cogollos corazón de lechuga,Paquete 6 ud.,"1,98 € /ud.",69582," 0,33 €/ud"
Fruta y verdura,Lechuga y ensalada preparada,Ensalada mezcla primavera,Paquete 200 g,"0,96 € /ud.",69703," 4,80 €/kg"
Fruta y verdura,Lechuga y ensalada preparada,Ensalada mezcla dúo canónigos y rúcula,Paquete 100 g,"1,30 € /ud.",69697," 13,00 €/kg"
Fruta y verdura,Lechuga y ensalada preparada,Ensalada mezcla fresca,Paquete 200 g,"1,11 € /ud.",69750," 5,55 €/kg"
Fruta y verdura,Lechuga y ensalada preparada,Lechuga hoja roble,Paquete 1 ud.,"1,30 € /ud.",69114," 1,30 €/ud"
Fruta y verdura,Lechuga y ensalada preparada,Escarola rizada,Paquete 150 g,"1,20 € /ud.",69720," 8,00 €/kg"
Fruta y verdura,Lechuga y ensalada preparada,Escarola rizada,Paquete 1 ud.,"1,74 € /ud.",68233," 1,74 €/ud"
Fruta y verdura,Lechuga y ensalada preparada,Espinaca baby,Paquete 100 g,"1,11 € /ud.",69984," 11,10 €/kg"
Fruta y verdura,Lechuga y ensalada preparada,Lechuga romana cortada,Paquete 200 g,"1,15 € /ud.",69435," 5,75 €/kg"
Fruta y verdura,Lechuga y ensalada preparada,Ensalada César,Bol 210 g,"2,39 € /ud.",69746," 11,381 €/kg"
Fruta y verdura,Lechuga y ensalada preparada,Ensalada California,Bol 192 g,"2,29 € /ud.",69714," 11,928 €/kg"
Fruta y verdura,Lechuga y ensalada preparada,Wraps Texas,Bol 300 g,"2,99 € /ud.",69850," 9,967 €/kg"
Fruta y verdura,Lechuga y ensalada preparada,Ensalada de la casa,Bol 400 g,"2,10 € /ud.",69756," 5,25 €/kg"
Fruta y verdura,Lechuga y ensalada preparada,Ensalada mil islas,Bol 330 g,"2,55 € /ud.",69742," 7,728 €/kg"
Fruta y verdura,Lechuga y ensalada preparada,Ensalada ensatún,Bol 250 g,"2,49 € /ud.",69872," 9,96 €/kg"
Fruta y verdura,Lechuga y ensalada preparada,Ensalada jamón,Bol 215 g,"2,49 € /ud.",69884," 11,582 €/kg"
Fruta y verdura,Lechuga y ensalada preparada,Ensalada de pasta,Bol 250 g,"2,49 € /ud.",69461," 9,96 €/kg"
Fruta y verdura,Lechuga y ensalada preparada,Ensalada queso de cabra,Bol 135 g,"2,79 € /ud.",69474," 20,667 €/kg"
Fruta y verdura,Lechuga y ensalada preparada,Ensalada de pasta Listo para Comer,Bol 340 g,"4,00 € /ud.",60221," 4,00 €/ud"
Fruta y verdura,Verdura,Patata,Pieza 220 g aprox.,"0,44 € /ud.",69066," 1,99 €/kg"
Fruta y verdura,Verdura,Patatas,Malla 3 kg,"4,90 € /ud.",69166," 1,634 €/kg"
Fruta y verdura,Verdura,Patatas rojas,Malla 2 kg,"3,65 € /ud.",69098," 1,825 €/kg"
Fruta y verdura,Verdura,Patatas,Malla 5 kg,"6,49 € /ud.",69099," 1,298 €/kg"
Fruta y verdura,Verdura,Batata,Pieza 320 g aprox.,"0,67 € /ud.",69239," 2,10 €/kg"
Fruta y verdura,Verdura,Patatas especial para freir,Malla 2 kg,"3,75 € /ud.",69448," 1,875 €/kg"
Fruta y verdura,Verdura,Yuca,Pieza 620 g aprox.,"1,66 € /ud.",69173," 2,68 €/kg"
Fruta y verdura,Verdura,Patata fresca para freír pelada y cortada,Paquete 500 g,"1,40 € /ud.",69890," 2,80 €/kg"
Fruta y verdura,Verdura,Cebollas tiernas,Manojo 3 ud.,"1,29 € /ud.",69139," 0,43 €/ud"
Fruta y verdura,Verdura,Cebollas,Malla 2 kg,"3,85 € /ud.",69079," 1,925 €/kg"
Fruta y verdura,Verdura,Cebollas,Malla 1 kg,"2,39 € /ud.",69089," 2,39 €/kg"
Fruta y verdura,Verdura,Ajos morados,Malla 250 g,"1,55 € /ud.",69297," 6,20 €/kg"
Fruta y verdura,Verdura,Cebollas dulces,Malla 1 kg,"2,44 € /ud.",69155," 2,44 €/kg"
Fruta y verdura,Verdura,Ajo tierno,Manojo 200 g,"2,35 € /ud.",69632," 11,75 €/kg"
Fruta y verdura,Verdura,Ajos morados,Malla 400 g,"2,10 € /ud.",69298," 5,25 €/kg"
Fruta y verdura,Verdura,Cebollas rojas,Malla 500 g,"1,45 € /ud.",69162," 2,90 €/kg"
Fruta y verdura,Verdura,Ajo negro dientes pelados,Tarrina 85 g,"4,45 € /ud.",69695," 52,353 €/kg"
Fruta y verdura,Verdura,Chalotas,Malla 250 g,"1,69 € /ud.",69682," 6,76 €/kg"
Fruta y verdura,Verdura,Picada de ajo y Perejil,Bandeja 100 g,"1,45 € /ud.",40475," 14,50 €/kg"
Fruta y verdura,Verdura,Tomate ensalada,Pieza 230 g aprox.,"0,53 € /ud.",69937," 2,29 €/kg"
Fruta y verdura,Verdura,Tomate canario,Pieza 230 g aprox.,"0,45 € /ud.",69968," 1,95 €/kg"
Fruta y verdura,Verdura,Tomate pera,Pieza 110 g aprox.,"0,22 € /ud.",69912," 1,99 €/kg"
Fruta y verdura,Verdura,Tomates pera,Bandeja 1 kg aprox.,"2,09 € /ud.",69975," 2,09 €/kg"
Fruta y verdura,Verdura,Tomates cherry pera kumato,Bandeja 300 g,"1,55 € /ud.",69930," 5,167 €/kg"
Fruta y verdura,Verdura,Tomates cherry,Bandeja 500 g,"1,95 € /ud.",69990," 3,90 €/kg"
Fruta y verdura,Verdura,Tomates cherry en rama Dulcita,Bandeja 200 g,"2,26 € /ud.",69414," 11,30 €/kg"
Fruta y verdura,Verdura,Tomates,Malla 2 kg,"3,70 € /ud.",69971," 1,85 €/kg"
Fruta y verdura,Verdura,Tomate kumato negro,Pieza 90 g aprox.,"0,24 € /ud.",69935," 2,69 €/kg"
Fruta y verdura,Verdura,Tomate rallado,Tarrina 290 g,"1,39 € /ud.",69938," 4,794 €/kg"
Fruta y verdura,Verdura,Rama de Tomates,880 g aprox.,"2,02 € /pack",69487," 2,29 €/kg"
Fruta y verdura,Verdura,Tomate de ramillete de Mallorca,Bandeja 550 g aprox.,"2,74 € /ud.",69967," 4,99 €/kg"
Fruta y verdura,Verdura,Tomates Anhel,460 g aprox.,"2,76 € /pack",69446," 5,99 €/kg"
Fruta y verdura,Verdura,Zanahorias,Paquete 1 kg,"1,09 € /ud.",69586," 1,09 €/kg"
Fruta y verdura,Verdura,Pepino,Pieza 180 g aprox.,"0,36 € /ud.",69584," 1,99 €/kg"
Fruta y verdura,Verdura,Pepino holandés,Pieza 425 g aprox.,"0,93 € /ud.",69964," 2,20 €/kg"
Fruta y verdura,Verdura,Zanahorias,Paquete 500 g,"0,85 € /ud.",69669," 1,70 €/kg"
Fruta y verdura,Verdura,Pepinos,"Malla 1,25 kg","2,48 € /ud.",69685," 1,984 €/kg"
Fruta y verdura,Verdura,Palitos de zanahoria,Tarrina 180 g,"1,99 € /ud.",69877," 11,056 €/kg"
Fruta y verdura,Verdura,Zanahoria rallada base para ensalada,Paquete 150 g,"0,90 € /ud.",69722," 6,00 €/kg"
Fruta y verdura,Verdura,Pimiento rojo,Pieza 410 g aprox.,"1,10 € /ud.",69310," 2,69 €/kg"
Fruta y verdura,Verdura,Calabacín verde,Pieza 320 g aprox.,"0,57 € /ud.",69338," 1,79 €/kg"
Fruta y verdura,Verdura,Pimiento verde freír,Pieza 130 g aprox.,"0,28 € /ud.",69320," 2,19 €/kg"
Fruta y verdura,Verdura,Pimiento verde,Pieza 370 g aprox.,"1,00 € /ud.",69312," 2,69 €/kg"
Fruta y verdura,Verdura,"Pimientos tricolor rojo, amarillo y verde",550 g aprox.,"1,64 € /pack",69495," 2,98 €/kg"
Fruta y verdura,Verdura,Pimientos semipicantes,Paquete 250 g,"1,35 € /ud.",69590," 5,40 €/kg"
Fruta y verdura,Verdura,Coliflor,"Pieza 1,21 kg aprox.","2,41 € /ud.",69220," 1,99 €/kg"
Fruta y verdura,Verdura,Repollo liso,"Pieza 1,43 kg aprox.","2,36 € /ud.",69236," 1,65 €/kg"
Fruta y verdura,Verdura,Medio repollo liso,1/2 Pieza 800 g aprox.,"1,55 € /ud.",69246," 1,94 €/kg"
Fruta y verdura,Verdura,Repollo rizado,"Pieza 1,07 kg aprox.","1,77 € /ud.",69238," 1,65 €/kg"
Fruta y verdura,Verdura,Medio repollo rizado,1/2 Pieza 640 g aprox.,"1,24 € /ud.",69257," 1,94 €/kg"
Fruta y verdura,Verdura,Col lombarda,Pieza 870 g aprox.,"1,61 € /ud.",69251," 1,85 €/kg"
Fruta y verdura,Verdura,Media col lombarda,1/2 Pieza 470 g aprox.,"0,99 € /ud.",69258," 2,10 €/kg"
Fruta y verdura,Verdura,Champiñón pequeño,Bandeja 300 g aprox.,"1,43 € /ud.",69651," 4,76 €/kg"
Fruta y verdura,Verdura,Champiñón laminado limpio,Bandeja 320 g aprox.,"1,99 € /ud.",69519," 6,22 €/kg"
Fruta y verdura,Verdura,Seta,Bandeja 250 g aprox.,"1,95 € /ud.",69653," 7,79 €/kg"
Fruta y verdura,Verdura,Champiñón grande,Bandeja 430 g aprox.,"2,21 € /ud.",69672," 5,13 €/kg"
Fruta y verdura,Verdura,Seta laminada,Bandeja 250 g aprox.,"2,11 € /ud.",69616," 8,45 €/kg"
Fruta y verdura,Verdura,Champiñón Portobello,Bandeja 300 g aprox.,"2,03 € /ud.",69664," 6,76 €/kg"
Fruta y verdura,Verdura,Seta shiitake,Bandeja 300 g aprox.,"3,76 € /ud.",69647," 12,53 €/kg"
Fruta y verdura,Verdura,Mix de setas intenso,Bandeja 235 g aprox.,"3,96 € /ud.",69657," 16,85 €/kg"
Fruta y verdura,Verdura,Mix de setas suave,Bandeja 260 g aprox.,"3,82 € /ud.",69876," 14,70 €/kg"
Fruta y verdura,Verdura,Perejil troceado,Paquete 40 g,"0,75 € /ud.",69701," 1,875 €/100 g"
Fruta y verdura,Verdura,Jengibre,200 g aprox.,"1,69 € /pack",69289," 8,45 €/kg"
Fruta y verdura,Verdura,Cilantro,Bandeja 20 g,"1,25 € /ud.",69690," 6,25 €/100 g"
Fruta y verdura,Verdura,Albahaca,Bandeja 20 g,"1,50 € /ud.",69287," 7,50 €/100 g"
Fruta y verdura,Verdura,Hierbabuena,Paquete 40 g,"1,35 € /ud.",68037," 3,375 €/100 g"
Fruta y verdura,Verdura,Cebollino,Bandeja 20 g,"1,80 € /ud.",69286," 9,00 €/100 g"
Fruta y verdura,Verdura,Espinacas cortadas,Paquete 300 g,"1,20 € /ud.",69730," 4,00 €/kg"
Fruta y verdura,Verdura,Brócoli,Pieza 380 g aprox.,"0,95 € /ud.",69580," 2,49 €/kg"
Fruta y verdura,Verdura,Berenjena,Pieza 340 g aprox.,"0,54 € /ud.",69326," 1,59 €/kg"
Fruta y verdura,Verdura,Judía verde plana,Bandeja 750 g,"3,25 €2,99 € /ud.",69889," 3,987 €/kg"
Fruta y verdura,Verdura,Judía verde plana,Paquete 350 g,"1,89 € /ud.",68131," 5,40 €/kg"
Fruta y verdura,Verdura,Acelgas cortadas,Paquete 300 g,"1,20 € /ud.",69725," 4,00 €/kg"
Fruta y verdura,Verdura,Puerros,Paquete 900 g aprox.,"2,42 € /ud.",69411," 2,69 €/kg"
Fruta y verdura,Verdura,Puerros,Bandeja 450 g aprox.,"2,09 € /ud.",68408," 4,65 €/kg"
Fruta y verdura,Verdura,Alcachofa,Pieza 210 g aprox.,"0,56 € /ud.",69623," 2,65 €/kg"
Fruta y verdura,Verdura,Judía verde redonda,Bandeja 500 g,"2,99 € /ud.",69878," 5,98 €/kg"
Fruta y verdura,Verdura,Calabaza cacahuete cortada a trozos,Bandeja 450 g aprox.,"1,80 € /ud.",3527," 3,99 €/kg"
Fruta y verdura,Verdura,Apio verde,Paquete 660 g aprox.,"1,26 € /ud.",69275," 1,91 €/kg"
Fruta y verdura,Verdura,Apio cortado,Bandeja 210 g aprox.,"1,05 € /ud.",69245," 5,00 €/kg"
Fruta y verdura,Verdura,Preparado de verdura para escudella,"Bandeja 1,1 kg aprox.","2,37 € /ud.",5903," 2,15 €/kg"
Fruta y verdura,Verdura,Espárrago verde fino,Paquete 250 g,"2,25 € /ud.",69656," 9,00 €/kg"
Fruta y verdura,Verdura,Rabanitos,Paquete 250 g,"1,10 € /ud.",69117," 4,40 €/kg"
Fruta y verdura,Verdura,Remolacha cocida y pelada,Paquete 450 g,"0,99 € /ud.",69523," 2,20 €/kg"
Fruta y verdura,Verdura,Acelgas,Paquete 800 g,"2,26 € /ud.",69698," 2,825 €/kg"
Fruta y verdura,Verdura,Maíz dulce en mazorca cocido,Paquete 2 ud. (450 g),"1,55 € /ud.",69469," 3,445 €/kg"
Fruta y verdura,Verdura,Calabaza cacahuete,Pieza 920 g aprox.,"1,70 € /ud.",3388," 1,85 €/kg"
Fruta y verdura,Verdura,Media calabaza cacahuete,1/2 Pieza 520 g aprox.,"1,09 € /ud.",3387," 2,10 €/kg"
Fruta y verdura,Verdura,Espárrago verde grueso,Paquete 300 g,"3,69 €3,39 € /ud.",69643," 11,30 €/kg"
Fruta y verdura,Verdura,Maíz dulce en mazorca,Bandeja 2 ud.,"2,99 € /ud.",69585," 1,495 €/ud"
Fruta y verdura,Verdura,Calçots,Manojo 25 ud.,"4,99 € /ud.",69165," 0,20 €/ud"
Fruta y verdura,Verdura,3 Vegetales para microondas,Paquete 300 g,"1,64 € /ud.",69737," 5,467 €/kg"
Fruta y verdura,Verdura,Floretas de brócoli para microondas,Paquete 230 g,"1,52 € /ud.",69622," 6,609 €/kg"
Fruta y verdura,Verdura,Mix de verduras paisana para microondas,Paquete 300 g,"1,80 € /ud.",69789," 6,00 €/kg"
Fruta y verdura,Verdura,Sopa juliana para microondas,Paquete 400 g,"1,35 € /ud.",69735," 3,375 €/kg"
Fruta y verdura,Verdura,Patata para microondas,Paquete 400 g,"1,45 € /ud.",69484," 3,625 €/kg"
Fruta y verdura,Verdura,Batata para microondas,Paquete 400 g,"2,40 € /ud.",69465," 6,00 €/kg"
Fruta y verdura,Verdura,Mix de verduras jardinera para microondas,Paquete 400 g,"1,90 € /ud.",69740," 4,75 €/kg"
Fruta y verdura,Verdura,Patata fresca para freír pelada y cortada,Paquete 500 g,"1,40 € /ud.",69890," 2,80 €/kg"
"Huevos, leche y mantequilla",Huevos,Huevos super grandes XL,Paquete 12 ud.,"3,25 € /ud.",31592," 3,25 €/dc"
"Huevos, leche y mantequilla",Huevos,Huevos grandes L,Paquete 12 ud.,"2,20 € /ud.",31504," 2,20 €/dc"
"Huevos, leche y mantequilla",Huevos,Huevos grandes L,Paquete 6 ud.,"1,20 € /ud.",31540," 2,40 €/dc"
"Huevos, leche y mantequilla",Huevos,Huevos medianos M,Paquete 12 ud.,"2,00 € /ud.",31505," 2,00 €/dc"
"Huevos, leche y mantequilla",Huevos,Huevos de gallinas camperas,Paquete 12 ud.,"2,62 € /ud.",15768," 2,62 €/dc"
"Huevos, leche y mantequilla",Huevos,Huevos de gallinas camperas,Paquete 6 ud.,"1,59 € /ud.",31310," 3,18 €/dc"
"Huevos, leche y mantequilla",Huevos,Huevos cocidos,Paquete 6 ud.,"1,60 € /ud.",31010," 3,20 €/dc"
"Huevos, leche y mantequilla",Huevos,Huevos de codorniz,Paquete 18 ud.,"1,65 € /ud.",31011," 1,10 €/dc"
"Huevos, leche y mantequilla",Huevos,Claras de huevo líquidas pasteurizadas,Botella 1 L,"2,70 €2,60 € /ud.",31312," 2,60 €/L"
"Huevos, leche y mantequilla",Huevos,Claras de huevo líquidas pasteurizadas,Botella 300 ml,"1,55 € /ud.",31309," 5,167 €/L"
"Huevos, leche y mantequilla",Huevos,Huevos,Paquete 24 ud.,"3,80 € /ud.",30167," 1,90 €/dc"
"Huevos, leche y mantequilla",Leche y bebidas vegetales,Leche semidesnatada Hacendado,6 bricks x 1 L,"5,22 € /pack",10381," 0,87 €/L"
"Huevos, leche y mantequilla",Leche y bebidas vegetales,Leche semidesnatada Hacendado,Brick 1 L,"0,87 € /ud.",10382," 0,87 €/L"
"Huevos, leche y mantequilla",Leche y bebidas vegetales,Leche semidesnatada Hacendado,6 mini bricks x 200 ml,"1,53 € /pack",10794," 1,275 €/L"
"Huevos, leche y mantequilla",Leche y bebidas vegetales,Leche semidesnatada Hacendado,"6 botellas x 1,5 L","8,46 € /pack",10541," 0,94 €/L"
"Huevos, leche y mantequilla",Leche y bebidas vegetales,Leche semidesnatada Hacendado,"Botella 1,5 L","1,41 € /ud.",10542," 0,94 €/L"
"Huevos, leche y mantequilla",Leche y bebidas vegetales,Leche semidesnatada sin lactosa Hacendado,6 bricks x 1 L,"5,70 € /pack",10721," 0,95 €/L"
"Huevos, leche y mantequilla",Leche y bebidas vegetales,Leche semidesnatada sin lactosa Hacendado,Brick 1 L,"0,95 € /ud.",10722," 0,95 €/L"
"Huevos, leche y mantequilla",Leche y bebidas vegetales,Leche semidesnatada sin lactosa Hacendado,6 mini bricks x 200 ml,"1,69 € /pack",10732," 1,409 €/L"
"Huevos, leche y mantequilla",Leche y bebidas vegetales,Leche semidesnatada calcio Hacendado,6 bricks x 1 L,"5,76 € /pack",10683," 0,96 €/L"
"Huevos, leche y mantequilla",Leche y bebidas vegetales,Leche semidesnatada calcio Hacendado,Brick 1 L,"0,96 € /ud.",10685," 0,96 €/L"
"Huevos, leche y mantequilla",Leche y bebidas vegetales,Leche semidesnatada Llet Nostra,6 bricks x 1 L,"7,44 € /pack",10154," 1,24 €/L"
"Huevos, leche y mantequilla",Leche y bebidas vegetales,Leche semidesnatada Llet Nostra,Brick 1 L,"1,24 € /ud.",10719," 1,24 €/L"
"Huevos, leche y mantequilla",Leche y bebidas vegetales,Leche semidesnatada Asturiana,"6 botellas x 1,5 L","10,68 € /pack",10505," 1,187 €/L"
"Huevos, leche y mantequilla",Leche y bebidas vegetales,Leche semidesnatada Asturiana,"Botella 1,5 L","1,78 € /ud.",10502," 1,187 €/L"
"Huevos, leche y mantequilla",Leche y bebidas vegetales,Bebida láctea semidesnatada con fibra Hacendado,6 bricks x 1 L,"7,50 € /pack",10814," 1,25 €/L"
"Huevos, leche y mantequilla",Leche y bebidas vegetales,Bebida láctea semidesnatada con fibra Hacendado,Brick 1 L,"1,25 € /ud.",10826," 1,25 €/L"
"Huevos, leche y mantequilla",Leche y bebidas vegetales,Leche semidesnatada de cabra Hacendado,6 bricks x 1 L,"10,80 € /pack",10806," 1,80 €/L"
"Huevos, leche y mantequilla",Leche y bebidas vegetales,Leche semidesnatada de cabra Hacendado,Brick 1 L,"1,80 € /ud.",10812," 1,80 €/L"
"Huevos, leche y mantequilla",Leche y bebidas vegetales,Leche semidesnatada fresca Hacendado,Botella 1 L,"1,04 € /ud.",10922," 1,04 €/L"
"Huevos, leche y mantequilla",Leche y bebidas vegetales,Leche semidesnatada sin lactosa Hacendado,"6 botellas x 1,5 L","9,18 € /pack",10545," 1,02 €/L"
"Huevos, leche y mantequilla",Leche y bebidas vegetales,Leche semidesnatada sin lactosa Hacendado,"Botella 1,5 L","1,53 € /ud.",10546," 1,02 €/L"
"Huevos, leche y mantequilla",Leche y bebidas vegetales,Leche semidesnatada Asturiana,6 bricks x 1 L,"6,84 € /pack",10531," 1,14 €/L"
"Huevos, leche y mantequilla",Leche y bebidas vegetales,Leche semidesnatada Asturiana,Brick 1 L,"1,14 € /ud.",10712," 1,14 €/L"
"Huevos, leche y mantequilla",Leche y bebidas vegetales,Leche desnatada Hacendado,6 bricks x 1 L,"5,10 € /pack",10383," 0,85 €/L"
"Huevos, leche y mantequilla",Leche y bebidas vegetales,Leche desnatada Hacendado,Brick 1 L,"0,85 € /ud.",10384," 0,85 €/L"
"Huevos, leche y mantequilla",Leche y bebidas vegetales,Leche desnatada sin lactosa Hacendado,6 bricks x 1 L,"5,58 € /pack",10730," 0,93 €/L"
"Huevos, leche y mantequilla",Leche y bebidas vegetales,Leche desnatada sin lactosa Hacendado,Brick 1 L,"0,93 € /ud.",10731," 0,93 €/L"
"Huevos, leche y mantequilla",Leche y bebidas vegetales,Leche desnatada calcio Hacendado,6 bricks x 1 L,"5,64 € /pack",10686," 0,94 €/L"
"Huevos, leche y mantequilla",Leche y bebidas vegetales,Leche desnatada calcio Hacendado,Brick 1 L,"0,94 € /ud.",10687," 0,94 €/L"
"Huevos, leche y mantequilla",Leche y bebidas vegetales,Leche desnatada Hacendado,"6 botellas x 1,5 L","8,28 € /pack",10543," 0,92 €/L"
"Huevos, leche y mantequilla",Leche y bebidas vegetales,Leche desnatada Hacendado,"Botella 1,5 L","1,38 € /ud.",10544," 0,92 €/L"
"Huevos, leche y mantequilla",Leche y bebidas vegetales,Bebida láctea Omega 3 Puleva con leche desnatada,6 bricks x 1 L,"11,40 € /pack",10146," 1,90 €/L"
"Huevos, leche y mantequilla",Leche y bebidas vegetales,Bebida láctea Omega 3 Puleva con leche desnatada,Brick 1 L,"1,90 € /ud.",10884," 1,90 €/L"
"Huevos, leche y mantequilla",Leche y bebidas vegetales,Leche desnatada Llet Nostra,6 bricks x 1 L,"7,44 € /pack",10155," 1,24 €/L"
"Huevos, leche y mantequilla",Leche y bebidas vegetales,Leche desnatada Llet Nostra,Brick 1 L,"1,24 € /ud.",10819," 1,24 €/L"
"Huevos, leche y mantequilla",Leche y bebidas vegetales,Bebida láctea desnatada omega 3 Hacendado,6 bricks x 1 L,"6,60 € /pack",10845," 1,10 €/L"
"Huevos, leche y mantequilla",Leche y bebidas vegetales,Bebida láctea desnatada omega 3 Hacendado,Brick 1 L,"1,10 € /ud.",10846," 1,10 €/L"
"Huevos, leche y mantequilla",Leche y bebidas vegetales,Bebida láctea Omega 3 Puleva con nueces y leche desnatada,6 bricks x 1 L,"11,70 € /pack",10281," 1,95 €/L"
"Huevos, leche y mantequilla",Leche y bebidas vegetales,Bebida láctea Omega 3 Puleva con nueces y leche desnatada,Brick 1 L,"1,95 € /ud.",10282," 1,95 €/L"
"Huevos, leche y mantequilla",Leche y bebidas vegetales,Leche en polvo desnatada,Paquete 700 g,"5,20 € /ud.",10414," 7,429 €/kg"
"Huevos, leche y mantequilla",Leche y bebidas vegetales,Leche +Proteínas desnatada Hacendado,6 bricks x 1 L,"7,50 € /pack",10676," 1,25 €/L"
"Huevos, leche y mantequilla",Leche y bebidas vegetales,Leche +Proteínas desnatada Hacendado,Brick 1 L,"1,25 € /ud.",10678," 1,25 €/L"
"Huevos, leche y mantequilla",Leche y bebidas vegetales,Leche desnatada Asturiana,6 bricks x 1 L,"6,84 € /pack",10532," 1,14 €/L"
"Huevos, leche y mantequilla",Leche y bebidas vegetales,Leche desnatada Asturiana,Brick 1 L,"1,14 € /ud.",10801," 1,14 €/L"
"Huevos, leche y mantequilla",Leche y bebidas vegetales,Leche entera Hacendado,6 bricks x 1 L,"5,46 € /pack",10379," 0,91 €/L"
"Huevos, leche y mantequilla",Leche y bebidas vegetales,Leche entera Hacendado,Brick 1 L,"0,91 € /ud.",10380," 0,91 €/L"
"Huevos, leche y mantequilla",Leche y bebidas vegetales,Leche entera Hacendado,6 mini bricks x 200 ml,"1,60 € /pack",10783," 1,334 €/L"
"Huevos, leche y mantequilla",Leche y bebidas vegetales,Leche entera Asturiana,"6 botellas x 1,5 L","10,68 € /pack",10504," 1,187 €/L"
"Huevos, leche y mantequilla",Leche y bebidas vegetales,Leche entera Asturiana,"Botella 1,5 L","1,78 € /ud.",10506," 1,187 €/L"
"Huevos, leche y mantequilla",Leche y bebidas vegetales,Leche entera sin lactosa Hacendado,6 bricks x 1 L,"5,94 € /pack",10698," 0,99 €/L"
"Huevos, leche y mantequilla",Leche y bebidas vegetales,Leche entera sin lactosa Hacendado,Brick 1 L,"0,99 € /ud.",10699," 0,99 €/L"
"Huevos, leche y mantequilla",Leche y bebidas vegetales,Leche entera Llet Nostra,6 bricks x 1 L,"7,44 € /pack",10150," 1,24 €/L"
"Huevos, leche y mantequilla",Leche y bebidas vegetales,Leche entera Llet Nostra,Brick 1 L,"1,24 € /ud.",10619," 1,24 €/L"
"Huevos, leche y mantequilla",Leche y bebidas vegetales,Leche entera Hacendado,"6 botellas x 1,5 L","8,82 € /pack",10533," 0,98 €/L"
"Huevos, leche y mantequilla",Leche y bebidas vegetales,Leche entera Hacendado,"Botella 1,5 L","1,47 € /ud.",10540," 0,98 €/L"
"Huevos, leche y mantequilla",Leche y bebidas vegetales,Leche entera calcio Hacendado,6 bricks x 1 L,"6,60 € /pack",10681," 1,10 €/L"
"Huevos, leche y mantequilla",Leche y bebidas vegetales,Leche entera calcio Hacendado,Brick 1 L,"1,10 € /ud.",10682," 1,10 €/L"
"Huevos, leche y mantequilla",Leche y bebidas vegetales,Leche entera fresca Hacendado,Botella 1 L,"1,05 € /ud.",10933," 1,05 €/L"
"Huevos, leche y mantequilla",Leche y bebidas vegetales,Leche entera Asturiana,6 bricks x 1 L,"6,84 € /pack",10530," 1,14 €/L"
"Huevos, leche y mantequilla",Leche y bebidas vegetales,Leche entera Asturiana,Brick 1 L,"1,14 € /ud.",10617," 1,14 €/L"
"Huevos, leche y mantequilla",Leche y bebidas vegetales,Bebida de avena Alitey,6 bricks x 1 L,"5,70 € /pack",23908," 0,95 €/L"
"Huevos, leche y mantequilla",Leche y bebidas vegetales,Bebida de avena Alitey,Brick 1 L,"0,95 € /ud.",23912," 0,95 €/L"
"Huevos, leche y mantequilla",Leche y bebidas vegetales,Bebida de avena Alitey,3 mini bricks x 250 ml,"1,50 € /pack",23046," 2,00 €/L"
"Huevos, leche y mantequilla",Leche y bebidas vegetales,Bebida de avena sin azúcares añadidos Hacendado,6 bricks x 1 L,"7,20 € /pack",86168," 1,20 €/L"
"Huevos, leche y mantequilla",Leche y bebidas vegetales,Bebida de avena sin azúcares añadidos Hacendado,Brick 1 L,"1,20 € /ud.",86167," 1,20 €/L"
"Huevos, leche y mantequilla",Leche y bebidas vegetales,Bebida de soja con calcio y vitaminas Hacendado,6 bricks x 1 L,"4,20 € /pack",13681," 0,70 €/L"
"Huevos, leche y mantequilla",Leche y bebidas vegetales,Bebida de soja con calcio y vitaminas Hacendado,Brick 1 L,"0,70 € /ud.",13682," 0,70 €/L"
"Huevos, leche y mantequilla",Leche y bebidas vegetales,Bebida de soja 0% azúcares Hacendado,6 bricks x 1 L,"4,80 € /pack",29322," 0,80 €/L"
"Huevos, leche y mantequilla",Leche y bebidas vegetales,Bebida de soja 0% azúcares Hacendado,Brick 1 L,"0,80 € /ud.",29314," 0,80 €/L"
"Huevos, leche y mantequilla",Leche y bebidas vegetales,Bebida de almendras zero Hacendado,6 bricks x 1 L,"8,10 €7,80 € /pack",23925," 1,30 €/L"
"Huevos, leche y mantequilla",Leche y bebidas vegetales,Bebida de almendras zero Hacendado,Brick 1 L,"1,35 €1,30 € /ud.",23926," 1,30 €/L"
"Huevos, leche y mantequilla",Leche y bebidas vegetales,Bebida de arroz sin azúcares añadidos Hacendado,6 bricks x 1 L,"6,60 € /pack",23048," 1,10 €/L"
"Huevos, leche y mantequilla",Leche y bebidas vegetales,Bebida de arroz sin azúcares añadidos Hacendado,Brick 1 L,"1,10 € /ud.",23047," 1,10 €/L"
"Huevos, leche y mantequilla",Leche y bebidas vegetales,Bebida de soja sabor café sin azúcares añadidos Hacendado,6 bricks x 1 L,"7,50 € /pack",80497," 1,25 €/L"
"Huevos, leche y mantequilla",Leche y bebidas vegetales,Bebida de soja sabor café sin azúcares añadidos Hacendado,Brick 1 L,"1,25 € /ud.",80504," 1,25 €/L"
"Huevos, leche y mantequilla",Leche y bebidas vegetales,Bebida de almendras Hacendado,6 bricks x 1 L,"7,80 €7,50 € /pack",15647," 1,25 €/L"
"Huevos, leche y mantequilla",Leche y bebidas vegetales,Bebida de almendras Hacendado,Brick 1 L,"1,30 €1,25 € /ud.",15648," 1,25 €/L"
"Huevos, leche y mantequilla",Leche y bebidas vegetales,Leche de coco Dee Thai,Bote 400 ml,"1,40 € /ud.",17174," 3,50 €/L"
"Huevos, leche y mantequilla",Leche y bebidas vegetales,Bebida de coco y arroz sin azúcares añadidos Hacendado,6 bricks x 1 L,"9,00 € /pack",13847," 1,50 €/L"
"Huevos, leche y mantequilla",Leche y bebidas vegetales,Bebida de coco y arroz sin azúcares añadidos Hacendado,Brick 1 L,"1,50 € /ud.",13846," 1,50 €/L"
"Huevos, leche y mantequilla",Leche y bebidas vegetales,Bebida de chufa Hacendado sin azúcares añadidos,Brick 1 L,"1,50 € /ud.",60383," 1,50 €/L"
"Huevos, leche y mantequilla",Leche y bebidas vegetales,Horchata de chufa Hacendado,Brick 1 L,"1,35 € /ud.",5673," 1,35 €/L"
"Huevos, leche y mantequilla",Leche y bebidas vegetales,Bebida de avena con café Hacendado,Vaso 250 ml,"0,90 € /ud.",10688," 3,60 €/L"
"Huevos, leche y mantequilla",Leche y bebidas vegetales,Bebida de avellana y arroz sin azúcares añadidos Hacendado,6 bricks x 1 L,"8,10 €7,80 € /pack",13849," 1,30 €/L"
"Huevos, leche y mantequilla",Leche y bebidas vegetales,Bebida de avellana y arroz sin azúcares añadidos Hacendado,Brick 1 L,"1,35 €1,30 € /ud.",13848," 1,30 €/L"
"Huevos, leche y mantequilla",Leche y bebidas vegetales,Bebida de soja sabor vainilla Hacendado 0% azúcar,6 bricks x 1 L,"6,60 € /pack",67950," 1,10 €/L"
"Huevos, leche y mantequilla",Leche y bebidas vegetales,Bebida de soja sabor vainilla Hacendado 0% azúcar,Brick 1 L,"1,10 € /ud.",67949," 1,10 €/L"
"Huevos, leche y mantequilla",Leche y bebidas vegetales,Bebida de avena Hacendado 0% azúcar,6 bricks x 1 L,"4,80 € /pack",52639," 0,80 €/L"
"Huevos, leche y mantequilla",Leche y bebidas vegetales,Bebida de avena Hacendado 0% azúcar,Brick 1 L,"0,80 € /ud.",52640," 0,80 €/L"
"Huevos, leche y mantequilla",Leche y bebidas vegetales,Bebida de avena con chocolate Hacendado sin azucares añadidos,6 bricks x 1 L,"7,20 € /pack",52633," 1,20 €/L"
"Huevos, leche y mantequilla",Leche y bebidas vegetales,Bebida de avena con chocolate sin azúcares añadidos Hacendado,Brick 1 L,"1,20 € /ud.",52634," 1,20 €/L"
"Huevos, leche y mantequilla",Leche y bebidas vegetales,Bebida de avena con chocolate sin azúcares añadidos Hacendado,3 mini bricks x 250 ml,"1,55 € /pack",60926," 2,067 €/L"
"Huevos, leche y mantequilla",Leche y bebidas vegetales,Batido de chocolate Hacendado,6 mini bricks x 200 ml,"1,50 € /pack",10050," 1,25 €/L"
"Huevos, leche y mantequilla",Leche y bebidas vegetales,Batido de chocolate Hacendado,Botella 1 L,"1,30 € /ud.",23049," 1,30 €/L"
"Huevos, leche y mantequilla",Leche y bebidas vegetales,Batido de cacao Cacaolat,Botella 1 L,"2,50 € /ud.",10004," 2,50 €/L"
"Huevos, leche y mantequilla",Leche y bebidas vegetales,Batido de chocolate 90% leche Hacendado,Botella 1 L,"1,45 € /ud.",23050," 1,45 €/L"
"Huevos, leche y mantequilla",Leche y bebidas vegetales,Batido de chocolate 90% leche Hacendado,6 mini bricks x 200 ml,"1,70 € /pack",10055," 1,417 €/L"
"Huevos, leche y mantequilla",Leche y bebidas vegetales,Batido de chocolate ColaCao Energy,4 mini botellas x 188 ml,"2,65 € /pack",10066," 3,524 €/L"
"Huevos, leche y mantequilla",Leche y bebidas vegetales,Batido sabor vainilla Hacendado,Botella 1 L,"1,30 € /ud.",23052," 1,30 €/L"
"Huevos, leche y mantequilla",Leche y bebidas vegetales,Batido de vainilla Hacendado,6 mini bricks x 200 ml,"1,65 € /pack",10051," 1,375 €/L"
"Huevos, leche y mantequilla",Leche y bebidas vegetales,Batido sabor fresa Hacendado,Botella 1 L,"1,30 € /ud.",23051," 1,30 €/L"
"Huevos, leche y mantequilla",Leche y bebidas vegetales,Batido sabor fresa Hacendado,6 mini bricks x 200 ml,"1,65 € /pack",10054," 1,375 €/L"
"Huevos, leche y mantequilla",Leche y bebidas vegetales,Batido de chocolate Hacendado 0% sin azúcares añadidos,6 mini bricks x 200 ml,"1,85 € /pack",22967," 1,542 €/L"
"Huevos, leche y mantequilla",Leche y bebidas vegetales,Bebida láctea crecimiento y desarrollo Puleva Max,6 bricks x 1 L,"11,34 € /pack",10726," 1,89 €/L"
"Huevos, leche y mantequilla",Leche y bebidas vegetales,Bebida láctea crecimiento y desarrollo Puleva Max,Brick 1 L,"1,89 € /ud.",10723," 1,89 €/L"
"Huevos, leche y mantequilla",Leche y bebidas vegetales,Bebida láctea con cereales crecimiento y desarrollo Puleva Max,6 bricks x 1 L,"11,34 € /pack",10820," 1,89 €/L"
"Huevos, leche y mantequilla",Leche y bebidas vegetales,Bebida láctea con cereales crecimiento y desarrollo Puleva Max,Brick 1 L,"1,89 € /ud.",10781," 1,89 €/L"
"Huevos, leche y mantequilla",Leche y bebidas vegetales,Preparado lácteo crecimiento Peques 3 Puleva,6 bricks x 1 L,"11,70 €10,50 € /pack",9049," 1,75 €/L"
"Huevos, leche y mantequilla",Leche y bebidas vegetales,Preparado lácteo crecimiento Peques 3 Puleva,Brick 1 L,"1,95 €1,75 € /ud.",9040," 1,75 €/L"
"Huevos, leche y mantequilla",Leche y bebidas vegetales,Preparado lácteo con cereales crecimiento Peques 3 Puleva,6 bricks x 1 L,"11,70 €10,50 € /pack",9057," 1,75 €/L"
"Huevos, leche y mantequilla",Leche y bebidas vegetales,Preparado lácteo con cereales crecimiento Peques 3 Puleva,Brick 1 L,"1,95 €1,75 € /ud.",9034," 1,75 €/L"
"Huevos, leche y mantequilla",Leche y bebidas vegetales,Preparado lácteo cereales al cacao Peques 3 Puleva,3 mini bricks x 200 ml,"1,95 €1,75 € /pack",9054," 2,917 €/L"
"Huevos, leche y mantequilla",Leche y bebidas vegetales,Preparado lácteo crecimiento +1 año Hacendado,6 bricks x 1 L,"7,50 € /pack",9187," 1,25 €/L"
"Huevos, leche y mantequilla",Leche y bebidas vegetales,Preparado lácteo crecimiento +1 año Hacendado,Brick 1 L,"1,25 € /ud.",9188," 1,25 €/L"
"Huevos, leche y mantequilla",Leche y bebidas vegetales,Preparado lácteo crecimiento +1 año Hacendado,6 mini bricks x 200 ml,"1,95 € /pack",9189," 1,625 €/L"
"Huevos, leche y mantequilla",Leche y bebidas vegetales,Preparado lácteo con cereales crecimiento Hacendado +1 año,6 bricks x 1 L,"9,60 € /pack",9398," 1,60 €/L"
"Huevos, leche y mantequilla",Leche y bebidas vegetales,Preparado lácteo con cereales crecimiento Hacendado +1 año,Brick 1 L,"1,60 € /ud.",9397," 1,60 €/L"
"Huevos, leche y mantequilla",Leche y bebidas vegetales,Preparado lácteo con cacao y cereales crecimiento Hacendado +1 año,6 mini bricks x 200 ml,"2,30 € /pack",9190," 1,917 €/L"
"Huevos, leche y mantequilla",Leche y bebidas vegetales,Leche condensada Hacendado,Bote 1 kg,"3,90 €3,85 € /ud.",60348," 3,85 €/kg"
"Huevos, leche y mantequilla",Leche y bebidas vegetales,Leche condensada Hacendado,Bote 370 g,"2,15 € /ud.",60347," 5,811 €/kg"
"Huevos, leche y mantequilla",Leche y bebidas vegetales,Leche condensada Hacendado,Bote 450 g,"2,65 €2,60 € /ud.",60345," 5,778 €/kg"
"Huevos, leche y mantequilla",Leche y bebidas vegetales,Leche condensada desnatada Hacendado,Bote 450 g,"2,95 € /ud.",60346," 6,556 €/kg"
"Huevos, leche y mantequilla",Leche y bebidas vegetales,Leche evaporada Hacendado,3 mini bricks x 200 ml,"1,60 € /pack",15599," 2,667 €/kg"
"Huevos, leche y mantequilla",Leche y bebidas vegetales,Crema de leche para café Campina,Paquete 20 ud. (200 ml),"1,10 € /ud.",10449," 5,50 €/L"
"Huevos, leche y mantequilla",Mantequilla y margarina,Mantequilla Tradicional Asturiana,Tarrina 250 g,"3,55 € /ud.",22155," 14,20 €/kg"
"Huevos, leche y mantequilla",Mantequilla y margarina,Mantequilla sin sal añadida Hacendado,Pastilla 250 g,"1,90 € /ud.",20716," 7,60 €/kg"
"Huevos, leche y mantequilla",Mantequilla y margarina,Mantequilla en porciones Hacendado sin sal añadida,"12 ud. x 12,5 g","1,90 € /pack",20852," 12,667 €/kg"
"Huevos, leche y mantequilla",Mantequilla y margarina,Mantequilla con sal Hacendado,Pastilla 250 g,"1,90 € /ud.",20722," 7,60 €/kg"
"Huevos, leche y mantequilla",Mantequilla y margarina,Mantequilla con sal Hacendado,Tarrina 250 g,"2,45 € /ud.",20727," 9,80 €/kg"
"Huevos, leche y mantequilla",Mantequilla y margarina,Mantequilla light Hacendado,Tarrina 250 g,"2,20 €2,10 € /ud.",90933," 8,40 €/kg"
"Huevos, leche y mantequilla",Mantequilla y margarina,Mantequilla sin lactosa Hacendado,Tarrina 250 g,"2,60 € /ud.",20991," 10,40 €/kg"
"Huevos, leche y mantequilla",Mantequilla y margarina,Manteca de cerdo Mont-Palau para cocinar,Tarrina 400 g,"2,30 € /ud.",53130," 5,75 €/kg"
"Huevos, leche y mantequilla",Mantequilla y margarina,Margarina Hacendado,Tarrina 500 g,"1,45 € /ud.",20846," 2,90 €/kg"
"Huevos, leche y mantequilla",Mantequilla y margarina,Margarina Tulipán Original,Tarrina 400 g,"2,85 € /ud.",86505," 7,125 €/kg"
"Huevos, leche y mantequilla",Mantequilla y margarina,Margarina con sal Hacendado,Tarrina 500 g,"1,50 €1,45 € /ud.",60307," 2,90 €/kg"
"Huevos, leche y mantequilla",Mantequilla y margarina,Margarina ligera Hacendado,Tarrina 500 g,"1,45 €1,40 € /ud.",20876," 2,80 €/kg"
"Huevos, leche y mantequilla",Mantequilla y margarina,Margarina Flora Proactiv,Tarrina 225 g,"2,95 € /ud.",15909," 13,112 €/kg"
"Huevos, leche y mantequilla",Mantequilla y margarina,Margarina 100% vegetal Hacendado,Tarrina 250 g,"1,60 € /ud.",20196," 6,40 €/kg"
"Huevos, leche y mantequilla",Mantequilla y margarina,Margarina Flora Original,Tarrina 400 g,"2,95 € /ud.",86503," 7,375 €/kg"
"Huevos, leche y mantequilla",Mantequilla y margarina,Nata ligera para cocinar Hacendado,3 mini bricks x 200 ml,"1,75 € /pack",10199," 2,917 €/L"
"Huevos, leche y mantequilla",Mantequilla y margarina,Nata ligera para cocinar Hacendado,Brick 500 ml,"1,45 € /ud.",10161," 2,90 €/L"
"Huevos, leche y mantequilla",Mantequilla y margarina,Nata montada azucarada Hacendado,Spray 250 g,"1,50 € /ud.",13598," 6,00 €/kg"
"Huevos, leche y mantequilla",Mantequilla y margarina,Nata para montar Hacendado,Brick 500 ml,"1,65 € /ud.",10276," 3,30 €/L"
"Huevos, leche y mantequilla",Mantequilla y margarina,Nata para montar Hacendado,3 mini bricks x 200 ml,"1,95 € /pack",10275," 3,25 €/L"
"Huevos, leche y mantequilla",Mantequilla y margarina,Nata fresca para cocinar Hacendado,Tarrina 200 ml,"1,20 € /ud.",10117," 6,00 €/L"
"Huevos, leche y mantequilla",Mantequilla y margarina,Leche evaporada Hacendado,3 mini bricks x 200 ml,"1,60 € /pack",15599," 2,667 €/kg"
"Huevos, leche y mantequilla",Mantequilla y margarina,Crema de soja Hacendado,Brick 200 ml,"1,10 € /ud.",10376," 5,50 €/L"
"Huevos, leche y mantequilla",Mantequilla y margarina,Leche de coco Dee Thai,Bote 400 ml,"1,40 € /ud.",17174," 3,50 €/L"
"Huevos, leche y mantequilla",Mantequilla y margarina,Nata ligera para cocinar sin lactosa Hacendado,3 mini bricks x 200 ml,"2,40 € /pack",10320," 4,00 €/L"
"Huevos, leche y mantequilla",Mantequilla y margarina,Salsa bechamel Knorr,Brick 500 ml,"2,25 € /ud.",86713," 4,50 €/L"
Limpieza y hogar,Detergente y suavizante ropa,Detergente ropa jabón natural de Marsella Bosque Verde líquido,Botella 46 lavados (3 L),"3,50 €3,30 € /ud.",40180," 0,072 €/lv"
Limpieza y hogar,Detergente y suavizante ropa,Detergente ropa Frescura Azul Bosque Verde líquido,Botella 46 lavados (3 L),"3,50 €3,30 € /ud.",40179," 0,072 €/lv"
Limpieza y hogar,Detergente y suavizante ropa,Detergente ropa Blanca y de Color Bosque Verde en gel concentrado,Botella 27 lavados (810 ml),"3,35 € /ud.",40404," 0,125 €/lv"
Limpieza y hogar,Detergente y suavizante ropa,Detergente ropa de Color Bosque Verde líquido,Botella 46 lavados (3 L),"4,20 € /ud.",40537," 0,092 €/lv"
Limpieza y hogar,Detergente y suavizante ropa,Detergente ropa jabón de Marsella Bosque Verde en gel concentrado,Botella 27 lavados (810 ml),"3,35 € /ud.",40506," 0,125 €/lv"
Limpieza y hogar,Detergente y suavizante ropa,Detergente ropa Blanca y de Color Bosque Verde líquido concentrado,Botella 46 lavados (3 L),"5,65 € /ud.",40571," 0,123 €/lv"
Limpieza y hogar,Detergente y suavizante ropa,Detergente ropa Prendas Delicadas Bosque Verde líquido,"Botella 66 lavados (1,98 L)","2,50 € /ud.",40530," 0,038 €/lv"
Limpieza y hogar,Detergente y suavizante ropa,Detergente ropa Total Ariel líquido,"Botella 29 lavados (1,45 L)","7,60 €5,95 € /ud.",16830," 0,206 €/lv"
Limpieza y hogar,Detergente y suavizante ropa,Detergente ropa Pieles Sensibles Bosque Verde líquido,"Botella 66 lavados (1,98 L)","4,80 € /ud.",13643," 0,073 €/lv"
Limpieza y hogar,Detergente y suavizante ropa,Detergente ropa colada mixta Micolor en gel,"Botella 30 lavados (1,35 L)","6,90 € /ud.",22888," 0,23 €/lv"
Limpieza y hogar,Detergente y suavizante ropa,Detergente ropa oscura Bosque Verde líquido,"Botella 30 lavados (1,95 L)","4,20 € /ud.",40573," 0,14 €/lv"
Limpieza y hogar,Detergente y suavizante ropa,Desinfectante Tejidos y Lavadora Bosque Verde sin lejía,Botella 1 L,"2,10 € /ud.",40567," 2,10 €/L"
Limpieza y hogar,Detergente y suavizante ropa,Detergente ropa Colonia Hipoalergénico Bosque Verde líquido,Botella 46 lavados (3 L),"3,50 €3,30 € /ud.",23568," 0,072 €/lv"
Limpieza y hogar,Detergente y suavizante ropa,Detergente ropa blanca y de color Bosque Verde en polvo,"Caja 35 lavados (2,28 kg)","4,85 € /ud.",86231," 0,139 €/lv"
Limpieza y hogar,Detergente y suavizante ropa,Detergente ropa All in 1 Ariel Pods en cápsulas,"Caja 18 cápsulas (397,8 g)","6,90 €4,95 € /ud.",52553," 0,275 €/ud"
Limpieza y hogar,Detergente y suavizante ropa,Detergente ropa jabón de Marsella Bosque Verde en polvo,"Caja 35 lavados (2,28 kg)","4,25 € /ud.",22561," 0,122 €/lv"
Limpieza y hogar,Detergente y suavizante ropa,Detergente ropa Blanca y de Color Bosque Verde en cápsulas,Caja 24 cápsulas (600 g),"4,60 € /ud.",23440," 0,192 €/lv"
Limpieza y hogar,Detergente y suavizante ropa,Detergente Lavado a Mano Bosque Verde en polvo,Caja 650 g,"1,15 € /ud.",40114," 1,77 €/kg"
Limpieza y hogar,Detergente y suavizante ropa,Jabón en escamas Capricho con aceite de coco y glicerina,Paquete 500 g,"2,90 € /ud.",40009," 5,80 €/kg"
Limpieza y hogar,Detergente y suavizante ropa,Eliminador de olores higienizante tejidos Bosque Verde,Botella 500 ml,"1,70 € /ud.",40552," 3,40 €/L"
Limpieza y hogar,Detergente y suavizante ropa,Toallitas lavadora Bosque Verde acción 2 en 1,Paquete 20 ud.,"1,95 €1,85 € /ud.",79083," 0,093 €/ud"
Limpieza y hogar,Detergente y suavizante ropa,Jabón blando natural Beltrán,Bote 500 g,"2,90 € /ud.",40135," 5,80 €/kg"
Limpieza y hogar,Detergente y suavizante ropa,Disuelve manchas Bosque Verde,Botella 750 ml,"2,00 € /ud.",40178," 2,667 €/L"
Limpieza y hogar,Detergente y suavizante ropa,Pastillas antical para lavadora Bosque Verde,Caja 40 pastillas,"3,25 € /ud.",35980," 6,771 €/kg"
Limpieza y hogar,Detergente y suavizante ropa,Activador quitamanchas ropa de color Oxi Active Bosque Verde en polvo,Bote 1 kg,"3,10 € /ud.",40317," 3,10 €/kg"
Limpieza y hogar,Detergente y suavizante ropa,Activador Blanqueante ropa blanca Bosque Verde en polvo,Bote 1 kg,"3,10 € /ud.",40315," 3,10 €/kg"
Limpieza y hogar,Detergente y suavizante ropa,Activador del lavado ropa de color Oxi Active Bosque Verde en gel,Botella 2 L,"1,75 € /ud.",40233," 0,875 €/L"
Limpieza y hogar,Detergente y suavizante ropa,Activador del lavado ropa blanca Oxi Active Bosque Verde en gel,Botella 2 L,"1,75 € /ud.",40230," 0,875 €/L"
Limpieza y hogar,Detergente y suavizante ropa,Quitamanchas Oxi Active Bosque Verde en gel,Botella 1 L,"2,35 € /ud.",40560," 2,35 €/L"
Limpieza y hogar,Detergente y suavizante ropa,Percarbonato blanqueante Bosque Verde,Paquete 750 g,"1,75 €1,65 € /ud.",15679," 2,20 €/kg"
Limpieza y hogar,Detergente y suavizante ropa,Limpia lavadoras Bosque Verde líquido,Botella 250 ml,"1,95 € /ud.",13678," 7,80 €/L"
Limpieza y hogar,Detergente y suavizante ropa,Suavizante ropa Azul Bosque Verde concentrado,Botella 80 lavados (2 L),"1,85 € /ud.",40732," 0,925 €/L"
Limpieza y hogar,Detergente y suavizante ropa,Suavizante ropa Talco Bosque Verde concentrado,Botella 80 lavados (2 L),"1,85 € /ud.",40740," 0,925 €/L"
Limpieza y hogar,Detergente y suavizante ropa,Suavizante ropa Spa Bosque Verde concentrado,Botella 80 lavados (2 L),"1,85 € /ud.",15942," 0,925 €/L"
Limpieza y hogar,Detergente y suavizante ropa,Suavizante ropa Nutrive Bosque Verde concentrado,Botella 80 lavados (2 L),"1,85 € /ud.",40743," 0,925 €/L"
Limpieza y hogar,Detergente y suavizante ropa,Suavizante ropa Floral Bosque Verde concentrado,Botella 80 lavados (2 L),"1,85 € /ud.",15941," 0,925 €/L"
Limpieza y hogar,Detergente y suavizante ropa,Suavizante ropa Hipoalergénico Bosque Verde concentrado,Botella 80 lavados (2 L),"2,40 € /ud.",52625," 1,20 €/L"
Limpieza y hogar,Detergente y suavizante ropa,Suavizante ropa Dulzzia Bosque Verde concentrado,Botella 80 lavados (2 L),"1,85 € /ud.",40744," 0,925 €/L"
Limpieza y hogar,Detergente y suavizante ropa,Perfumador ropa Bosque Verde intensificador de fragancia,Botella 36 lavados (720 ml),"3,15 € /ud.",40752," 4,375 €/L"
Limpieza y hogar,Detergente y suavizante ropa,Agua destilada Bosque Verde,Garrafa 2 L,"0,90 € /ud.",90505," 0,45 €/L"
Limpieza y hogar,Detergente y suavizante ropa,Agua de plancha Bosque Verde perfume ropa limpia,Botella 1 L,"0,65 € /ud.",44413," 0,65 €/L"
Limpieza y hogar,Detergente y suavizante ropa,Planchado fácil Bosque Verde,Botella 750 ml,"1,95 € /ud.",44404," 2,60 €/L"
Limpieza y hogar,"Estropajo, bayeta y guantes",Estropajo suciedad resistente Bosque Verde,Paquete 3 ud.,"0,90 € /ud.",71342," 0,30 €/ud"
Limpieza y hogar,"Estropajo, bayeta y guantes",Estropajo limpieza delicada Bosque Verde,Paquete 3 ud.,"0,90 € /ud.",52487," 0,30 €/ud"
Limpieza y hogar,"Estropajo, bayeta y guantes",Estropajo suciedad resistente Bosque Verde,Paquete 3 ud.,"0,75 € /ud.",71380," 0,25 €/ud"
Limpieza y hogar,"Estropajo, bayeta y guantes",Estropajo acero inoxidable Bosque Verde,Paquete 3 ud.,"0,75 € /ud.",71344," 0,25 €/ud"
Limpieza y hogar,"Estropajo, bayeta y guantes",Estropajo fibra suciedad resistente Bosque Verde,Paquete 4 ud.,"1,10 € /ud.",71312," 0,275 €/ud"
Limpieza y hogar,"Estropajo, bayeta y guantes",Estropajo inox Bosque Verde,Paquete 1 ud.,"1,20 € /ud.",71377," 1,20 €/ud"
Limpieza y hogar,"Estropajo, bayeta y guantes",Estropajo limpieza delicada Bosque Verde,Paquete 3 ud.,"0,75 € /ud.",13534," 0,25 €/ud"
Limpieza y hogar,"Estropajo, bayeta y guantes",Borrador mágico Bosque Verde,Paquete 3 ud.,"1,45 € /ud.",71314," 0,484 €/ud"
Limpieza y hogar,"Estropajo, bayeta y guantes",Estropajo jabonoso Bosque Verde,Paquete 10 ud.,"1,20 € /ud.",13525," 0,12 €/ud"
Limpieza y hogar,"Estropajo, bayeta y guantes",Estropajo baño Bosque Verde fibra blanca,Paquete 2 ud.,"1,00 € /ud.",23679," 0,50 €/ud"
Limpieza y hogar,"Estropajo, bayeta y guantes",Estropajo almohadilla Bosque Verde limpieza delicada,Paquete 2 ud.,"0,95 € /ud.",79713," 0,475 €/ud"
Limpieza y hogar,"Estropajo, bayeta y guantes",Bayeta suave multiusos Bosque Verde,Paquete 9 ud.,"1,20 € /ud.",71044," 0,134 €/ud"
Limpieza y hogar,"Estropajo, bayeta y guantes",Bayeta grande Bosque Verde microfibra,Paquete 3 ud.,"1,80 € /ud.",71033," 0,60 €/ud"
Limpieza y hogar,"Estropajo, bayeta y guantes",Bayeta pequeña Bosque Verde microfibra,Paquete 3 ud.,"1,65 € /ud.",22774," 0,55 €/ud"
Limpieza y hogar,"Estropajo, bayeta y guantes",Bayeta cristales y espejos Bosque Verde microfibra,Paquete 1 ud.,"0,85 € /ud.",22825," 0,85 €/ud"
Limpieza y hogar,"Estropajo, bayeta y guantes",Posavajillas Bosque Verde,Paquete 1 ud.,"1,35 € /ud.",71055," 1,35 €/ud"
Limpieza y hogar,"Estropajo, bayeta y guantes",Bayeta polvo Bosque Verde microfibra,Paquete 1 ud.,"0,90 € /ud.",22827," 0,90 €/ud"
Limpieza y hogar,"Estropajo, bayeta y guantes",Guantes de látex Bosque Verde talla pequeña,Paquete 2 ud.,"0,70 € /ud.",23628," 0,35 €/ud"
Limpieza y hogar,"Estropajo, bayeta y guantes",Guantes de látex Bosque Verde talla mediana,Paquete 2 ud.,"0,70 € /ud.",23629," 0,35 €/ud"
Limpieza y hogar,"Estropajo, bayeta y guantes",Guantes de látex Bosque Verde talla grande,Paquete 2 ud.,"0,70 € /ud.",23630," 0,35 €/ud"
Limpieza y hogar,"Estropajo, bayeta y guantes",Guantes de látex Bosque Verde talla pequeña,Caja 50 ud.,"3,20 € /ud.",23290," 0,064 €/ud"
Limpieza y hogar,"Estropajo, bayeta y guantes",Guantes de látex Bosque Verde talla mediana,Caja 50 ud.,"3,20 € /ud.",23291," 0,064 €/ud"
Limpieza y hogar,"Estropajo, bayeta y guantes",Guantes de látex Bosque Verde talla pequeña,Paquete 2 ud.,"0,90 € /ud.",23813," 0,45 €/ud"
Limpieza y hogar,"Estropajo, bayeta y guantes",Guantes de látex Bosque Verde talla mediana,Paquete 2 ud.,"0,90 € /ud.",23814," 0,45 €/ud"
Limpieza y hogar,"Estropajo, bayeta y guantes",Guantes de látex Bosque Verde talla grande,Paquete 2 ud.,"0,90 € /ud.",23815," 0,45 €/ud"
Limpieza y hogar,"Estropajo, bayeta y guantes",Guantes 100% nitrilo Bosque Verde talla pequeña,Paquete 2 ud.,"1,95 € /ud.",71397," 0,975 €/ud"
Limpieza y hogar,"Estropajo, bayeta y guantes",Guantes 100% nitrilo Bosque Verde talla mediana,Paquete 2 ud.,"1,95 € /ud.",71398," 0,975 €/ud"
Limpieza y hogar,"Estropajo, bayeta y guantes",Guantes 100% nitrilo Bosque Verde talla grande,Paquete 2 ud.,"1,95 € /ud.",71399," 0,975 €/ud"
Limpieza y hogar,"Estropajo, bayeta y guantes",Guantes de nitrilo Bosque Verde talla pequeña,Caja 30 ud.,"3,00 €2,95 € /ud.",71225," 0,099 €/ud"
Limpieza y hogar,"Estropajo, bayeta y guantes",Guantes de nitrilo Bosque Verde talla mediana,Caja 30 ud.,"3,00 €2,95 € /ud.",71226," 0,099 €/ud"
Limpieza y hogar,"Estropajo, bayeta y guantes",Guantes de nitrilo Bosque Verde talla grande,Caja 30 ud.,"3,00 €2,95 € /ud.",71227," 0,099 €/ud"
Limpieza y hogar,Insecticida y ambientador,Insecticida moscas y mosquitos Bosque Verde perfumado,Spray 750 ml,"2,25 € /ud.",86480," 3,00 €/L"
Limpieza y hogar,Insecticida y ambientador,Insecticida moscas y mosquitos Bosque Verde sin perfume,Spray 750 ml,"2,25 € /ud.",35530," 3,00 €/L"
Limpieza y hogar,Insecticida y ambientador,Insecticida cucarachas y hormigas Bosque Verde,Spray 400 ml,"2,70 € /ud.",72090," 6,75 €/L"
Limpieza y hogar,Insecticida y ambientador,Insecticida líquido Bosque Verde,Botella 500 ml,"2,75 € /ud.",72318," 5,50 €/L"
Limpieza y hogar,Insecticida y ambientador,Insecticida barrera antimosquitos Bosque Verde,Spray 400 ml,"3,00 € /ud.",72064," 7,50 €/L"
Limpieza y hogar,Insecticida y ambientador,Insecticida ácaros Bosque Verde especial tejidos,Spray 400 ml,"3,30 € /ud.",72111," 8,25 €/L"
Limpieza y hogar,Insecticida y ambientador,Insecticida avispas Bosque Verde,Spray 250 ml,"3,50 € /ud.",72056," 14,00 €/L"
Limpieza y hogar,Insecticida y ambientador,Difusor insecticida antimosquitos eléctrico,Caja 1 ud.,"3,10 € /ud.",72205," 3,10 €/ud"
Limpieza y hogar,Insecticida y ambientador,Insecticida antimosquitos eléctrico recambio líquido,Caja 45 ml,"1,90 € /ud.",72641," 4,223 €/100 ml"
Limpieza y hogar,Insecticida y ambientador,Insecticida antimosquitos eléctrico recambio pastillas,Caja 30 pastillas,"1,55 € /ud.",72034," 0,052 €/ud"
Limpieza y hogar,Insecticida y ambientador,Colgador antipolillas Ropa Limpia Bosque Verde,Paquete 2 ud.,"1,25 € /ud.",52423," 0,625 €/ud"
Limpieza y hogar,Insecticida y ambientador,Bolsitas antipolillas Lavanda Bosque Verde,Paquete 24 ud.,"1,20 € /ud.",52466," 0,05 €/ud"
Limpieza y hogar,Insecticida y ambientador,Colgador antipolillas Lavanda Bosque Verde,Paquete 2 ud.,"1,25 € /ud.",52422," 0,625 €/ud"
Limpieza y hogar,Insecticida y ambientador,Trampa matacucarachas Bosque Verde,Caja 6 ud.,"2,95 € /ud.",72320," 0,492 €/ud"
Limpieza y hogar,Insecticida y ambientador,Pulsera de citronela talla S,Paquete 1 ud.,"1,50 € /ud.",72039," 1,50 €/ud"
Limpieza y hogar,Insecticida y ambientador,Pulsera de citronela talla L,Paquete 1 ud.,"1,50 € /ud.",72049," 1,50 €/ud"
Limpieza y hogar,Insecticida y ambientador,Espirales antimosquitos Bosque Verde para exteriores,Caja 10 ud.,"2,00 € /ud.",72035," 0,20 €/ud"
Limpieza y hogar,Insecticida y ambientador,Trampa contra hormigas Bosque Verde,Caja 2 ud.,"2,90 € /ud.",60965," 1,45 €/ud"
Limpieza y hogar,Insecticida y ambientador,Trampa antipolillas de los alimentos Bosque Verde,Caja 2 ud.,"2,00 € /ud.",72113," 1,00 €/ud"
Limpieza y hogar,Insecticida y ambientador,Raticida cebo fresco Bosque Verde,Caja 1 ud.,"2,60 € /ud.",72088," 2,60 €/ud"
Limpieza y hogar,Insecticida y ambientador,Ambientador spray Ropa Limpia Bosque Verde,Spray 300 ml,"1,25 €1,15 € /ud.",72537," 3,834 €/L"
Limpieza y hogar,Insecticida y ambientador,Ambientador spray Infantil Bosque Verde,Spray 300 ml,"1,25 €1,15 € /ud.",72507," 3,834 €/L"
Limpieza y hogar,Insecticida y ambientador,Ambientador spray spray Fresh Bosque Verde,Spray 300 ml,"1,25 €1,15 € /ud.",60707," 3,834 €/L"
Limpieza y hogar,Insecticida y ambientador,Ambientador spray Sweet Blossom Bosque Verde,Spray 300 ml,"1,25 €1,15 € /ud.",67997," 3,834 €/L"
Limpieza y hogar,Insecticida y ambientador,Ambientador spray de tejidos Elixir Floral Bosque Verde,Botella 400 ml,"2,15 € /ud.",40159," 5,375 €/L"
Limpieza y hogar,Insecticida y ambientador,Difusor ambientador spray manual Bosque Verde con recambio,Caja 100 undefined,"2,90 € /ud.",35858," 2,90 €/ud"
Limpieza y hogar,Insecticida y ambientador,Ambientador mini spray Brisa Azul Bosque Verde,Caja 2 ud. (30 ml),"1,80 € /ud.",35859," 6,00 €/100 ml"
Limpieza y hogar,Insecticida y ambientador,Ambientador spray Secret Garden Bosque Verde,Spray 300 ml,"1,25 €1,15 € /ud.",52857," 3,834 €/L"
Limpieza y hogar,Insecticida y ambientador,Difusor ambientador eléctrico Bosque Verde,Caja 1 ud.,"1,40 € /ud.",72541," 1,40 €/ud"
Limpieza y hogar,Insecticida y ambientador,Difusor multifragancia eléctrico Bosque Verde,Paquete 1 ud.,"2,15 € /ud.",52759," 2,15 €/ud"
Limpieza y hogar,Insecticida y ambientador,Ambientador eléctrico Ropa Limpia Bosque Verde,Caja 25 ml,"1,70 € /ud.",72547," 6,80 €/100 ml"
Limpieza y hogar,Insecticida y ambientador,Ambientador eléctrico Brisa Azul Bosque Verde,Caja 25 ml,"1,70 € /ud.",72542," 6,80 €/100 ml"
Limpieza y hogar,Insecticida y ambientador,Ambientador eléctrico Infantil Bosque Verde,Caja 25 ml,"1,70 € /ud.",72546," 6,80 €/100 ml"
Limpieza y hogar,Insecticida y ambientador,Ambientador eléctrico Zen Bosque Verde,Caja 25 ml,"1,70 € /ud.",72548," 6,80 €/100 ml"
Limpieza y hogar,Insecticida y ambientador,Ambientador eléctrico Orquídea Bosque Verde,Caja 25 ml,"1,70 € /ud.",72544," 6,80 €/100 ml"
Limpieza y hogar,Insecticida y ambientador,Ambientador eléctrico Spa Bosque Verde 6 fragancias,Caja 25 ml,"2,90 € /ud.",72616," 11,60 €/100 ml"
Limpieza y hogar,Insecticida y ambientador,Ambientador eléctrico Jardín Bosque Verde 6 fragancias,Caja 25 ml,"2,90 € /ud.",72614," 11,60 €/100 ml"
Limpieza y hogar,Insecticida y ambientador,Ambientador eléctrico Mundo Bosque Verde 6 fragancias,Caja 25 ml,"2,90 € /ud.",72647," 11,60 €/100 ml"
Limpieza y hogar,Insecticida y ambientador,Ambientador eléctrico Chai Bosque Verde,Caja 25 ml,"1,70 € /ud.",22723," 1,70 €/ud"
Limpieza y hogar,Insecticida y ambientador,Ambientador eléctrico Sugar Bosque Verde 6 fragancias,Caja 25 ml,"2,90 € /ud.",52588," 11,60 €/100 ml"
Limpieza y hogar,Insecticida y ambientador,Difusor ambientador automático Bosque Verde,Caja 1 ud.,"3,10 € /ud.",72408," 3,10 €/ud"
Limpieza y hogar,Insecticida y ambientador,Ambientador automático Love Bosque Verde,Bote 250 ml,"1,80 € /ud.",72411," 7,20 €/L"
Limpieza y hogar,Insecticida y ambientador,Ambientador automático Ropa Limpia Bosque Verde,Bote 250 ml,"1,80 € /ud.",72405," 7,20 €/L"
Limpieza y hogar,Insecticida y ambientador,Ambientador automático Flower Bosque Verde,Bote 250 ml,"1,80 € /ud.",60790," 7,20 €/L"
Limpieza y hogar,Insecticida y ambientador,Ambientador automático Infantil Bosque Verde,Bote 250 ml,"1,80 € /ud.",72410," 7,20 €/L"
Limpieza y hogar,Insecticida y ambientador,Ambientador automático Delice Bosque Verde,Bote 250 ml,"1,80 € /ud.",23842," 7,20 €/L"
Limpieza y hogar,Insecticida y ambientador,Ambientador coche Bali Bosque Verde,Caja 1 ud.,"1,85 € /ud.",79425," 30,834 €/100 ml"
Limpieza y hogar,Insecticida y ambientador,Ambientador coche Frutos Silvestres Bosque Verde,Caja 1 ud.,"1,85 € /ud.",79446," 30,834 €/100 ml"
Limpieza y hogar,Insecticida y ambientador,Ambientador coche Exótico Bosque Verde,Paquete 1 ud.,"1,85 € /ud.",79447," 23,125 €/100 ml"
Limpieza y hogar,Insecticida y ambientador,Ambientador coche Marine Bosque Verde,Paquete 1 ud.,"1,85 € /ud.",79448," 23,125 €/100 ml"
Limpieza y hogar,Insecticida y ambientador,Ambientador varitas Frambuesa Bosque Verde,Caja 40 ml,"2,15 € /ud.",13789," 5,375 €/100 ml"
Limpieza y hogar,Insecticida y ambientador,Ambientador varitas Bambú Bosque Verde,Caja 40 ml,"2,15 € /ud.",13788," 5,375 €/100 ml"
Limpieza y hogar,Insecticida y ambientador,Ambientador varitas Jasmine Bosque Verde,Caja 40 ml,"2,15 € /ud.",13779," 5,375 €/100 ml"
Limpieza y hogar,Insecticida y ambientador,Ambientador varitas Fruta Tropical Bosque Verde,Caja 40 ml,"2,15 € /ud.",13780," 5,375 €/100 ml"
Limpieza y hogar,Insecticida y ambientador,Ambientador perlas Tiernos Recuerdos Bosque Verde,1 ud.,"1,45 € /ud.",72733," 1,45 €/ud"
Limpieza y hogar,Insecticida y ambientador,Ambientador perlas Lima Bosque Verde,1 ud.,"1,45 € /ud.",72734," 1,45 €/ud"
Limpieza y hogar,Insecticida y ambientador,Ambientador armarios Spa Bosque Verde,Caja 3 ud.,"1,75 € /ud.",72817," 5,304 €/100 g"
Limpieza y hogar,Insecticida y ambientador,Vela perfumada Frutos Silvestres Bosque Verde,Caja 1 ud.,"1,85 € /ud.",72676," 1,85 €/ud"
Limpieza y hogar,Insecticida y ambientador,Vela perfumada Vainilla Bosque Verde,Caja 1 ud.,"1,85 € /ud.",72675," 1,85 €/ud"
Limpieza y hogar,Insecticida y ambientador,Ambientador líquido concentrado Foresan deluxe,Botella 125 ml,"1,70 € /ud.",72873," 13,60 €/L"
Limpieza y hogar,Insecticida y ambientador,Vela perfumada Té Chai Bosque Verde,Caja 18 velas,"1,75 € /ud.",72077," 0,098 €/ud"
Limpieza y hogar,Insecticida y ambientador,Vela perfumada Té Chai Bosque Verde,Caja 1 ud.,"1,85 € /ud.",15805," 1,85 €/ud"
Limpieza y hogar,Insecticida y ambientador,Vela perfumada Talco Bosque Verde,Caja 1 ud.,"1,85 € /ud.",15804," 1,85 €/ud"
Limpieza y hogar,Insecticida y ambientador,Ambientador varitas Chai Bosque Verde,Caja 40 ml,"2,15 € /ud.",35456," 5,375 €/100 ml"
Limpieza y hogar,Insecticida y ambientador,Vela perfumada Fruta Tropical Bosque Verde,Caja 18 velas,"1,75 € /ud.",35457," 0,098 €/ud"
Limpieza y hogar,Insecticida y ambientador,Vela perfumada Toffee Bosque Verde,Caja 18 velas,"1,75 € /ud.",35938," 0,098 €/ud"
Limpieza y hogar,Insecticida y ambientador,Vela perfumada Amber Bosque Verde,Caja 1 ud.,"6,00 € /ud.",52615," 6,00 €/ud"
Limpieza y hogar,Insecticida y ambientador,Absorbeolores Ropa Limpia Bosque Verde,1 ud.,"0,80 € /ud.",16831," 0,80 €/ud"
Limpieza y hogar,Insecticida y ambientador,Absorbeolores en gel para frigorífico Bosque Verde,Paquete 1 ud.,"1,80 € /ud.",72878," 4,50 €/100 g"
Limpieza y hogar,Insecticida y ambientador,Set antihumedad con aromas cítricos Bosque Verde,1 ud.,"3,15 € /ud.",72514," 7,00 €/kg"
Limpieza y hogar,Insecticida y ambientador,Recambio antihumedad con aromas cítricos Bosque Verde,Caja 1 ud.,"2,00 € /ud.",72515," 4,445 €/kg"
Limpieza y hogar,Lejía y líquidos fuertes,Lejía normal Tradicional Bosque Verde,Garrafa 5 L,"1,60 € /ud.",43011," 0,32 €/L"
Limpieza y hogar,Lejía y líquidos fuertes,Lejía normal Tradicional Bosque Verde,Botella 2 L,"0,80 € /ud.",43075," 0,40 €/L"
Limpieza y hogar,Lejía y líquidos fuertes,Lejía con detergente Bosque Verde,Botella 2 L,"1,15 € /ud.",43024," 0,575 €/L"
Limpieza y hogar,Lejía y líquidos fuertes,Lejía ropa blanca denso Bosque Verde,Botella 2 L,"1,20 € /ud.",86803," 0,60 €/L"
Limpieza y hogar,Lejía y líquidos fuertes,Lejía perfumada con detergente Bosque Verde Limón,Botella 2 L,"1,15 € /ud.",43054," 0,575 €/L"
Limpieza y hogar,Lejía y líquidos fuertes,Lejía con detergente 2 en 1 Estrella limón,"Botella 1,43 L","2,65 € /ud.",60946," 1,854 €/L"
Limpieza y hogar,Lejía y líquidos fuertes,Lejía con detergente 2 en 1 Estrella,"Botella 1,43 L","2,65 € /ud.",60945," 1,854 €/L"
Limpieza y hogar,Lejía y líquidos fuertes,Pastillas desinfectantes multiusos Orache,Bote 48 ud.,"1,60 € /ud.",43057," 9,951 €/kg"
Limpieza y hogar,Lejía y líquidos fuertes,Lejía Multiusos Bosque Verde,Botella 750 ml,"1,70 €1,60 € /ud.",43060," 2,134 €/L"
Limpieza y hogar,Lejía y líquidos fuertes,Amoníaco perfumado Bosque Verde,"Botella 1,5 L","0,65 € /ud.",43818," 0,434 €/L"
Limpieza y hogar,Lejía y líquidos fuertes,Salfumant Bosque Verde,Botella 1 L,"1,00 € /ud.",43810," 1,00 €/L"
Limpieza y hogar,Lejía y líquidos fuertes,Amoníaco con detergente Bosque Verde,"Botella 1,5 L","0,95 € /ud.",43802," 0,634 €/L"
Limpieza y hogar,Lejía y líquidos fuertes,Desatascador de Tuberías Bosque Verde en gel,Botella 1 L,"1,85 € /ud.",43853," 1,85 €/L"
Limpieza y hogar,Lejía y líquidos fuertes,Desatascador Turbo Bosque Verde en gel,Botella 500 ml,"1,70 € /ud.",43042," 3,40 €/L"
Limpieza y hogar,Lejía y líquidos fuertes,Amoníaco muy fuerte Bosque Verde con detergente,Botella 750 ml,"1,30 € /ud.",43813," 1,734 €/L"
Limpieza y hogar,Lejía y líquidos fuertes,Sosa cáustica Bosque Verde,Botella 1 kg,"3,45 € /ud.",23412," 3,45 €/kg"
Limpieza y hogar,Lejía y líquidos fuertes,Limpiador de Tuberías Bosque Verde,Botella 1 L,"3,80 € /ud.",43806," 3,80 €/L"
Limpieza y hogar,Lejía y líquidos fuertes,Limpiador fosas sépticas Bosque Verde bolsitas solubles,Caja 12 bolsitas (300 g),"6,25 € /ud.",23415," 20,834 €/kg"
Limpieza y hogar,Lejía y líquidos fuertes,Antialgas líquido Bosque Verde para piscina,Garrafa 5 L,"10,00 € /ud.",90309," 2,00 €/L"
Limpieza y hogar,Lejía y líquidos fuertes,Cloro rápido granulado para piscina,Bote 5 kg,"34,50 € /ud.",80320," 6,90 €/kg"
Limpieza y hogar,Lejía y líquidos fuertes,Eliminador de turbidez líquido Bosque Verde para piscina,Garrafa 5 L,"13,00 € /ud.",90303," 2,60 €/L"
Limpieza y hogar,Lejía y líquidos fuertes,Reductor de pH Bosque Verde para piscina,Garrafa 5 L,"9,00 € /ud.",90326," 1,80 €/L"
Limpieza y hogar,Lejía y líquidos fuertes,Mantenimiento de invierno Bosque Verde para piscina,Garrafa 5 L,"18,00 € /ud.",90319," 3,60 €/L"
Limpieza y hogar,Lejía y líquidos fuertes,Incrementador de pH para piscina,"Bote 1,5 kg","4,50 € /ud.",80313," 3,00 €/kg"
Limpieza y hogar,Lejía y líquidos fuertes,Cloro 5 acciones disolución lenta tabletas para piscina,Bote 5 kg,"29,50 € /ud.",23414," 5,90 €/kg"
Limpieza y hogar,Limpiacristales,Limpiacristales y multiusos Bosque Verde,Botella 1 L,"1,10 €1,00 € /ud.",43218," 1,00 €/L"
Limpieza y hogar,Limpiacristales,Toallitas Limpiagafas Bosque Verde monodosis,Caja 32 ud.,"1,60 € /ud.",43088," 0,05 €/ud"
Limpieza y hogar,Limpiacristales,Toallitas limpiadoras de Cristales y Espejos Bosque Verde,Paquete 30 ud.,"1,25 € /ud.",43223," 0,042 €/ud"
Limpieza y hogar,Limpiacristales,Lavaparabrisas Bosque Verde,Botella 2 L,"2,50 € /ud.",43204," 1,25 €/L"
Limpieza y hogar,Limpiacristales,Limpiacristales Bosque Verde,Spray 400 ml,"1,80 € /ud.",73207," 4,50 €/L"
Limpieza y hogar,Limpiacristales,Limpiador desincrustante y chimeneas Bosque Verde,Botella 750 ml,"3,55 € /ud.",44232," 4,734 €/L"
Limpieza y hogar,Limpiacristales,Limpiagafas Spray con gamuza Bosque Verde,Spray 15 ml,"2,25 € /ud.",67951," 2,25 €/ud"
Limpieza y hogar,Limpiahogar y friegasuelos,Friegasuelos Pino Bosque Verde líquido,"Botella 1,5 L","0,95 € /ud.",43347," 0,634 €/L"
Limpieza y hogar,Limpiahogar y friegasuelos,Friegasuelos Spa Bosque Verde líquido,"Botella 1,5 L","0,95 € /ud.",43320," 0,634 €/L"
Limpieza y hogar,Limpiahogar y friegasuelos,Friegasuelos Classic Bosque Verde concentrado,Botella 1 L,"1,70 € /ud.",44300," 1,70 €/L"
Limpieza y hogar,Limpiahogar y friegasuelos,Friegasuelos Flor de Cerezo Bosque Verde líquido,"Botella 1,5 L","0,95 € /ud.",43307," 0,634 €/L"
Limpieza y hogar,Limpiahogar y friegasuelos,Friegasuelos Pétalos Bosque Verde concentrado,Botella 1 L,"1,70 € /ud.",44301," 1,70 €/L"
Limpieza y hogar,Limpiahogar y friegasuelos,Friegasuelos Lavanda Bosque Verde líquido,"Botella 1,5 L","0,95 € /ud.",15862," 0,634 €/L"
Limpieza y hogar,Limpiahogar y friegasuelos,Abrillantador suelos Bosque Verde,Botella 1 L,"2,10 € /ud.",43375," 2,10 €/L"
Limpieza y hogar,Limpiahogar y friegasuelos,Friegasuelos Insecticida Krisul líquido,Botella 1 L,"2,35 € /ud.",43070," 2,35 €/L"
Limpieza y hogar,Limpiahogar y friegasuelos,Renovador suelos Bosque Verde,"Botella 1,5 L","1,95 € /ud.",43314," 1,30 €/L"
Limpieza y hogar,Limpiahogar y friegasuelos,Toallitas limpiadoras de suelo Bosque Verde,Paquete 20 ud.,"1,60 € /ud.",71527," 0,08 €/ud"
Limpieza y hogar,Limpiahogar y friegasuelos,Cera suelos Bosque Verde,Botella 1 L,"2,30 € /ud.",43614," 2,30 €/L"
Limpieza y hogar,Limpiahogar y friegasuelos,Cera suelos Bosque Verde parquet y laminados,Botella 1 L,"3,60 € /ud.",43621," 3,60 €/L"
Limpieza y hogar,Limpiahogar y friegasuelos,Limpiahogar Aloe Vera Bosque Verde concentrado,"Botella 1,5 L","2,15 € /ud.",43315," 1,434 €/L"
Limpieza y hogar,Limpiahogar y friegasuelos,Limpiador concentrado Las 3 Brujas,Botella 1 L,"2,85 € /ud.",35962," 2,85 €/L"
Limpieza y hogar,Limpiahogar y friegasuelos,Limpiahogar PH Neutro Bosque Verde delicado,"Botella 1,5 L","1,55 € /ud.",43329," 1,034 €/L"
Limpieza y hogar,Limpiahogar y friegasuelos,Limpiahogar Multiusos Pino Bosque Verde líquido,"Botella 1,5 L","1,65 €1,60 € /ud.",42204," 1,067 €/L"
Limpieza y hogar,Limpiahogar y friegasuelos,Limpiahogar con lejía Bosque Verde en gel,"Botella 1,5 L","1,90 € /ud.",43301," 1,267 €/L"
Limpieza y hogar,Limpiahogar y friegasuelos,Limpiahogar Oxi Active Bosque Verde sin lejía,Botella 1 L,"1,35 € /ud.",43338," 1,35 €/L"
Limpieza y hogar,Limpiahogar y friegasuelos,Limpiahogar Brillo Bosque Verde,Botella 1 L,"2,35 € /ud.",43341," 2,35 €/L"
Limpieza y hogar,Limpiahogar y friegasuelos,Limpiahogar desinfectante Bosque Verde,"Botella 1,5 L","2,15 €2,10 € /ud.",44262," 1,40 €/L"
Limpieza y hogar,Limpiahogar y friegasuelos,Multiusos Desinfectante antibacterias Bosque Verde,Botella 750 ml,"1,95 € /ud.",44019," 2,60 €/L"
Limpieza y hogar,Limpiahogar y friegasuelos,70% Alcohol limpieza hogar Bosque Verde,Botella 750 ml,"2,60 € /ud.",43112," 3,467 €/L"
Limpieza y hogar,Limpieza baño y WC,Limpiador WC con lejía Bosque Verde en gel,Botella 1 L,"1,00 € /ud.",43113," 1,00 €/L"
Limpieza y hogar,Limpieza baño y WC,Limpiador Baños Bosque Verde en gel,"Botella 1,5 L","1,50 € /ud.",43496," 1,00 €/L"
Limpieza y hogar,Limpieza baño y WC,Colgador WC Azul perfume marino Bosque Verde,Paquete 2 ud. (80 g),"1,25 €1,20 € /ud.",43474," 15,00 €/kg"
Limpieza y hogar,Limpieza baño y WC,Limpiador WC Spa Bosque Verde en gel,Botella 1 L,"1,15 € /ud.",43420," 1,15 €/L"
Limpieza y hogar,Limpieza baño y WC,Limpiador Antical Bosque Verde,Botella 750 ml,"1,65 €1,60 € /ud.",43025," 2,134 €/L"
Limpieza y hogar,Limpieza baño y WC,Colgador WC Azul limpieza activa Bosque Verde,Paquete 2 ud. (80 g),"1,35 € /ud.",43484," 16,875 €/kg"
Limpieza y hogar,Limpieza baño y WC,Limpiador WC Flor de Cerezo Bosque Verde en gel,Botella 1 L,"1,15 € /ud.",42203," 1,15 €/L"
Limpieza y hogar,Limpieza baño y WC,Limpiador Baños desinfectante Bosque Verde,Botella 750 ml,"1,55 € /ud.",43089," 2,067 €/L"
Limpieza y hogar,Limpieza baño y WC,Toallitas limpiadoras de baños Bosque Verde,Paquete 50 ud.,"1,30 € /ud.",43482," 0,026 €/ud"
Limpieza y hogar,Limpieza baño y WC,Limpiador WC Desincrustante Bosque Verde en gel,Botella 1 L,"1,65 € /ud.",43028," 1,65 €/L"
Limpieza y hogar,Limpieza baño y WC,Colgador WC Maxigotas Limón Bosque Verde,Paquete 2 ud. (80 g),"1,30 € /ud.",43056," 16,25 €/kg"
Limpieza y hogar,Limpieza baño y WC,Limpiador Potente Bosque Verde,Botella 750 ml,"1,65 € /ud.",43820," 2,20 €/L"
Limpieza y hogar,Limpieza baño y WC,Limpiador Ducha Bosque Verde,Botella 1 L,"2,20 €2,10 € /ud.",43421," 2,10 €/L"
Limpieza y hogar,Limpieza baño y WC,Pastillas cisterna Efecto Antical Bosque Verde,Paquete 4 ud. (200 g),"1,30 € /ud.",43507," 6,50 €/kg"
Limpieza y hogar,Limpieza baño y WC,Limpiador WC Polvo Activo Bosque Verde,Caja 4 ud. (240 g),"1,90 € /ud.",43047," 7,917 €/kg"
Limpieza y hogar,Limpieza baño y WC,Limpiador Cal y Suciedad Cillit Bang,Botella 1 L,"3,90 € /ud.",23549," 3,90 €/L"
Limpieza y hogar,Limpieza baño y WC,Tabletas cisterna limpieza activa Bosque Verde,Paquete 4 ud. (200 g),"1,40 € /ud.",43508," 7,00 €/kg"
Limpieza y hogar,Limpieza baño y WC,Colgador WC Power Activ Pino Bref,Paquete 2 ud. (100 g),"3,00 € /ud.",35926," 30,00 €/kg"
Limpieza y hogar,Limpieza baño y WC,Colgador WC Maxigotas Floral Bosque Verde,Paquete 2 ud. (80 g),"1,30 € /ud.",52556," 16,25 €/kg"
Limpieza y hogar,Limpieza cocina,Quitagrasas Bosque Verde perfume Marsella,Botella 750 ml,"1,40 € /ud.",43914," 1,867 €/L"
Limpieza y hogar,Limpieza cocina,Quitagrasas sin espuma Bosque Verde perfume limón,Botella 750 ml,"1,45 € /ud.",43906," 1,934 €/L"
Limpieza y hogar,Limpieza cocina,Quitagrasas KH-7,Botella 780 ml,"3,70 € /ud.",23801," 4,744 €/L"
Limpieza y hogar,Limpieza cocina,Toallitas limpiadoras desengrasantes de Cocina Bosque Verde,Paquete 50 ud.,"1,30 € /ud.",43935," 0,026 €/ud"
Limpieza y hogar,Limpieza cocina,Limpiador de Hornos Bosque Verde,Spray 300 ml,"1,30 € /ud.",44210," 4,334 €/L"
Limpieza y hogar,Limpieza cocina,Limpiador Vitrocerámicas Bosque Verde 3 en 1,Botella 500 ml,"2,00 € /ud.",44000," 4,00 €/L"
Limpieza y hogar,Limpieza cocina,Limpiador Placas de Inducción Bosque Verde líquido,Botella 500 ml,"1,75 € /ud.",44215," 3,50 €/L"
Limpieza y hogar,Limpieza cocina,Crema limpiadora Vitrocerámicas Vitroclen 5 en 1,Botella 420 ml,"4,90 € /ud.",13633," 11,667 €/L"
Limpieza y hogar,Limpieza cocina,Aceite abrillantador Inox y Aluminio Bosque Verde,Botella 500 ml,"3,80 € /ud.",43032," 7,60 €/L"
Limpieza y hogar,Limpieza cocina,Rasqueta Vitrocerámicas Bosque Verde,Paquete 1 ud.,"3,20 € /ud.",44264," 3,20 €/ud"
Limpieza y hogar,Limpieza cocina,Recambio rasqueta Vitrocerámicas Bosque Verde,Paquete 5 ud.,"2,40 € /ud.",44265," 0,48 €/ud"
Limpieza y hogar,Limpieza muebles y multiusos,Limpiador Muebles jabonoso para Madera Bosque Verde,Botella 1 L,"1,55 € /ud.",44110," 1,55 €/L"
Limpieza y hogar,Limpieza muebles y multiusos,Limpiador de Muebles con ceras Bosque Verde,Spray 400 ml,"1,65 € /ud.",35882," 4,125 €/L"
Limpieza y hogar,Limpieza muebles y multiusos,Toallitas limpiadoras de Muebles Bosque Verde,Paquete 30 ud.,"1,35 € /ud.",44127," 0,045 €/ud"
Limpieza y hogar,Limpieza muebles y multiusos,Limpiador de Muebles Classic Pronto,Spray 250 ml,"2,90 € /ud.",35663," 11,60 €/L"
Limpieza y hogar,Limpieza muebles y multiusos,Limpiador de Muebles y Parquet Bosque Verde,Botella 750 ml,"2,00 € /ud.",44116," 2,667 €/L"
Limpieza y hogar,Limpieza muebles y multiusos,Limpia Tapicerías y Alfombras con espuma activa Bosque Verde,Botella 750 ml,"1,75 € /ud.",44303," 2,334 €/L"
Limpieza y hogar,Limpieza muebles y multiusos,Vinagre de Limpieza Bosque Verde concentrado,Botella 1 L,"0,90 € /ud.",49402," 0,90 €/L"
Limpieza y hogar,Limpieza muebles y multiusos,Multiusos Perfumado Bosque Verde,Botella 1 L,"1,30 € /ud.",44138," 1,30 €/L"
Limpieza y hogar,Limpieza muebles y multiusos,70% Alcohol de Limpieza Perfumado Bosque Verde,Botella 1 L,"2,30 € /ud.",43861," 2,30 €/L"
Limpieza y hogar,Limpieza muebles y multiusos,Multiusos Desinfectante antibacterias Bosque Verde,Botella 750 ml,"1,95 € /ud.",44019," 2,60 €/L"
Limpieza y hogar,Limpieza muebles y multiusos,Multiusos pH Neutro Las 3 Brujas,Botella 750 ml,"2,55 € /ud.",44001," 3,40 €/L"
Limpieza y hogar,Limpieza muebles y multiusos,Limpia Mopas Bosque Verde,Spray 750 ml,"2,80 € /ud.",44310," 3,734 €/L"
Limpieza y hogar,Limpieza muebles y multiusos,Blanqueador de Juntas Bosque Verde,Botella 250 ml,"2,75 € /ud.",43923," 11,00 €/L"
Limpieza y hogar,Limpieza muebles y multiusos,Limpia Salpicaderos Bosque Verde,Spray 200 ml,"1,50 € /ud.",90539," 7,50 €/L"
Limpieza y hogar,Limpieza muebles y multiusos,Desincrustante de Cementos y Limpiajuntas Bosque Verde,Botella 750 ml,"3,80 € /ud.",43931," 5,067 €/L"
Limpieza y hogar,Limpieza muebles y multiusos,Algodón mágico Aladdin,Bote 75 g,"3,80 € /ud.",43705," 50,667 €/kg"
Limpieza y hogar,Limpieza muebles y multiusos,Limpiador de Pantallas Bosque Verde,Spray 140 ml,"3,40 € /ud.",44115," 24,286 €/L"
Limpieza y hogar,Limpieza muebles y multiusos,Toallitas Multiusos desinfectantes Bosque Verde,Paquete 24 ud.,"1,05 € /ud.",79706," 0,044 €/ud"
Limpieza y hogar,Limpieza muebles y multiusos,70% Alcohol limpieza hogar Bosque Verde,Botella 750 ml,"2,60 € /ud.",43112," 3,467 €/L"
Limpieza y hogar,Limpieza vajilla,Lavavajillas Ultra concentrado Bosque Verde,"Botella 1,3 L","1,90 € /ud.",35998," 1,462 €/L"
Limpieza y hogar,Limpieza vajilla,Lavavajillas Ultra concentrado Bosque Verde,Botella 600 ml,"1,10 € /ud.",35997," 1,834 €/L"
Limpieza y hogar,Limpieza vajilla,Lavavajillas a mano Bosque Verde,"Botella 1,3 L","1,20 €1,10 € /ud.",42441," 0,847 €/L"
Limpieza y hogar,Limpieza vajilla,Lavavajillas Aloe Bosque Verde concentrado,Botella 1 L,"1,75 € /ud.",13644," 1,75 €/L"
Limpieza y hogar,Limpieza vajilla,Lavavajillas Aloe Vera y Pepino Fairy líquido,Botella 650 ml,"2,50 € /ud.",86329," 3,847 €/L"
Limpieza y hogar,Limpieza vajilla,Limpiador de Ollas y Cacerolas Bosque Verde,Bote 250 ml,"4,00 € /ud.",35963," 16,00 €/L"
Limpieza y hogar,Limpieza vajilla,Lavavajillas Ultra Original Fairy líquido,Botella 870 ml,"3,80 € /ud.",16805," 4,368 €/L"
Limpieza y hogar,Limpieza vajilla,Lavavajillas Todo en 1 Bosque Verde en pastillas,Paquete 30 lavados (510 g),"3,00 €2,95 € /ud.",42384," 5,785 €/kg"
Limpieza y hogar,Limpieza vajilla,Sal lavavajillas Bosque Verde en grano,Paquete 2 kg,"0,95 € /ud.",35504," 0,475 €/kg"
Limpieza y hogar,Limpieza vajilla,Abrillantador lavavajillas líquido Bosque Verde,Botella 750 ml,"1,20 € /ud.",42314," 1,60 €/L"
Limpieza y hogar,Limpieza vajilla,Lavavajillas Todo en 1 Fairy en pastillas,Paquete 25 lavados (338 g),"4,45 € /ud.",42186," 13,166 €/kg"
Limpieza y hogar,Limpieza vajilla,Lavavajillas todo en 1 Bosque Verde en gel,Botella 26 lavados (650 ml),"2,95 € /ud.",42302," 4,539 €/L"
Limpieza y hogar,Limpieza vajilla,Lavavajillas Classic Bosque Verde en pastillas,Paquete 30 lavados (390 g),"2,35 € /ud.",42385," 6,026 €/kg"
Limpieza y hogar,Limpieza vajilla,Limpiamáquinas lavavajillas líquido Bosque Verde,Botella 250 ml,"1,65 € /ud.",42318," 6,60 €/L"
Limpieza y hogar,Limpieza vajilla,Ambientador lavavajillas Limón Bosque Verde,Paquete 2 recambios,"1,50 € /ud.",43058," 12,50 €/100 ml"
Limpieza y hogar,Limpieza vajilla,Limpiamáquinas lavavajillas Finish líquido,Botella 250 ml,"3,75 € /ud.",42371," 15,00 €/L"
Limpieza y hogar,Limpieza vajilla,Abrillantador lavavajillas líquido Essential Finish,Botella 400 ml,"3,95 € /ud.",86652," 9,875 €/L"
Limpieza y hogar,Limpieza vajilla,Lavavajillas Total Duo Somat en gel,Botella 30 lavados (540 ml),"5,30 € /ud.",52483," 9,815 €/L"
Limpieza y hogar,Limpieza vajilla,Lavavajillas Quantum Essential Finish en pastillas,"Paquete 21 lavados (218,4 g)","3,75 € /ud.",35915," 17,171 €/kg"
Limpieza y hogar,Limpieza vajilla,Lavavajillas Power Essential Finish en pastillas,Caja 26 lavados (416 g),"3,75 € /ud.",86653," 11,095 €/kg"
Limpieza y hogar,Limpieza vajilla,Lavavajillas Power Essential Finish en gel,Botella 28 lavados (560 ml),"4,25 € /ud.",86886," 7,59 €/L"
Limpieza y hogar,Menaje y conservación de alimentos,"Molde de Aluminio Cuadrado 2,7L Alibérico",Paquete 2 ud.,"2,30 € /ud.",49867," 1,15 €/ud"
Limpieza y hogar,Menaje y conservación de alimentos,"Recipiente de Plástico Rectangular 1,3L Bosque Verde",Paquete 4 ud.,"2,40 € /ud.",48361," 0,60 €/ud"
Limpieza y hogar,Menaje y conservación de alimentos,"Recipiente de Plástico Redondo 0,5L Bosque Verde",Paquete 3 ud.,"2,05 € /ud.",48001," 0,684 €/ud"
Limpieza y hogar,Menaje y conservación de alimentos,"Recipiente de Plástico Cuadrado bajo 0,8L Bosque Verde",Paquete 5 ud.,"2,25 € /ud.",48360," 0,45 €/ud"
Limpieza y hogar,Menaje y conservación de alimentos,Recipiente de Plástico Redondo 1L Bosque Verde,Paquete 2 ud.,"2,05 € /ud.",48009," 1,025 €/ud"
Limpieza y hogar,Menaje y conservación de alimentos,Recipiente de Plástico Redondo 240 ml Bosque Verde,Paquete 3 ud.,"1,95 € /ud.",48005," 0,65 €/ud"
Limpieza y hogar,Menaje y conservación de alimentos,"Molde de Aluminio Rectangular 0,5L Alibérico",Paquete 5 ud.,"1,75 € /ud.",49837," 0,35 €/ud"
Limpieza y hogar,Menaje y conservación de alimentos,Molde de Aluminio Redondo 1L Alibérico,Paquete 3 ud.,"2,00 € /ud.",49869," 0,667 €/ud"
Limpieza y hogar,Menaje y conservación de alimentos,Recipiente de Plástico Redondo 3L Bosque Verde,Paquete 2 ud.,"3,50 € /ud.",48304," 1,75 €/ud"
Limpieza y hogar,Menaje y conservación de alimentos,"Molde de Aluminio Rectangular 1,5L Alibérico",Paquete 3 ud.,"3,15 € /ud.",49863," 1,05 €/ud"
Limpieza y hogar,Menaje y conservación de alimentos,Molde de Aluminio Alibérico,Paquete 12 ud.,"1,80 € /ud.",49823," 0,15 €/ud"
Limpieza y hogar,Menaje y conservación de alimentos,Recipiente hermético de Plástico Rectangular 1L Bosque Verde,Paquete 1 ud.,"3,00 € /ud.",35894," 3,00 €/ud"
Limpieza y hogar,Menaje y conservación de alimentos,Papel de Aluminio Bosque Verde,Caja 30 m,"2,10 €2,05 € /ud.",49000," 0,069 €/m"
Limpieza y hogar,Menaje y conservación de alimentos,Film Transparente Bosque Verde con sierra deslizante,Caja 80 m,"1,85 € /ud.",60294," 0,024 €/m"
Limpieza y hogar,Menaje y conservación de alimentos,Papel vegetal Bosque Verde,Caja 30 hojas,"1,70 € /ud.",23608," 0,057 €/ud"
Limpieza y hogar,Menaje y conservación de alimentos,Bolsas Congelación medianas Bosque Verde,Caja 40 bolsas,"0,85 € /ud.",49224," 0,022 €/ud"
Limpieza y hogar,Menaje y conservación de alimentos,Bolsas Zip Congelación medianas Bosque Verde,Caja 20 bolsas,"1,20 € /ud.",49073," 0,06 €/ud"
Limpieza y hogar,Menaje y conservación de alimentos,Bolsas Congelación grandes Bosque Verde,Caja 30 bolsas,"1,10 € /ud.",49154," 0,037 €/ud"
Limpieza y hogar,Menaje y conservación de alimentos,Bolsas zip congelación grandes Bosque Verde,Caja 15 bolsas,"1,35 € /ud.",49074," 0,09 €/ud"
Limpieza y hogar,Menaje y conservación de alimentos,Bolsa isotérmica,1 ud.,"1,80 € /ud.",15636," 1,80 €/ud"
Limpieza y hogar,Menaje y conservación de alimentos,Bolsa de rafia,1 ud.,"0,65 € /ud.",2439," 0,65 €/ud"
Limpieza y hogar,Menaje y conservación de alimentos,Bolsas reutilizables Bosque Verde,Paquete 4 ud.,"1,20 € /ud.",15777," 0,30 €/ud"
Limpieza y hogar,Menaje y conservación de alimentos,Vasos grandes de plástico Bosque Verde reutilizables,Paquete 10 ud.,"1,55 € /ud.",15968," 0,155 €/ud"
Limpieza y hogar,Menaje y conservación de alimentos,Vaso mediano Bosque Verde apto para bebida caliente,10 ud.,"2,45 €2,35 € /ud.",35627," 0,235 €/ud"
Limpieza y hogar,Menaje y conservación de alimentos,Vaso pequeño Bosque Verde apto para bebida caliente,Paquete 20 ud.,"1,35 € /ud.",67981," 0,068 €/ud"
Limpieza y hogar,Menaje y conservación de alimentos,Plato llano biodegradable Bosque Verde,Paquete 15 ud.,"1,60 €1,55 € /ud.",23187," 0,104 €/ud"
Limpieza y hogar,Menaje y conservación de alimentos,Plato postre biodegradable Bosque Verde,Paquete 15 ud.,"1,45 € /ud.",23188," 0,097 €/ud"
Limpieza y hogar,Menaje y conservación de alimentos,Bol biodegradable Bosque Verde,Paquete 15 ud.,"2,10 € /ud.",23189," 0,14 €/ud"
Limpieza y hogar,Menaje y conservación de alimentos,Cucharas de plástico Bosque Verde reutilizables,Paquete 15 ud.,"1,55 € /ud.",13717," 0,104 €/ud"
Limpieza y hogar,Menaje y conservación de alimentos,Cucharas postre de plástico Bosque Verde reutilizables,Paquete 15 ud.,"1,45 € /ud.",13719," 0,097 €/ud"
Limpieza y hogar,Menaje y conservación de alimentos,Tenedores de plástico Bosque Verde reutilizables,Paquete 15 ud.,"1,55 € /ud.",13716," 0,104 €/ud"
Limpieza y hogar,Menaje y conservación de alimentos,Cuchillos de plástico Bosque Verde reutilizables,Paquete 15 ud.,"1,55 € /ud.",13718," 0,104 €/ud"
Limpieza y hogar,Menaje y conservación de alimentos,Pajitas rectas reutilizables,Paquete 30 ud.,"1,15 €1,10 € /ud.",23516," 0,037 €/ud"
Limpieza y hogar,Menaje y conservación de alimentos,Palillos redondos Bosque Verde,Bote 500 ud.,"1,25 € /ud.",49319," 0,003 €/ud"
Limpieza y hogar,Menaje y conservación de alimentos,Mantel de papel color aleatorio Bosque Verde,1 ud.,"2,90 € /ud.",49011," 2,90 €/ud"
Limpieza y hogar,Menaje y conservación de alimentos,Mantel de papel blanco Bosque Verde,1 ud.,"2,20 € /ud.",49087," 2,20 €/ud"
Limpieza y hogar,Menaje y conservación de alimentos,Vasos medianos de plástico Bosque Verde reutilizables,Paquete 10 ud.,"1,50 € /ud.",60967," 0,15 €/ud"
Limpieza y hogar,Menaje y conservación de alimentos,Velote rojo Roura,1 ud.,"1,20 € /ud.",49302," 1,20 €/ud"
Limpieza y hogar,Menaje y conservación de alimentos,Pastillas enciende fuegos Mr. Grills,Caja 32 ud.,"1,15 € /ud.",52968," 0,036 €/ud"
Limpieza y hogar,Menaje y conservación de alimentos,Velote blanco Roura,1 ud.,"1,20 € /ud.",49049," 1,20 €/ud"
Limpieza y hogar,Menaje y conservación de alimentos,Carbón vegetal Bosque Verde,Paquete 3 kg,"3,90 € /ud.",23296," 1,30 €/kg"
Limpieza y hogar,Menaje y conservación de alimentos,Fósforos de madera largos Tres Estrellas,Paquete 3 cajas,"1,20 € /ud.",49116," 0,40 €/ud"
Limpieza y hogar,Menaje y conservación de alimentos,Mini mechero Clipper,Paquete 3 ud.,"2,50 € /ud.",49330," 0,834 €/ud"
Limpieza y hogar,Menaje y conservación de alimentos,Encendedor cocina largo Clipper,Paquete 1 ud.,"2,57 € /ud.",49080," 2,57 €/ud"
Limpieza y hogar,Papel higiénico y celulosa,Servilleta papel Bosque Verde,Paquete 200 ud.,"1,30 €1,25 € /ud.",49544," 0,007 €/ud"
Limpieza y hogar,Papel higiénico y celulosa,Servilleta papel decorada Resistente Bosque Verde,Paquete 100 ud.,"2,05 € /ud.",49710," 0,021 €/ud"
Limpieza y hogar,Papel higiénico y celulosa,Servilleta papel Cocktail Bosque Verde,Paquete 200 ud.,"2,20 € /ud.",49701," 0,011 €/ud"
Limpieza y hogar,Papel higiénico y celulosa,Servilleta papel suave Bosque Verde,Paquete 100 ud.,"1,45 €1,40 € /ud.",49589," 0,014 €/ud"
Limpieza y hogar,Papel higiénico y celulosa,Papel hogar Compacto Absorbente Bosque Verde,Paquete 300 servicios (3 ud.),"2,20 €2,10 € /ud.",49619," 0,70 €/ud"
Limpieza y hogar,Papel higiénico y celulosa,Papel Multiusos Resistente Bosque Verde,Paquete 600 servicios,"3,35 € /ud.",49173," 3,35 €/ud"
Limpieza y hogar,Papel higiénico y celulosa,Papel cocina Gigante Absorbente Bosque Verde,Paquete 375 servicios,"2,85 € /ud.",49176," 2,85 €/ud"
Limpieza y hogar,Papel higiénico y celulosa,Papel hogar Super Absorbente Bosque Verde,Paquete 200 servicios (2 ud.),"3,00 € /ud.",49504," 1,50 €/ud"
Limpieza y hogar,Papel higiénico y celulosa,Papel higiénico Doble Rollo Bosque Verde,Paquete 12 rollos,"4,40 € /ud.",47818," 0,367 €/ud"
Limpieza y hogar,Papel higiénico y celulosa,Papel higiénico Doble Rollo Bosque Verde,Paquete 6 rollos,"2,25 € /ud.",47819," 0,375 €/ud"
Limpieza y hogar,Papel higiénico y celulosa,Papel higiénico doble hoja Bosque Verde,Paquete 12 rollos,"2,25 € /ud.",47834," 0,188 €/ud"
Limpieza y hogar,Papel higiénico y celulosa,Papel higiénico húmedo WC Bosque Verde,Paquete 15 ud.,"0,80 € /ud.",47293," 0,054 €/ud"
Limpieza y hogar,Papel higiénico y celulosa,Papel higiénico húmedo WC Bosque Verde,Paquete 100 ud.,"1,55 € /ud.",47291," 0,016 €/ud"
Limpieza y hogar,Papel higiénico y celulosa,Papel higiénico Suave Bosque Verde,Paquete 8 rollos,"3,40 € /ud.",47824," 0,425 €/ud"
Limpieza y hogar,Papel higiénico y celulosa,Pañuelos de papel Extra Suaves Bosque Verde,Caja 200 ud.,"1,30 €1,20 € /ud.",47609," 0,006 €/ud"
Limpieza y hogar,Papel higiénico y celulosa,Pañuelos de papel Aloe Vera Bosque Verde,Paquete 10 ud.,"1,45 € /ud.",46703," 0,015 €/ud"
Limpieza y hogar,Papel higiénico y celulosa,Pañuelos de papel Extra Suaves Bosque Verde,Paquete 10 ud.,"1,15 € /ud.",47620," 0,012 €/ud"
Limpieza y hogar,Papel higiénico y celulosa,Pañuelos de papel Mentol Bosque Verde,Paquete 10 ud.,"1,75 € /ud.",47618," 0,018 €/ud"
Limpieza y hogar,Papel higiénico y celulosa,Toallitas Refrescantes Deliplus,Paquete 25 ud.,"1,25 € /ud.",76457," 0,05 €/ud"
Limpieza y hogar,Papel higiénico y celulosa,Toallitas Refrescantes Deliplus,Paquete 20 ud.,"0,80 € /ud.",76470," 0,04 €/ud"
Limpieza y hogar,Papel higiénico y celulosa,Toallitas Dermo Higiene Corporal Deliplus tamaño gigantes,Paquete 60 ud.,"3,95 € /ud.",47828," 0,066 €/ud"
Limpieza y hogar,Papel higiénico y celulosa,Toallitas Refrescantes Deliplus monodosis,Caja 20 sobres,"1,75 € /ud.",76472," 0,088 €/ud"
Limpieza y hogar,Papel higiénico y celulosa,Toallitas Multiusos desinfectantes Bosque Verde,Paquete 24 ud.,"1,05 € /ud.",79706," 0,044 €/ud"
Limpieza y hogar,Pilas y bolsas de basura,Pila alcalina AA-LR6 Bosque Verde,Paquete 8 ud.,"1,60 € /ud.",22302," 0,20 €/ud"
Limpieza y hogar,Pilas y bolsas de basura,Pila alcalina AAA LR03 Bosque Verde,Paquete 8 ud.,"1,60 € /ud.",22301," 0,20 €/ud"
Limpieza y hogar,Pilas y bolsas de basura,Kit cargador pilas AA y AAA Bosque Verde incluye 4 pilas AA,Paquete 1 ud.,"16,45 € /ud.",1927," 16,45 €/ud"
Limpieza y hogar,Pilas y bolsas de basura,Pila recargable AA Bosque Verde,Paquete 4 ud.,"7,90 € /ud.",1914," 1,975 €/ud"
Limpieza y hogar,Pilas y bolsas de basura,Pila recargable AAA Bosque Verde,Paquete 4 ud.,"7,90 € /ud.",1926," 1,975 €/ud"
Limpieza y hogar,Pilas y bolsas de basura,Bolsa de basura Bosque Verde 30L cubo mediano,Paquete 40 bolsas,"1,70 € /ud.",49750," 0,043 €/ud"
Limpieza y hogar,Pilas y bolsas de basura,Bolsa de basura extra Bosque Verde 30L cubo mediano,Paquete 20 bolsas,"1,60 € /ud.",49752," 0,08 €/ud"
Limpieza y hogar,Pilas y bolsas de basura,Bolsa de basura grande Bosque Verde 50L cubo grande,Paquete 15 bolsas,"1,60 € /ud.",49048," 0,107 €/ud"
Limpieza y hogar,Pilas y bolsas de basura,Bolsa de basura mini Bosque Verde 10L cubo pequeño,Paquete 40 bolsas,"1,35 € /ud.",49704," 0,034 €/ud"
Limpieza y hogar,Pilas y bolsas de basura,Bolsa de basura jardín Bosque Verde 100L cubo industrial,Paquete 10 bolsas,"2,65 € /ud.",49703," 0,265 €/ud"
Limpieza y hogar,Pilas y bolsas de basura,Bolsa de basura cubo alto Bosque Verde 30L cubo mediano,Paquete 20 bolsas,"1,85 € /ud.",49711," 0,093 €/ud"
Limpieza y hogar,Pilas y bolsas de basura,Bolsa de basura envases Bosque Verde 30L cubo mediano,Paquete 30 bolsas,"1,65 € /ud.",49705," 0,055 €/ud"
Limpieza y hogar,Pilas y bolsas de basura,Bolsa de basura compostables Bosque Verde 10L cubo pequeño,Paquete 15 bolsas,"1,75 € /ud.",49333," 0,117 €/ud"
Limpieza y hogar,Pilas y bolsas de basura,Bolsa de basura mini Bosque Verde 5L cubo pequeño,Paquete 40 bolsas,"1,30 € /ud.",22985," 0,033 €/ud"
Limpieza y hogar,Pilas y bolsas de basura,Bolsa de basura saco Bosque Verde 100L cubo industrial,Paquete 10 bolsas,"1,35 € /ud.",49715," 0,135 €/ud"
Limpieza y hogar,Utensilios de limpieza y calzado,Escoba para interiores Bosque Verde,1 ud.,"2,10 €2,00 € /ud.",52834," 2,00 €/ud"
Limpieza y hogar,Utensilios de limpieza y calzado,Fregona Microfibra Absorbente Bosque Verde,Paquete 2 ud.,"2,80 € /ud.",71403," 1,40 €/ud"
Limpieza y hogar,Utensilios de limpieza y calzado,Fregona Microfibra Absorbente Bosque Verde,Paquete 1 ud.,"1,50 € /ud.",71452," 1,50 €/ud"
Limpieza y hogar,Utensilios de limpieza y calzado,Fregona Algodón Bosque Verde,Paquete 1 ud.,"1,10 € /ud.",71450," 1,10 €/ud"
Limpieza y hogar,Utensilios de limpieza y calzado,Fregona Resistente y Absorbente Bosque Verde,Paquete 2 ud.,"1,75 € /ud.",71071," 0,875 €/ud"
Limpieza y hogar,Utensilios de limpieza y calzado,Fregona Microfibra Resistente Bosque Verde,Paquete 1 ud.,"3,50 € /ud.",71407," 3,50 €/ud"
Limpieza y hogar,Utensilios de limpieza y calzado,Escoba Bosque Verde,1 ud.,"1,15 € /ud.",71156," 1,15 €/ud"
Limpieza y hogar,Utensilios de limpieza y calzado,Escoba Pequeña Bosque Verde,1 ud.,"1,70 € /ud.",71155," 1,70 €/ud"
Limpieza y hogar,Utensilios de limpieza y calzado,Escoba para Exteriores Bosque Verde,1 ud.,"2,60 € /ud.",71154," 2,60 €/ud"
Limpieza y hogar,Utensilios de limpieza y calzado,Mopa atrapa polvo Bosque Verde multiusos,Paquete 1 ud.,"4,50 € /ud.",86836," 4,50 €/ud"
Limpieza y hogar,Utensilios de limpieza y calzado,Gamuzas atrapa polvo Bosque Verde,Paquete 30 ud.,"1,85 € /ud.",71533," 0,062 €/ud"
Limpieza y hogar,Utensilios de limpieza y calzado,Recambio mopa microfibra pequeño Bosque Verde,Paquete 1 ud.,"3,50 € /ud.",71054," 3,50 €/ud"
Limpieza y hogar,Utensilios de limpieza y calzado,Recambio mopa microfibra grande Bosque Verde,Paquete 1 ud.,"4,60 € /ud.",71570," 4,60 €/ud"
Limpieza y hogar,Utensilios de limpieza y calzado,Toallitas limpiadoras de suelo Bosque Verde,Paquete 20 ud.,"1,60 € /ud.",71527," 0,08 €/ud"
Limpieza y hogar,Utensilios de limpieza y calzado,Recogedor antivuelco con palo Bosque Verde,1 ud.,"1,55 € /ud.",48652," 1,55 €/ud"
Limpieza y hogar,Utensilios de limpieza y calzado,Palo extensible antideslizante Bosque Verde 88 - 150 cm,1 ud.,"2,80 € /ud.",86612," 2,80 €/ud"
Limpieza y hogar,Utensilios de limpieza y calzado,Palo antideslizante Bosque Verde 140 cm,1 ud.,"1,90 €1,75 € /ud.",86611," 1,75 €/ud"
Limpieza y hogar,Utensilios de limpieza y calzado,Cubo redondo 12L Bosque Verde,1 ud.,"2,55 € /ud.",48646," 2,55 €/ud"
Limpieza y hogar,Utensilios de limpieza y calzado,Escurridor para cubo redondo Bosque Verde,1 ud.,"1,00 € /ud.",48000," 1,00 €/ud"
Limpieza y hogar,Utensilios de limpieza y calzado,"Cubo de basura reciclaje 50L (30L + 10L) Bosque Verde 35,5 x 41,5 x 45 cm",Cubo 1 ud.,"15,10 € /ud.",48636," 15,10 €/ud"
Limpieza y hogar,Utensilios de limpieza y calzado,"Cubo de basura mediano 30L Bosque Verde 30,2 x 30,5 x 41,9 cm",1 ud.,"8,30 € /ud.",48649," 8,30 €/ud"
Limpieza y hogar,Utensilios de limpieza y calzado,"Cubo de basura pequeño 10L Bosque Verde 24,1 x 25 x 24,7 cm",1 ud.,"7,25 € /ud.",48651," 7,25 €/ud"
Limpieza y hogar,Utensilios de limpieza y calzado,"Barreño ovalado 8,7L Bosque Verde",1 ud.,"2,20 € /ud.",86464," 2,20 €/ud"
Limpieza y hogar,Utensilios de limpieza y calzado,Cubo con ruedas 13L Bosque Verde,1 ud.,"3,85 € /ud.",35920," 3,85 €/ud"
Limpieza y hogar,Utensilios de limpieza y calzado,Escurridor para cubo ovalado Bosque Verde escurrebien,1 ud.,"2,85 € /ud.",35921," 2,85 €/ud"
Limpieza y hogar,Utensilios de limpieza y calzado,Pinzas de plástico Bosque Verde gigantes,Paquete 12 ud.,"1,25 € /ud.",86641," 0,105 €/ud"
Limpieza y hogar,Utensilios de limpieza y calzado,Funda para lavadora,Paquete 1 ud.,"2,75 € /ud.",16874," 2,75 €/ud"
Limpieza y hogar,Utensilios de limpieza y calzado,Rodillo quitapelusas Bosque Verde,1 ud.,"1,75 € /ud.",23363," 1,75 €/ud"
Limpieza y hogar,Utensilios de limpieza y calzado,Cepillo para lavar con asa Bosque Verde,1 ud.,"1,20 € /ud.",86643," 1,20 €/ud"
Limpieza y hogar,Utensilios de limpieza y calzado,Escobilla para WC Bosque Verde,1 ud.,"2,95 € /ud.",89804," 2,95 €/ud"
Limpieza y hogar,Utensilios de limpieza y calzado,Recambios plumero Bosque Verde,Paquete 6 ud.,"1,85 € /ud.",52559," 1,85 €/ud"
Limpieza y hogar,Utensilios de limpieza y calzado,Plumero de avestruz extensible Bosque Verde,1 ud.,"4,50 € /ud.",71586," 4,50 €/ud"
Limpieza y hogar,Utensilios de limpieza y calzado,Limpiacristales con mango Bosque Verde,1 ud.,"2,60 € /ud.",13648," 2,60 €/ud"
Limpieza y hogar,Utensilios de limpieza y calzado,Pinzas de plástico Bosque Verde,Paquete 24 ud.,"0,69 € /ud.",86642," 0,029 €/ud"
Limpieza y hogar,Utensilios de limpieza y calzado,Plumero atrapa polvo Bosque Verde,Caja 1 ud.,"1,85 € /ud.",52558," 1,85 €/ud"
Limpieza y hogar,Utensilios de limpieza y calzado,Crema de calzado blanco autobrillante Bosque Verde con aplicador,Bote 50 ml,"0,95 € /ud.",70030," 19,00 €/L"
Limpieza y hogar,Utensilios de limpieza y calzado,Crema de calzado marrón autobrillante Bosque Verde con aplicador,Bote 50 ml,"0,95 € /ud.",70028," 19,00 €/L"
Limpieza y hogar,Utensilios de limpieza y calzado,Crema de calzado negro autobrillante Bosque Verde con aplicador,Bote 50 ml,"0,95 € /ud.",70024," 19,00 €/L"
Limpieza y hogar,Utensilios de limpieza y calzado,Esponja de calzado incoloro brillo y protección Yak,1 ud.,"1,50 € /ud.",70008," 1,50 €/ud"
Limpieza y hogar,Utensilios de limpieza y calzado,Desodorante de calzado Bosque Verde,Spray 250 ml,"2,95 € /ud.",23183," 11,80 €/L"
Maquillaje,Bases de maquillaje y corrector,Maquillaje fluido Cover & Fix Deliplus 01 beige claro,30 ml,"5,50 € /ud.",40229," 5,50 €/ud"
Maquillaje,Bases de maquillaje y corrector,Maquillaje fluido Cover & Fix Deliplus 02 beige rosado,30 ml,"5,50 € /ud.",40231," 5,50 €/ud"
Maquillaje,Bases de maquillaje y corrector,Maquillaje fluido Cover & Fix Deliplus 03 beige medio,30 ml,"5,50 € /ud.",40234," 5,50 €/ud"
Maquillaje,Bases de maquillaje y corrector,Maquillaje fluido Cover & Fix Deliplus 04 dorado,30 ml,"5,50 € /ud.",40235," 5,50 €/ud"
Maquillaje,Bases de maquillaje y corrector,Maquillaje fluido Cover & Fix Deliplus 05 moka,30 ml,"5,50 € /ud.",40241," 5,50 €/ud"
Maquillaje,Bases de maquillaje y corrector,Maquillaje fluido Long Lasting Deliplus 01 beige claro,30 ml,"5,50 € /ud.",40253," 5,50 €/ud"
Maquillaje,Bases de maquillaje y corrector,Maquillaje fluido Long Lasting Deliplus 02 beige claro medio,30 ml,"5,50 € /ud.",40254," 5,50 €/ud"
Maquillaje,Bases de maquillaje y corrector,Maquillaje fluido Long Lasting Deliplus 03 beige medio,30 ml,"5,50 € /ud.",40255," 5,50 €/ud"
Maquillaje,Bases de maquillaje y corrector,Maquillaje fluido Long Lasting Deliplus 04 beige dorado,30 ml,"5,50 € /ud.",40256," 5,50 €/ud"
Maquillaje,Bases de maquillaje y corrector,Maquillaje fluido Hydra-Vital Deliplus 01 beige claro,30 ml,"5,50 € /ud.",40242," 5,50 €/ud"
Maquillaje,Bases de maquillaje y corrector,Maquillaje fluido Hydra-Vital Deliplus 02 beige rosado,30 ml,"5,50 € /ud.",40244," 5,50 €/ud"
Maquillaje,Bases de maquillaje y corrector,Maquillaje fluido Hydra-Vital Deliplus 03 beige medio,30 ml,"5,50 € /ud.",40245," 5,50 €/ud"
Maquillaje,Bases de maquillaje y corrector,Maquillaje fluido Hydra-Vital Deliplus 04 beige medio dorado,30 ml,"5,50 € /ud.",40246," 5,50 €/ud"
Maquillaje,Bases de maquillaje y corrector,Maquillaje fluido Hydra-Vital Deliplus 05 beige dorado,30 ml,"5,50 € /ud.",40247," 5,50 €/ud"
Maquillaje,Bases de maquillaje y corrector,Maquillaje fluido Hydra-Vital Deliplus 06 moka,30 ml,"5,50 € /ud.",40248," 5,50 €/ud"
Maquillaje,Bases de maquillaje y corrector,Maquillaje fluido Fit Me Maybelline 110 porcelain,30 ml,"7,50 € /ud.",35630," 7,50 €/ud"
Maquillaje,Bases de maquillaje y corrector,Maquillaje fluido Fit Me Maybelline 115 ivory,30 ml,"7,50 € /ud.",35631," 7,50 €/ud"
Maquillaje,Bases de maquillaje y corrector,Maquillaje fluido Fit Me Maybelline 118 nude,30 ml,"7,50 € /ud.",35632," 7,50 €/ud"
Maquillaje,Bases de maquillaje y corrector,Maquillaje fluido Fit Me Maybelline 120 classic ivory,30 ml,"7,50 € /ud.",35633," 7,50 €/ud"
Maquillaje,Bases de maquillaje y corrector,Maquillaje fluido Fit Me Maybelline 128 warm nude,30 ml,"7,50 € /ud.",35634," 7,50 €/ud"
Maquillaje,Bases de maquillaje y corrector,Maquillaje fluido Fit Me 130 buff beige,30 ml,"7,50 € /ud.",35635," 7,50 €/ud"
Maquillaje,Bases de maquillaje y corrector,Maquillaje fluido Fit Me Maybelline 220 natural beige,30 ml,"7,50 € /ud.",35636," 7,50 €/ud"
Maquillaje,Bases de maquillaje y corrector,Maquillaje fluido Fit Me Maybelline 250 sun beige,30 ml,"7,50 € /ud.",35637," 7,50 €/ud"
Maquillaje,Bases de maquillaje y corrector,Maquillaje fluido Lasting Finish Rimmel London 100 Ivory,30 ml,"8,95 € /ud.",52608," 8,95 €/ud"
Maquillaje,Bases de maquillaje y corrector,Maquillaje fluido Lasting Finish Rimmel London 170 Wheat,30 ml,"8,95 € /ud.",52609," 8,95 €/ud"
Maquillaje,Bases de maquillaje y corrector,Maquillaje fluido Lasting Finish Rimmel London 200 Soft beige,30 ml,"8,95 € /ud.",52610," 8,95 €/ud"
Maquillaje,Bases de maquillaje y corrector,Maquillaje fluido Lasting Finish Rimmel London 203 True beige,30 ml,"8,95 € /ud.",52611," 8,95 €/ud"
Maquillaje,Bases de maquillaje y corrector,Maquillaje fluido Lasting Finish Rimmel London 210 Golden beige,30 ml,"8,95 € /ud.",52612," 8,95 €/ud"
Maquillaje,Bases de maquillaje y corrector,Maquillaje fluido Lasting Finish Rimmel London 303 Honey,30 ml,"8,95 € /ud.",52613," 8,95 €/ud"
Maquillaje,Bases de maquillaje y corrector,Maquillaje base Compacta Deliplus 01 beige,1 ud.,"5,50 € /ud.",40249," 5,50 €/ud"
Maquillaje,Bases de maquillaje y corrector,Maquillaje base Compacta Deliplus 02 beige rosado,1 ud.,"5,50 € /ud.",40250," 5,50 €/ud"
Maquillaje,Bases de maquillaje y corrector,Maquillaje base Compacta Deliplus 03 beige dorado,1 ud.,"5,50 € /ud.",40251," 5,50 €/ud"
Maquillaje,Bases de maquillaje y corrector,Maquillaje base Compacta Deliplus 04 beige oscuro,1 ud.,"5,50 € /ud.",40252," 5,50 €/ud"
Maquillaje,Bases de maquillaje y corrector,Pincel iluminador Deliplus 01,1 ud.,"5,00 € /ud.",40261," 5,00 €/ud"
Maquillaje,Bases de maquillaje y corrector,Pincel iluminador Deliplus 02,1 ud.,"5,00 € /ud.",40262," 5,00 €/ud"
Maquillaje,Bases de maquillaje y corrector,Corrector Stick Deliplus 01,1 ud.,"3,50 € /ud.",40263," 3,50 €/ud"
Maquillaje,Bases de maquillaje y corrector,Corrector Stick Deliplus 02,1 ud.,"3,50 € /ud.",40264," 3,50 €/ud"
Maquillaje,Bases de maquillaje y corrector,Corrector stick Deliplus 03,1 ud.,"3,50 € /ud.",41163," 70,00 €/100 g"
Maquillaje,Bases de maquillaje y corrector,Corrector Cover & Fix Deliplus 01,1 ud.,"4,50 €4,00 € /ud.",40267," 4,00 €/ud"
Maquillaje,Bases de maquillaje y corrector,Corrector Cover & Fix Deliplus 02,1 ud.,"4,50 €4,00 € /ud.",40268," 4,00 €/ud"
Maquillaje,Bases de maquillaje y corrector,Corrector Cover & Fix Deliplus 03,1 ud.,"4,50 €4,00 € /ud.",40269," 4,00 €/ud"
Maquillaje,Bases de maquillaje y corrector,Prebase de maquillaje matificante Primer,1 ud.,"5,75 € /ud.",15747," 5,75 €/ud"
Maquillaje,Bases de maquillaje y corrector,Corrector Hydra-Vital Deliplus 01,1 ud.,"5,00 € /ud.",40265," 5,00 €/ud"
Maquillaje,Bases de maquillaje y corrector,Corrector Hydra-Vital Deliplus 02,1 ud.,"5,00 € /ud.",40266," 5,00 €/ud"
Maquillaje,Bases de maquillaje y corrector,Prebase corrector Primer Deliplus 02 tono melocotón,1 ud.,"5,75 € /ud.",40258," 5,75 €/ud"
Maquillaje,Bases de maquillaje y corrector,Prebase corrector Primer Deliplus 03 tono lila,1 ud.,"5,75 € /ud.",40259," 5,75 €/ud"
Maquillaje,Bases de maquillaje y corrector,Multi corrector Rimmel 020 fair,1 ud.,"6,95 € /ud.",52616," 6,95 €/ud"
Maquillaje,Bases de maquillaje y corrector,Multi corrector Rimmel 50 sand,1 ud.,"6,95 € /ud.",52617," 6,95 €/ud"
Maquillaje,Bases de maquillaje y corrector,Multi corrector Rimmel 70 honey,1 ud.,"6,95 € /ud.",52618," 6,95 €/ud"
Maquillaje,Colorete y polvos,Colorete compacto Blush Mate Deliplus 01 rosa,1 ud.,"5,00 €4,85 € /ud.",80353," 4,85 €/ud"
Maquillaje,Colorete y polvos,Colorete compacto Blush Mate Deliplus 02 coral,1 ud.,"5,00 €4,85 € /ud.",80395," 4,85 €/ud"
Maquillaje,Colorete y polvos,Colorete compacto Blush Mate Deliplus 03 rojo,1 ud.,"5,00 €4,85 € /ud.",80396," 4,85 €/ud"
Maquillaje,Colorete y polvos,Colorete compacto Blush Luminoso Deliplus 01 rosa,1 ud.,"5,00 €4,85 € /ud.",80399," 4,85 €/ud"
Maquillaje,Colorete y polvos,Colorete compacto Blush Luminoso Deliplus 02 coral,1 ud.,"5,00 €4,85 € /ud.",80421," 4,85 €/ud"
Maquillaje,Colorete y polvos,Colorete compacto Blush Luminoso Deliplus 03 dorado,1 ud.,"5,00 €4,85 € /ud.",80422," 4,85 €/ud"
Maquillaje,Colorete y polvos,Colorete compacto Blush Satin Deliplus 02 natural,1 ud.,"5,00 €4,85 € /ud.",80398," 4,85 €/ud"
Maquillaje,Colorete y polvos,Colorete compacto Blush Satin Deliplus 03 rosa vivo,1 ud.,"5,00 €4,85 € /ud.",52872," 4,85 €/ud"
Maquillaje,Colorete y polvos,Polvo compacto Sol Deliplus claro,1 ud.,"7,50 € /ud.",80433," 7,50 €/ud"
Maquillaje,Colorete y polvos,Polvo compacto Sol Deliplus oscuro,1 ud.,"7,50 € /ud.",80434," 7,50 €/ud"
Maquillaje,Colorete y polvos,Polvo compacto Matificante Deliplus,1 ud.,"5,40 € /ud.",80427," 5,40 €/ud"
Maquillaje,Colorete y polvos,Polvo suelto Translúcido Deliplus 01,1 ud.,"5,50 € /ud.",80428," 5,50 €/ud"
Maquillaje,Colorete y polvos,Polvo Compacto 24H Long Lasting Deliplus 01 beige,1 ud.,"6,50 €6,00 € /ud.",52973," 6,00 €/ud"
Maquillaje,Colorete y polvos,Polvo Compacto 24H Long Lasting Deliplus 02 beige rosado,1 ud.,"6,50 €6,00 € /ud.",52974," 6,00 €/ud"
Maquillaje,Colorete y polvos,Polvo Compacto 24H Long Lasting Deliplus 03 dorado,1 ud.,"6,50 €6,00 € /ud.",52975," 6,00 €/ud"
Maquillaje,Colorete y polvos,Polvo Compacto 24H Long Lasting Deliplus 04 dorado oscuro,1 ud.,"6,50 €6,00 € /ud.",52976," 6,00 €/ud"
Maquillaje,Labios,Vaselina hidratante Deliplus,Tarro 100 g,"2,00 € /ud.",77749," 2,00 €/100 g"
Maquillaje,Labios,Vaselina perfumada para labios Deliplus frambuesa,Tarro 15 g,"1,60 € /ud.",95730," 10,667 €/100 g"
Maquillaje,Labios,Bálsamo reparador labios Deliplus,15 ml,"2,60 € /ud.",22804," 17,334 €/100 ml"
Maquillaje,Labios,Contorno de labios Regen Skin Deliplus,Tarro 15 ml,"4,50 € /ud.",50245," 30,00 €/100 ml"
Maquillaje,Labios,Perfilador de labios Long Lasting Deliplus 01 rosa nude,1 ud.,"2,50 € /ud.",35539," 2,50 €/ud"
Maquillaje,Labios,Perfilador de labios Long Lasting Deliplus 06 fucsia,1 ud.,"2,50 € /ud.",35871," 2,50 €/ud"
Maquillaje,Labios,Perfilador de labios Long Lasting Deliplus 07 rojo,1 ud.,"2,50 € /ud.",35872," 2,50 €/ud"
Maquillaje,Labios,Perfilador de labios Long Lasting Deliplus 08 granate,1 ud.,"2,50 € /ud.",35873," 2,50 €/ud"
Maquillaje,Labios,Perfilador de labios Long Lasting Deliplus 09 transparente,1 ud.,"2,50 € /ud.",35540," 2,50 €/ud"
Maquillaje,Labios,Perfilador de labios Long Lasting Deliplus 10 canela,1 ud.,"2,50 € /ud.",67713," 2,50 €/ud"
Maquillaje,Labios,Perfilador de labios Long Lasting Deliplus 11 nude,1 ud.,"2,50 € /ud.",35876," 2,50 €/ud"
Maquillaje,Labios,Perfilador de labios Deliplus 02 marsala,1 ud.,"2,50 € /ud.",80295," 2,50 €/ud"
Maquillaje,Labios,Perfilador de labios Deliplus 05 fresa,1 ud.,"2,50 € /ud.",80322," 2,50 €/ud"
Maquillaje,Labios,Perfilador de labios Deliplus 06 Canela,1 ud.,"2,50 € /ud.",22350," 2,50 €/ud"
Maquillaje,Labios,Perfilador de labios Deliplus 08 rojo,1 ud.,"2,50 € /ud.",35407," 2,50 €/ud"
Maquillaje,Labios,Perfilador de labios Deliplus 07 cereza,1 ud.,"2,50 € /ud.",67888," 2,50 €/ud"
Maquillaje,Labios,Pintalabios Color Fix Deliplus 01,1 ud.,"4,50 € /ud.",44983," 4,50 €/ud"
Maquillaje,Labios,Pintalabios Color Fix Deliplus 02,1 ud.,"4,50 € /ud.",44981," 4,50 €/ud"
Maquillaje,Labios,Pintalabios Color Fix Deliplus 03,1 ud.,"4,50 € /ud.",44984," 4,50 €/ud"
Maquillaje,Labios,Pintalabios Color Fix Deliplus 04,1 ud.,"4,50 € /ud.",44982," 4,50 €/ud"
Maquillaje,Labios,Pintalabios Color Fix Deliplus 05,1 ud.,"4,50 € /ud.",46387," 4,50 €/ud"
Maquillaje,Labios,Pintalabios Color Fix Deliplus 06,1 ud.,"4,50 € /ud.",46533," 4,50 €/ud"
Maquillaje,Labios,Pintalabios Color Fix Deliplus 07 frambuesa,1 ud.,"4,50 € /ud.",80287," 4,50 €/ud"
Maquillaje,Labios,Pintalabios Color Fix Deliplus 10 nude,1 ud.,"4,50 € /ud.",80285," 4,50 €/ud"
Maquillaje,Labios,Pintalabios Color Fix Deliplus 11 marrón,1 ud.,"4,50 € /ud.",80286," 4,50 €/ud"
Maquillaje,Labios,Pintalabios fluido fijo Superstay Vinyl Ink Maybelline 30 unrivaled,1 ud.,"10,75 € /ud.",35434," 10,75 €/ud"
Maquillaje,Labios,Pintalabios fluido fijo Superstay Vinyl Ink Maybelline 50 wicked,1 ud.,"10,75 € /ud.",35436," 10,75 €/ud"
Maquillaje,Labios,Pintalabios Creamy Deliplus 201 nude,1 ud.,"4,65 € /ud.",22529," 4,65 €/ud"
Maquillaje,Labios,Pintalabios Creamy Deliplus 202 rosa cálido,1 ud.,"4,65 € /ud.",22530," 4,65 €/ud"
Maquillaje,Labios,Pintalabios Creamy Deliplus 203 malva,1 ud.,"3,00 € /ud.",22531," 3,00 €/ud"
Maquillaje,Labios,Pintalabios Creamy Deliplus 204 rosa pétalo,1 ud.,"4,65 € /ud.",41152," 4,65 €/ud"
Maquillaje,Labios,Pintalabios Creamy Deliplus 207 ciruela,1 ud.,"4,65 € /ud.",41258," 4,65 €/ud"
Maquillaje,Labios,Pintalabios Creamy Deliplus 208 violeta,1 ud.,"3,00 € /ud.",22534," 3,00 €/ud"
Maquillaje,Labios,Pintalabios Creamy Deliplus 209 caldera,1 ud.,"3,00 € /ud.",22535," 3,00 €/ud"
Maquillaje,Labios,Pintalabios Creamy Deliplus 210 rojo,1 ud.,"4,65 € /ud.",22536," 4,65 €/ud"
Maquillaje,Labios,Pintalabios Creamy Deliplus 211 granate,1 ud.,"4,65 € /ud.",35140," 4,65 €/ud"
Maquillaje,Labios,Pintalabios Creamy Deliplus 212 marrón crema,1 ud.,"4,65 € /ud.",41151," 4,65 €/ud"
Maquillaje,Labios,Pintalabios Creamy Deliplus 213 marsala,1 ud.,"4,65 € /ud.",40055," 4,65 €/ud"
Maquillaje,Labios,Bálsamo labial Color Balm Deliplus 05 rojo,1 ud.,"4,50 € /ud.",40327," 4,50 €/ud"
Maquillaje,Labios,Bálsamo labial Color Balm Deliplus 06 morado,1 ud.,"4,50 € /ud.",40328," 4,50 €/ud"
Maquillaje,Labios,Bálsamo labial Color Balm Deliplus 07 nude pink,1 ud.,"4,50 € /ud.",35336," 4,50 €/ud"
Maquillaje,Labios,Bálsamo labial Color Balm Deliplus 08 nude beige,1 ud.,"4,50 € /ud.",35337," 4,50 €/ud"
Maquillaje,Labios,Bálsamo labial Color Balm Deliplus 09 rosa medio perlado,1 ud.,"4,50 € /ud.",35338," 4,50 €/ud"
Maquillaje,Labios,Brillo de labios Volumizer gloss Deliplus 01 transparente,1 ud.,"5,00 €4,50 € /ud.",35377," 4,50 €/ud"
Maquillaje,Labios,Brillo de labios Volumizer gloss Deliplus 02 nude,1 ud.,"5,00 €4,50 € /ud.",35378," 4,50 €/ud"
Maquillaje,Labios,Brillo de labios Volumizer gloss Deliplus 03 pink nude,1 ud.,"4,50 € /ud.",35379," 4,50 €/ud"
Maquillaje,Labios,Brillo de labios Volumizer gloss Deliplus 04 coral,1 ud.,"5,00 €4,50 € /ud.",35380," 4,50 €/ud"
Maquillaje,Labios,Brillo de labios Volumizer gloss Deliplus 05 rosa,1 ud.,"5,00 €4,50 € /ud.",35381," 4,50 €/ud"
Maquillaje,Labios,Brillo de labios Volumizer gloss Deliplus 06 morado,1 ud.,"5,00 €4,50 € /ud.",35382," 4,50 €/ud"
Maquillaje,Labios,Brillo de labios Volumizer gloss Deliplus 07 transparente con destellos,1 ud.,"5,00 €4,50 € /ud.",35383," 4,50 €/ud"
Maquillaje,Labios,Pintalabios mate Deliplus 101 nude,1 ud.,"4,65 € /ud.",23540," 4,65 €/ud"
Maquillaje,Labios,Pintalabios mate Deliplus 102 caramelo,1 ud.,"4,65 € /ud.",23541," 4,65 €/ud"
Maquillaje,Labios,Pintalabios Mate Deliplus 103 rosa medio,1 ud.,"3,00 € /ud.",23542," 3,00 €/ud"
Maquillaje,Labios,Pintalabios Mate Deliplus 104 violeta,1 ud.,"4,65 € /ud.",23543," 4,65 €/ud"
Maquillaje,Labios,Pintalabios Mate Deliplus 105 fucsia Intenso,1 ud.,"4,65 € /ud.",23544," 4,65 €/ud"
Maquillaje,Labios,Pintalabios Mate Deliplus 106 morado,1 ud.,"3,00 € /ud.",60928," 3,00 €/ud"
Maquillaje,Labios,Pintalabios Mate Deliplus 107 caldera,1 ud.,"4,65 € /ud.",60929," 4,65 €/ud"
Maquillaje,Labios,Pintalabios Mate Deliplus 108 rojo,1 ud.,"4,65 € /ud.",60930," 4,65 €/ud"
Maquillaje,Labios,Pintalabios Mate Deliplus 109 frambuesa,1 ud.,"4,65 € /ud.",60931," 4,65 €/ud"
Maquillaje,Labios,Pintalabios Mate Deliplus 110 vino,1 ud.,"3,00 € /ud.",60932," 3,00 €/ud"
Maquillaje,Labios,Pintalabios Mate Deliplus 111 marrón,1 ud.,"4,65 € /ud.",60933," 4,65 €/ud"
Maquillaje,Labios,Pintalabios Mate Deliplus 112 chocolate,1 ud.,"4,65 € /ud.",60934," 4,65 €/ud"
Maquillaje,Labios,Pintalabios fluido mate Superstay Matte Ink Maybelline 15 Lover,1 ud.,"8,00 € /ud.",16829," 8,00 €/ud"
Maquillaje,Labios,Pintalabios fluido mate Superstay Matte Ink Maybelline 20 Pioneer,1 ud.,"8,00 € /ud.",70066," 8,00 €/ud"
Maquillaje,Labios,Pintalabios mate Superstay Matte Ink Maybelline 50 Voyager,1 ud.,"8,00 € /ud.",70067," 8,00 €/ud"
Maquillaje,Labios,Pintalabios fluido mate Superstay Matte Ink Maybelline 65 Seductress,1 ud.,"8,00 € /ud.",16834," 8,00 €/ud"
Maquillaje,Labios,Pintalabios mate Superstay Matte Ink Maybelline 70 Amazonian,1 ud.,"8,00 € /ud.",70073," 8,00 €/ud"
Maquillaje,Labios,Pintalabios mate Superstay Matte Ink Maybelline 80 Ruler,1 ud.,"8,00 € /ud.",70074," 8,00 €/ud"
Maquillaje,Labios,Pintalabios mate Superstay Matte Ink Maybelline 120 Artist,1 ud.,"8,00 € /ud.",16835," 8,00 €/ud"
Maquillaje,Labios,Pintalabios Fluido Mate Deliplus 01 nude beige,1 ud.,"5,00 € /ud.",22621," 5,00 €/ud"
Maquillaje,Labios,Pintalabios Fluido Mate Deliplus 02 nude rosado,1 ud.,"5,00 € /ud.",22622," 5,00 €/ud"
Maquillaje,Labios,Pintalabios Fluido Mate Deliplus 03 terracota,1 ud.,"5,00 € /ud.",22623," 5,00 €/ud"
Maquillaje,Labios,Pintalabios Fluido Mate Deliplus 04 granate,1 ud.,"5,00 € /ud.",22624," 5,00 €/ud"
Maquillaje,Labios,Pintalabios Fluido Mate Deliplus 05 rojo,1 ud.,"5,00 € /ud.",22625," 5,00 €/ud"
Maquillaje,Labios,Pintalabios Fluido Mate Deliplus 08 rosa palo,1 ud.,"5,00 € /ud.",23084," 5,00 €/ud"
Maquillaje,Labios,Pintalabios Fluido Mate Deliplus 11 rosa medio,1 ud.,"5,00 € /ud.",35608," 5,00 €/ud"
Maquillaje,Labios,Pintalabios Fluido Mate Deliplus 12 fucsia,1 ud.,"5,00 € /ud.",52429," 5,00 €/ud"
Maquillaje,Ojos,Perfilador de ojos Waterproof Deliplus 01 negro,1 ud.,"2,50 € /ud.",23199," 2,50 €/ud"
Maquillaje,Ojos,Perfilador de ojos Waterproof Deliplus 06 marrón,1 ud.,"2,50 € /ud.",35345," 2,50 €/ud"
Maquillaje,Ojos,Perfilador de ojos Deliplus 01 negro,1 ud.,"2,15 € /ud.",52804," 2,15 €/ud"
Maquillaje,Ojos,Perfilador de ojos Deliplus 02 marrón,1 ud.,"2,15 € /ud.",52805," 2,15 €/ud"
Maquillaje,Ojos,Perfilador de ojos Deliplus 03 verde,1 ud.,"2,50 € /ud.",80267," 2,50 €/ud"
Maquillaje,Ojos,Perfilador de ojos Deliplus 04 azul oscuro,1 ud.,"2,50 € /ud.",67712," 2,50 €/ud"
Maquillaje,Ojos,Perfilador de ojos Deliplus 06 Beige,1 ud.,"2,50 € /ud.",23595," 2,50 €/ud"
Maquillaje,Ojos,Perfilador de ojos Eyeliner waterproof Deliplus negro,1 ud.,"3,50 € /ud.",67584," 3,50 €/ud"
Maquillaje,Ojos,Delineador de ojos Deliplus,1 ud.,"4,00 €3,75 € /ud.",52504," 3,75 €/ud"
Maquillaje,Ojos,Perfilador de ojos Eyeliner Deliplus 02 negro,1 ud.,"3,50 € /ud.",73358," 3,50 €/ud"
Maquillaje,Ojos,Delineador de ojos Deliplus negro,1 ud.,"3,75 € /ud.",80264," 3,75 €/ud"
Maquillaje,Ojos,Kit pestañas postizas con eyeliner negro adhesivo y joyas faciales Beautik Pro,1 ud.,"8,00 € /ud.",52788," 8,00 €/ud"
Maquillaje,Ojos,Perfilador de ojos Waterproof Deliplus 07 verde turquesa,1 ud.,"2,50 € /ud.",35346," 2,50 €/ud"
Maquillaje,Ojos,Perfilador de ojos Waterproof Deliplus 09 azul metalizado,1 ud.,"2,50 € /ud.",35347," 2,50 €/ud"
Maquillaje,Ojos,Perfilador de ojos Waterproof Deliplus 12 verde oliva,1 ud.,"2,50 € /ud.",35359," 2,50 €/ud"
Maquillaje,Ojos,Perfilador de ojos Waterproof Deliplus 13 gris,1 ud.,"2,50 € /ud.",35360," 2,50 €/ud"
Maquillaje,Ojos,Perfilador de ojos Waterproof Deliplus 14 azul noche,1 ud.,"2,50 € /ud.",35350," 2,50 €/ud"
Maquillaje,Ojos,Perfilador de ojos Waterproof Deliplus 101 negro,1 ud.,"3,25 € /ud.",52492," 3,25 €/ud"
Maquillaje,Ojos,Perfilador de ojos Waterproof Deliplus 102 marrón,1 ud.,"3,25 € /ud.",52501," 3,25 €/ud"
Maquillaje,Ojos,Perfilador de ojos Waterproof Deliplus 103 verde,1 ud.,"3,25 € /ud.",52502," 3,25 €/ud"
Maquillaje,Ojos,Perfilador de ojos Waterproof Deliplus 104 azul,1 ud.,"3,25 € /ud.",52503," 3,25 €/ud"
Maquillaje,Ojos,Máscara de cejas Deliplus marrón,1 ud.,"4,00 € /ud.",41744," 4,00 €/ud"
Maquillaje,Ojos,Máscara de pestañas y cejas Transparente Deliplus,1 ud.,"3,00 € /ud.",73349," 3,00 €/ud"
Maquillaje,Ojos,Perfilador de cejas Long Lasting Deliplus 01 claro,1 ud.,"2,75 € /ud.",23523," 2,75 €/ud"
Maquillaje,Ojos,Perfilador de cejas Deliplus 02 medio,1 ud.,"2,75 € /ud.",23524," 2,75 €/ud"
Maquillaje,Ojos,Perfilador de cejas Long Lasting Deliplus 03 oscuro,1 ud.,"2,75 € /ud.",23525," 2,75 €/ud"
Maquillaje,Ojos,Perfilador de cejas micro Deliplus 02 oscuro,1 ud.,"3,50 € /ud.",67722," 3,50 €/ud"
Maquillaje,Ojos,Perfilador de cejas micro Deliplus 01 claro,1 ud.,"3,50 € /ud.",67721," 3,50 €/ud"
Maquillaje,Ojos,Máscara de pestañas Water Resistant Deliplus negro,1 ud.,"4,00 € /ud.",67577," 4,00 €/ud"
Maquillaje,Ojos,Rizador de pestañas Deliplus,Caja 1 ud.,"4,50 € /ud.",13556," 4,50 €/ud"
Maquillaje,Ojos,Máscara de pestañas Maxi Color Deliplus 02 marrón,1 ud.,"3,65 € /ud.",73356," 3,65 €/ud"
Maquillaje,Ojos,Máscara de pestañas y cejas Transparente Deliplus,1 ud.,"3,00 € /ud.",73349," 3,00 €/ud"
Maquillaje,Ojos,Máscara de pestañas Volume & Curve XL Deliplus negro,1 ud.,"3,65 € /ud.",73350," 3,65 €/ud"
Maquillaje,Ojos,Máscara de pestañas Maxi Volume Deliplus negro,1 ud.,"3,65 €3,50 € /ud.",73352," 3,50 €/ud"
Maquillaje,Ojos,Máscara de pestañas 4D Volume Deliplus negro,1 ud.,"3,65 € /ud.",73351," 3,65 €/ud"
Maquillaje,Ojos,Máscara de pestañas Long Xtrem Deliplus negro,1 ud.,"3,65 € /ud.",73348," 3,65 €/ud"
Maquillaje,Ojos,Sérum de pestañas SOS cuida y refuerza Deliplus,1 ud.,"5,00 € /ud.",60590," 5,00 €/ud"
Maquillaje,Ojos,Máscara de pestañas Maxi Curve Deliplus negro,1 ud.,"3,65 €3,50 € /ud.",52958," 3,50 €/ud"
Maquillaje,Ojos,Máscara de pestañas Twist Deliplus negro,1 ud.,"4,00 € /ud.",60591," 4,00 €/ud"
Maquillaje,Ojos,Máscara de pestañas Panoramic Deliplus negro,1 ud.,"4,00 € /ud.",60589," 4,00 €/ud"
Maquillaje,Ojos,Sombra de ojos Mate Deliplus 01,1 ud.,"3,50 € /ud.",73365," 3,50 €/ud"
Maquillaje,Ojos,Sombra de ojos Mate Deliplus 06,1 ud.,"3,50 € /ud.",73360," 3,50 €/ud"
Maquillaje,Ojos,Sombra de ojos Satin Deliplus 07,1 ud.,"3,50 € /ud.",73371," 3,50 €/ud"
Maquillaje,Ojos,Sombra de ojos Satin Deliplus 08,1 ud.,"3,50 € /ud.",73369," 3,50 €/ud"
Maquillaje,Ojos,Sombra de ojos Satin Deliplus 09,1 ud.,"3,50 € /ud.",73374," 3,50 €/ud"
Maquillaje,Ojos,Sombra de ojos Metal Deliplus 19,1 ud.,"3,50 € /ud.",70793," 3,50 €/ud"
Maquillaje,Ojos,Sombra de ojos Long Lasting Deliplus 02,1 ud.,"4,25 € /ud.",40275," 4,25 €/ud"
Maquillaje,Ojos,Sombra de ojos Long Lasting Deliplus 04,1 ud.,"4,25 € /ud.",40277," 4,25 €/ud"
Maquillaje,Ojos,Sombra de ojos Long Lasting Deliplus 05,1 ud.,"4,25 € /ud.",40279," 4,25 €/ud"
Maquillaje,Ojos,Sombra de ojos Long Lasting Deliplus 08,1 ud.,"4,25 € /ud.",35153," 4,25 €/ud"
Maquillaje,Ojos,Sombra de ojos Long Lasting Deliplus 12,1 ud.,"3,00 € /ud.",40369," 3,00 €/ud"
Maquillaje,Pinceles y brochas,Esponja maquillaje triángulos Deliplus,4 ud.,"2,25 € /ud.",46368," 0,563 €/ud"
Maquillaje,Pinceles y brochas,Sacapuntas doble Deliplus lápiz fino y grueso,1 ud.,"2,50 € /ud.",77467," 2,50 €/ud"
Maquillaje,Pinceles y brochas,Esponja maquillaje Deliplus,1 ud.,"3,00 € /ud.",35848," 3,00 €/ud"
Maquillaje,Pinceles y brochas,Kit de pinceles rostro Deliplus,Caja 3 ud.,"8,00 € /ud.",52438," 8,00 €/ud"
Maquillaje,Pinceles y brochas,Kit de pinceles ojos Deliplus,Caja 4 ud.,"6,50 € /ud.",52440," 6,50 €/ud"
Maquillaje,Pinceles y brochas,Kit de pinceles maquillaje Deliplus,Caja 2 ud.,"6,00 € /ud.",52439," 6,00 €/ud"
Marisco y pescado,Marisco,Preparado de paella y sopa Hacendado ultracongelado,Paquete 685 g escurrido,"3,95 € /ud.",62048," 5,767 €/kg"
Marisco y pescado,Marisco,Arreglo para paella de marisco,Bandeja 800 g aprox.,"8,76 € /ud.",81003," 10,95 €/kg"
Marisco y pescado,Marisco,Gambón congelado,Granel 150 g aprox.,"1,49 € /150 g",24147," 9,95 €/kg"
Marisco y pescado,Marisco,Gambón grande congelado,Caja 2 kg,"19,90 €17,90 € /ud.",24260," 8,95 €/kg"
Marisco y pescado,Marisco,Alistado mediano Hacendado ultracongelado,Caja 500 g,"15,50 € /ud.",62704," 31,00 €/kg"
Marisco y pescado,Marisco,Langostino cocido,Granel 150 g aprox.,"1,64 € /150 g",83490," 10,95 €/kg"
Marisco y pescado,Marisco,Langostino crudo ultracongelado,Caja 600 g escurrido,"6,95 € /ud.",24712," 11,584 €/kg"
Marisco y pescado,Marisco,Langostino cocido,Bandeja 600 g,"6,60 € /ud.",87271," 11,00 €/kg"
Marisco y pescado,Marisco,Gamba arrocera Hacendado congelada,Granel 150 g aprox.,"2,24 € /150 g",24701," 14,95 €/kg"
Marisco y pescado,Marisco,Gamba blanca pequeña Hacendado congelada,Caja 1 kg aprox.,"13,95 € /ud.",24700," 13,95 €/kg"
Marisco y pescado,Marisco,Gamba cocida,Bandeja 300 g,"6,95 € /ud.",87278," 23,167 €/kg"
Marisco y pescado,Marisco,Gamba blanca cocida Hacendado ultracongelada,Bandeja 350 g,"5,55 € /ud.",24278," 15,858 €/kg"
Marisco y pescado,Marisco,Carabinero Hacendado congelado,Caja 500 g aprox.,"50,00 € /ud.",24710," 100,00 €/kg"
Marisco y pescado,Marisco,Gamba pelada cruda tamaño mediano Hacendado ultracongelada,Paquete 360 g escurrido,"4,95 € /ud.",24181," 13,75 €/kg"
Marisco y pescado,Marisco,Gamba pelada cruda tamaño grande Hacendado ultracongelada,Paquete 360 g escurrido,"5,95 € /ud.",24230," 16,528 €/kg"
Marisco y pescado,Marisco,Camarón boreal cocido y pelado Royal Greenland ultracongelado,Paquete 200 g,"4,25 € /ud.",24267," 21,25 €/kg"
Marisco y pescado,Marisco,Langostino cocido y pelado Hacendado ultracongelado,Bandeja 220 g escurrido,"4,75 € /ud.",24477," 21,591 €/kg"
Marisco y pescado,Marisco,Langostino crudo y pelado Hacendado ultracongelado,Bandeja 220 g escurrido,"3,95 € /ud.",24486," 17,955 €/kg"
Marisco y pescado,Marisco,Cigala mediana Hacendado ultracongelada,Caja 500 g,"10,65 € /ud.",24032," 21,30 €/kg"
Marisco y pescado,Marisco,Bogavante americano mediano crudo Hacendado congelado,Pieza 450 g escurrido,"14,85 € /ud.",62386," 33,00 €/kg"
Marisco y pescado,Marisco,Buey de mar cocido Hacendado congelado,Pieza 715 g,"10,96 € /ud.",62320," 15,33 €/kg"
Marisco y pescado,Marisco,Bocas de cangrejo pequeñas congeladas,Granel 150 g aprox.,"2,97 € /150 g",24487," 19,80 €/kg"
Marisco y pescado,Marisco,Bocas de cangrejo pequeñas Hacendado congeladas,Caja 500 g,"8,95 € /ud.",24387," 17,90 €/kg"
Marisco y pescado,Marisco,Nécora cocida Hacendado congelada,Caja 500 g escurrido,"6,15 € /ud.",24120," 12,30 €/kg"
Marisco y pescado,Marisco,Colas de gambón crudo Hacendado congelado,Bandeja 250 g,"6,55 € /ud.",24102," 26,20 €/kg"
Marisco y pescado,Marisco,Alistado pequeño Hacendado congelado,Caja 1 kg aprox.,"13,50 € /ud.",24707," 13,50 €/kg"
Marisco y pescado,Marisco,Alistado pequeño congelado,Granel 150 g aprox.,"2,18 € /150 g",24708," 14,50 €/kg"
Marisco y pescado,Marisco,Salpicón de marisco Hacendado,Bandeja 400 g,"4,95 € /ud.",87783," 12,375 €/kg"
Marisco y pescado,Marisco,Carne de mejillón de Chile cocido Hacendado ultracongelado,Paquete 275 g escurrido,"2,45 €2,40 € /ud.",62396," 8,728 €/kg"
Marisco y pescado,Marisco,Mejillón de Chile entero cocido Hacendado ultracongelado,Caja 450 g,"3,25 € /ud.",62401," 7,223 €/kg"
Marisco y pescado,Marisco,Almeja japonesa,Malla 500 g,"11,05 € /ud.",81418," 22,10 €/kg"
Marisco y pescado,Marisco,Almeja Hacendado congelada,Paquete 450 g,"1,70 € /ud.",60874," 3,778 €/kg"
Marisco y pescado,Marisco,Berberechos,Malla 500 g,"5,95 € /ud.",81416," 11,90 €/kg"
Marisco y pescado,Marisco,Navajas,Malla 500 g,"3,95 € /ud.",81422," 7,90 €/kg"
Marisco y pescado,Marisco,Cañaílla,Malla 500 g,"2,90 € /ud.",81504," 5,80 €/kg"
Marisco y pescado,Marisco,Mejillón Clóchina,Malla 1 kg,"4,95 € /ud.",81407," 4,95 €/kg"
Marisco y pescado,Marisco,Chirla,Malla 500 g,"4,35 € /ud.",81443," 8,70 €/kg"
Marisco y pescado,Marisco,Palitos de surimi Hacendado,Paquete 460 g,"1,99 € /ud.",62502," 4,327 €/kg"
Marisco y pescado,Marisco,Palitos de surimi Hacendado ultracongelados,Paquete 32 ud. (600 g),"2,35 € /ud.",62403," 3,917 €/kg"
Marisco y pescado,Marisco,Muslitos de surimi Hacendado ultracongelados,Paquete 450 g,"2,60 € /ud.",62501," 5,778 €/kg"
Marisco y pescado,Marisco,Anguriñas de surimi al ajillo Pescanova,Bandeja 250 g,"2,24 € /ud.",62485," 8,96 €/kg"
Marisco y pescado,Marisco,Delicias del mar de surimi Hacendado,Bandeja 250 g,"1,99 € /ud.",62503," 7,96 €/kg"
Marisco y pescado,Pescado congelado,Filetes de panga Hacendado ultracongelados,Paquete 900 g escurrido,"4,95 € /ud.",62191," 5,50 €/kg"
Marisco y pescado,Pescado congelado,Filetes de merluza del cabo sin piel Hacendado ultracongelados,Paquete 600 g escurrido,"5,10 € /ud.",62228," 8,50 €/kg"
Marisco y pescado,Pescado congelado,Rodaja de emperador Hacendado ultracongelado,Pieza 200 g aprox. escurrido,"3,18 € /ud.",24345," 17,667 €/kg"
Marisco y pescado,Pescado congelado,Filetes de bacalao Maredeus ultracongelado,Paquete 375 g escurrido,"5,50 €5,30 € /ud.",24016," 14,134 €/kg"
Marisco y pescado,Pescado congelado,Medallones de merluza Hacendado ultracongelados,Paquete 485 g escurrido,"4,50 € /ud.",62131," 9,279 €/kg"
Marisco y pescado,Pescado congelado,Filete de salmón rosado salvaje con piel Hacendado ultracongelado,Pieza 300 g aprox. escurrido,"3,58 € /ud.",24350," 11,95 €/kg"
Marisco y pescado,Pescado congelado,Rodajas de merluza del cabo Hacendado ultracongeladas,Paquete 580 g escurrido,"5,00 € /ud.",62121," 8,621 €/kg"
Marisco y pescado,Pescado congelado,Lomos y centros de merluza del cabo Hacendado ultracongelados,Caja 400 g,"3,85 € /ud.",62113," 9,625 €/kg"
Marisco y pescado,Pescado congelado,Anguriñas de surimi Hacendado ultracongeladas,Bandeja 260 g,"2,30 € /ud.",62499," 8,847 €/kg"
Marisco y pescado,Pescado congelado,Porciones de bacalao sin piel MareDeus ultracongelado,Paquete 600 g escurrido,"7,40 €7,20 € /ud.",24025," 12,00 €/kg"
Marisco y pescado,Pescado congelado,Rodaja de tintorera sin piel Hacendado ultracongelada,Pieza 450 g aprox. escurrido,"3,13 € /ud.",24383," 6,95 €/kg"
Marisco y pescado,Pescado congelado,Porciones de merluza del cabo sin piel Hacendado ultracongeladas,Paquete 500 g,"4,60 € /ud.",62103," 9,20 €/kg"
Marisco y pescado,Pescado congelado,Pescadilla de merluza sin cabeza Hacendado ultracongelada,Paquete 1 kg escurrido,"5,00 € /ud.",62176," 5,00 €/kg"
Marisco y pescado,Pescado congelado,Cola de rape del cabo Hacendado ultracongelada,Pieza 500 g aprox. escurrido,"8,48 € /ud.",24340," 16,95 €/kg"
Marisco y pescado,Pescado congelado,Filetes de merluza del cabo grandes sin piel Hacendado ultracongelados,Paquete 970 g escurrido,"9,90 € /ud.",62179," 10,207 €/kg"
Marisco y pescado,Pescado congelado,Filete de fletán negro Hacendado congelado,Pieza 200 g aprox. escurrido,"3,60 € /ud.",24344," 18,00 €/kg"
Marisco y pescado,Pescado congelado,Merluza del cabo sin cabeza Hacendado ultracongelada,Pieza 700 g aprox. escurrido,"4,86 € /ud.",24324," 6,95 €/kg"
Marisco y pescado,Pescado congelado,Lenguado negro entero Hacendado ultracongelado,Paquete 600 g escurrido,"7,70 € /ud.",62029," 12,834 €/kg"
Marisco y pescado,Pescado congelado,Lomos de salmón sin piel y sin espinas Hacendado congelado,Paquete 2 ud. (250 g),"6,50 €6,40 € /ud.",24511," 25,60 €/kg"
Marisco y pescado,Pescado congelado,Migas de bacalao sin espinas y sin piel MareDeus ultra congeladas,Paquete 300 g escurrido,"3,85 € /ud.",24023," 12,834 €/kg"
Marisco y pescado,Pescado congelado,Gallos sin cabeza Hacendado ultracongelado,Paquete 600 g escurrido,"6,25 € /ud.",62000," 10,417 €/kg"
Marisco y pescado,Pescado congelado,Rodajas de atún de aleta amarilla Hacendado congelado,Bandeja 250 g aprox.,"4,19 € /ud.",24357," 16,76 €/kg"
Marisco y pescado,Pescado congelado,Lomo de bacalao MareDeus ultracongelado,Paquete 390 g aprox.,"6,35 € /ud.",62050," 16,28 €/kg"
Marisco y pescado,Pescado congelado,Aritos de surimi a la romana Pescanova ultracongelados,Paquete 625 g,"2,95 € /ud.",63238," 4,72 €/kg"
Marisco y pescado,Pescado congelado,Merluza empanada pan fino Hacendado ultracongelada,Paquete 510 g,"4,20 €3,95 € /ud.",63140," 7,746 €/kg"
Marisco y pescado,Pescado congelado,Varitas de merluza empanadas Hacendado ultracongeladas,Paquete 400 g,"3,95 € /ud.",63170," 9,875 €/kg"
Marisco y pescado,Pescado congelado,Empanadillas de atún Hacendado ultracongeladas,Caja 500 g,"1,90 € /ud.",63407," 3,80 €/kg"
Marisco y pescado,Pescado congelado,Palitos de merluza a la romana Hacendado ultracongelados,Paquete 500 g,"2,75 € /ud.",63151," 5,50 €/kg"
Marisco y pescado,Pescado congelado,Figuritas de merluza empanadas Hacendado ultracongeladas,Paquete 500 g,"3,60 € /ud.",63159," 7,20 €/kg"
Marisco y pescado,Pescado congelado,Chipirones enharinados Hacendado ultracongelado,Paquete 350 g,"4,95 € /ud.",63145," 14,143 €/kg"
Marisco y pescado,Pescado congelado,Langostino caballitos rebozados Hacendado ultracongelados,Paquete 300 g,"3,30 € /ud.",63144," 11,00 €/kg"
Marisco y pescado,Pescado congelado,Filetes de boquerón en tempura Hacendado ultracongelado,Paquete 400 g,"3,75 € /ud.",63114," 9,375 €/kg"
Marisco y pescado,Pescado congelado,Buñuelos de bacalao Hacendado ultracongelados,Paquete 400 g,"3,85 € /ud.",63425," 9,625 €/kg"
Marisco y pescado,Pescado congelado,Rabas empanadas Hacendado ultracongeladas,Paquete 500 g,"3,65 € /ud.",63161," 7,30 €/kg"
Marisco y pescado,Pescado congelado,Anillas de pota a la romana Hacendado ultracongeladas,Paquete 500 g,"4,30 € /ud.",63163," 8,60 €/kg"
Marisco y pescado,Pescado congelado,Croquetas de merluza Hacendado ultracongelados,Paquete 350 g,"2,45 € /ud.",60954," 7,00 €/kg"
Marisco y pescado,Pescado congelado,Tubo de pota argentina limpia congelado,Pieza 100 g aprox. escurrido,"1,29 € /ud.",24203," 12,90 €/kg"
Marisco y pescado,Pescado congelado,Sepia limpia congelada,Pieza 400 g aprox. escurrido,"5,98 € /ud.",24200," 14,95 €/kg"
Marisco y pescado,Pescado congelado,Sepia limpia troceada Hacendado congelada,Paquete 360 g escurrido,"4,05 € /ud.",24274," 11,25 €/kg"
Marisco y pescado,Pescado congelado,Calamar limpio troceado Hacendado congelado,Paquete 475 g escurrido,"5,10 € /ud.",24242," 10,737 €/kg"
Marisco y pescado,Pescado congelado,Rodaja de potón del Pacífico cocido Hacendado congelado,Paquete 475 g escurrido,"6,05 € /ud.",24234," 12,737 €/kg"
Marisco y pescado,Pescado congelado,Sepia limpia pequeña Hacendado congelada,Paquete 360 g escurrido,"4,00 € /ud.",24206," 11,112 €/kg"
Marisco y pescado,Pescado congelado,Tiras de potón Hacendado congeladas,Paquete 400 g escurrido,"4,45 € /ud.",24341," 11,125 €/kg"
Marisco y pescado,Pescado congelado,Tinta de sepia Nortindal congelada,Paquete 8 ud. (32 g),"2,05 € /ud.",24256," 6,407 €/100 g"
Marisco y pescado,Pescado congelado,Anillas de pota Hacendado congeladas,Paquete 360 g escurrido,"5,15 € /ud.",24249," 14,306 €/kg"
Marisco y pescado,Pescado congelado,Pulpo crudo Hacendado congelado,Paquete 1 kg aprox.,"17,95 € /ud.",24208," 17,95 €/kg"
Marisco y pescado,Pescado congelado,Chipirón puntilla Hacendado congelado,Paquete 450 g escurrido,"4,70 € /ud.",24291," 10,445 €/kg"
Marisco y pescado,Pescado congelado,Calamar patagónico pequeño Hacendado ultracongelado,Paquete 500 g escurrido,"4,50 € /ud.",63432," 9,00 €/kg"
Marisco y pescado,Pescado congelado,Calamar grande Hacendado congelado,Pieza 200 g aprox.,"3,19 € /ud.",24417," 15,95 €/kg"
Marisco y pescado,Pescado fresco,Salmón a rodajas,"Pieza 2,45 kg aprox.","30,50 € /ud.",81649.1," 12,45 €/kg"
Marisco y pescado,Pescado fresco,Salmón media pieza a rodajas,"1/2 Pieza 1,29 kg aprox.","16,06 € /ud.",81649.4," 12,45 €/kg"
Marisco y pescado,Pescado fresco,Salmón abierto en libro sin cabeza y sin espina,"Pieza 2,45 kg aprox.","30,50 € /ud.",81649.2," 12,45 €/kg"
Marisco y pescado,Pescado fresco,Salmón media pieza abierto en libro sin cabeza y sin espina,"1/2 Pieza 1,29 kg aprox.","16,06 € /ud.",81649.5," 12,45 €/kg"
Marisco y pescado,Pescado fresco,Salmón sin aletas y sin escamas,"Pieza 2,45 kg aprox.","30,50 € /ud.",81649.3," 12,45 €/kg"
Marisco y pescado,Pescado fresco,Salmón media pieza sin aletas y sin escamas,"1/2 Pieza 1,29 kg aprox.","16,06 € /ud.",81649.6," 12,45 €/kg"
Marisco y pescado,Pescado fresco,Filete de salmón,Bandeja 400 g aprox.,"9,16 € /ud.",81481," 22,90 €/kg"
Marisco y pescado,Pescado fresco,Rodajas de salmón,Bandeja 400 g aprox.,"8,30 € /ud.",81479," 20,75 €/kg"
Marisco y pescado,Pescado fresco,Escalopines de salmón,Bandeja 400 g aprox.,"10,18 € /ud.",80908," 25,45 €/kg"
Marisco y pescado,Pescado fresco,Dorada limpia con cabeza,Pieza 540 g aprox.,"4,51 € /ud.",81234.1," 8,35 €/kg"
Marisco y pescado,Pescado fresco,Dorada abierta a la espalda con espinas y con cabeza,Pieza 540 g aprox.,"4,51 € /ud.",81234.2," 8,35 €/kg"
Marisco y pescado,Pescado fresco,Dorada a filetes sin cabeza y sin espina,Pieza 540 g aprox.,"4,51 € /ud.",81234.5," 8,35 €/kg"
Marisco y pescado,Pescado fresco,Dorada abierta en libro sin cabeza y sin espina,Pieza 540 g aprox.,"4,51 € /ud.",81234.4," 8,35 €/kg"
Marisco y pescado,Pescado fresco,Dorada sin limpiar,Pieza 540 g aprox.,"4,51 € /ud.",81234.3," 8,35 €/kg"
Marisco y pescado,Pescado fresco,Filetes de dorada,Bandeja 380 g aprox.,"8,57 € /ud.",81485," 22,55 €/kg"
Marisco y pescado,Pescado fresco,Lubina limpia con cabeza,Pieza 470 g aprox.,"3,88 € /ud.",81241.1," 8,25 €/kg"
Marisco y pescado,Pescado fresco,Lubina abierta a la espalda con espinas y con cabeza,Pieza 470 g aprox.,"3,88 € /ud.",81241.2," 8,25 €/kg"
Marisco y pescado,Pescado fresco,Lubina a filetes sin cabeza y sin espina,Pieza 470 g aprox.,"3,88 € /ud.",81241.5," 8,25 €/kg"
Marisco y pescado,Pescado fresco,Lubina abierta en libro sin cabeza y sin espina,Pieza 470 g aprox.,"3,88 € /ud.",81241.4," 8,25 €/kg"
Marisco y pescado,Pescado fresco,Lubina sin limpiar,Pieza 470 g aprox.,"3,88 € /ud.",81241.3," 8,25 €/kg"
Marisco y pescado,Pescado fresco,Filetes de lubina,Bandeja 400 g aprox.,"9,02 € /ud.",81487," 22,55 €/kg"
Marisco y pescado,Pescado fresco,Merluza a rodajas,"Pieza 1,77 kg aprox.","17,61 € /ud.",81790.1," 9,95 €/kg"
Marisco y pescado,Pescado fresco,Merluza media pieza a rodajas,1/2 Pieza 870 g aprox.,"8,66 € /ud.",81790.4," 9,95 €/kg"
Marisco y pescado,Pescado fresco,Merluza abierta en libro sin cabeza y sin espina,"Pieza 1,77 kg aprox.","17,61 € /ud.",81790.2," 9,95 €/kg"
Marisco y pescado,Pescado fresco,Merluza media pieza abierta en libro sin cabeza y sin espina,1/2 Pieza 870 g aprox.,"8,66 € /ud.",81790.5," 9,95 €/kg"
Marisco y pescado,Pescado fresco,Merluza sin aletas y sin escamas,"Pieza 1,77 kg aprox.","17,61 € /ud.",81790.3," 9,95 €/kg"
Marisco y pescado,Pescado fresco,Merluza media pieza sin aletas y sin escamas,1/2 Pieza 870 g aprox.,"8,66 € /ud.",81790.6," 9,95 €/kg"
Marisco y pescado,Pescado fresco,Porciones de merluza del cabo,Bandeja 385 g aprox.,"9,22 € /ud.",87240," 23,95 €/kg"
Marisco y pescado,Pescado fresco,Bacalao a rodajas,"Pieza 2,62 kg aprox.","23,45 € /ud.",81204.1," 8,95 €/kg"
Marisco y pescado,Pescado fresco,Bacalao media pieza a rodajas,"1/2 Pieza 1,38 kg aprox.","12,35 € /ud.",81204.3," 8,95 €/kg"
Marisco y pescado,Pescado fresco,Bacalao abierto en libro sin cabeza y sin espina,"Pieza 2,62 kg aprox.","23,45 € /ud.",81204.2," 8,95 €/kg"
Marisco y pescado,Pescado fresco,Bacalao media pieza abierto en libro sin cabeza y sin espina,"1/2 Pieza 1,38 kg aprox.","12,35 € /ud.",81204.4," 8,95 €/kg"
Marisco y pescado,Pescado fresco,Bacalao al punto de sal con agua añadida,Bandeja 500 g aprox.,"7,48 € /ud.",81928," 14,95 €/kg"
Marisco y pescado,Pescado fresco,Hoja de bacalao,Paquete 800 g aprox.,"13,92 € /ud.",80644," 17,40 €/kg"
Marisco y pescado,Pescado fresco,Migas de bacalao saladas,Bandeja 250 g,"5,55 € /ud.",80151," 22,20 €/kg"
Marisco y pescado,Pescado fresco,Trozos de bacalao salado,Paquete 400 g,"4,55 € /ud.",80253," 11,375 €/kg"
Marisco y pescado,Pescado fresco,Corvina limpia con cabeza,"Pieza 1,05 kg aprox.","9,40 € /ud.",81055.1," 8,95 €/kg"
Marisco y pescado,Pescado fresco,Corvina abierta a la espalda con espinas y con cabeza,"Pieza 1,05 kg aprox.","9,40 € /ud.",81055.2," 8,95 €/kg"
Marisco y pescado,Pescado fresco,Corvina a filetes,"Pieza 1,05 kg aprox.","9,40 € /ud.",81055.3," 8,95 €/kg"
Marisco y pescado,Pescado fresco,Rape a rodajas,"Pieza 1,69 kg aprox.","18,42 € /ud.",81220.2," 10,90 €/kg"
Marisco y pescado,Pescado fresco,Rape abierto en libro sin cabeza y sin espina,"Pieza 1,69 kg aprox.","18,42 € /ud.",81220.3," 10,90 €/kg"
Marisco y pescado,Pescado fresco,Rape sin piel y sin cabeza,"Pieza 1,69 kg aprox.","18,42 € /ud.",81220.1," 10,90 €/kg"
Marisco y pescado,Pescado fresco,Rape sin aletas y sin dientes,"Pieza 1,69 kg aprox.","18,42 € /ud.",81220.4," 10,90 €/kg"
Marisco y pescado,Pescado fresco,Sepia,Pieza 480 g aprox.,"6,22 € /ud.",81704," 12,95 €/kg"
Marisco y pescado,Pescado fresco,Calamar pequeño limpio patagónico,Bandeja 300 g,"5,10 € /ud.",87191," 17,00 €/kg"
Marisco y pescado,Pescado fresco,Tiras de potón del Pacífico Hacendado,Bandeja 300 g,"3,60 € /ud.",87194," 12,00 €/kg"
Marisco y pescado,Pescado fresco,Patas de pulpo cocido,Bandeja 250 g,"9,95 € /ud.",87770," 39,80 €/kg"
Marisco y pescado,Pescado fresco,Trucha abierta en libro con cabeza,Pieza 350 g aprox.,"3,13 € /ud.",81200.1," 8,95 €/kg"
Marisco y pescado,Pescado fresco,Trucha abierta en libro sin cabeza y sin espina,Pieza 350 g aprox.,"3,13 € /ud.",81200.2," 8,95 €/kg"
Marisco y pescado,Pescado fresco,Trucha sin aletas,Pieza 350 g aprox.,"3,13 € /ud.",81200.3," 8,95 €/kg"
Marisco y pescado,Pescado fresco,Filetes de trucha Arco iris,Bandeja 226 g aprox.,"3,60 € /ud.",87342," 15,95 €/kg"
Marisco y pescado,Pescado fresco,Lenguado sin cabeza y sin piel,Pieza 130 g aprox.,"3,24 € /ud.",81225.1," 24,95 €/kg"
Marisco y pescado,Pescado fresco,Lenguado sin limpiar,Pieza 130 g aprox.,"3,24 € /ud.",81225.2," 24,95 €/kg"
Marisco y pescado,Pescado fresco,Boquerón sin limpiar,Granel 200 g aprox.,"1,39 € /200 g",81661.1," 6,95 €/kg"
Marisco y pescado,Pescado fresco,Boquerón limpio sin cabeza,Granel 200 g aprox.,"1,39 € /200 g",81661.2," 6,95 €/kg"
Marisco y pescado,Pescado fresco,"Rodaballo con piel, sin aletas y sin agallas",Pieza 1 kg aprox.,"13,50 € /ud.",81226.3," 13,50 €/kg"
Marisco y pescado,Pescado fresco,Rodaballo a filetes,Pieza 1 kg aprox.,"13,50 € /ud.",81226.1," 13,50 €/kg"
Marisco y pescado,Pescado fresco,Rodaballo a filetes y sin piel,Pieza 1 kg aprox.,"13,50 € /ud.",81226.2," 13,50 €/kg"
Marisco y pescado,Pescado fresco,Sardina sin limpiar,Granel 200 g aprox.,"1,39 € /200 g",81100.1," 6,95 €/kg"
Marisco y pescado,Pescado fresco,Sardina limpia sin cabeza,Granel 200 g aprox.,"1,39 € /200 g",81100.2," 6,95 €/kg"
Marisco y pescado,Pescado fresco,Morralla,Granel 400 g aprox.,"3,18 € /400 g",81745," 7,95 €/kg"
Marisco y pescado,Pescado fresco,Emperador marinado,Bandeja 230 g aprox.,"5,39 € /ud.",87162," 23,45 €/kg"
Marisco y pescado,Pescado fresco,Filetes de Gallineta descongelada,Bandeja 380 g aprox.,"4,92 € /ud.",87350," 12,95 €/kg"
Marisco y pescado,Pescado fresco,Elaborado de merluza y gambón,Bandeja 2 ud. (240 g),"2,95 € /ud.",87731," 12,292 €/kg"
Marisco y pescado,Pescado fresco,Merluza rebozada,Bandeja 230 g,"3,75 € /ud.",87734," 16,305 €/kg"
Marisco y pescado,Salazones y ahumados,Filetes de anchoa en aceite de girasol Hacendado,3 bandejas x 29 g,"2,10 € /pack",18407," 24,138 €/kg"
Marisco y pescado,Salazones y ahumados,Boquerones en vinagre Hacendado en aceite de girasol,Bandeja 80 g (60 g escurrido),"1,75 € /ud.",80405," 29,167 €/kg"
Marisco y pescado,Salazones y ahumados,Boquerones al vinagre Hacendado en aceite de girasol,Tarrina 330 g (265 g escurrido),"5,80 € /ud.",23122," 21,887 €/kg"
Marisco y pescado,Salazones y ahumados,Filetes de anchoa en aceite de oliva Hacendado,Lata 42 g (29 g escurrido),"1,25 € /ud.",18400," 43,104 €/kg"
Marisco y pescado,Salazones y ahumados,Filetes de anchoa en aceite de oliva Hacendado,3 bandejas x 29 g,"3,05 € /pack",18408," 35,058 €/kg"
Marisco y pescado,Salazones y ahumados,Filetes de sardina anchoada Hacendado en aceite de girasol,Bandeja 80 g (60 g escurrido),"1,60 € /ud.",80409," 26,667 €/kg"
Marisco y pescado,Salazones y ahumados,Migas de bacalao desaladas Hacendado,Bandeja 300 g,"6,55 € /ud.",83965," 21,834 €/kg"
Marisco y pescado,Salazones y ahumados,Filetes de sardina marinada Hacendado en aceite de oliva virgen extra,Bandeja 80 g (50 g escurrido),"1,50 €1,40 € /ud.",80412," 28,00 €/kg"
Marisco y pescado,Salazones y ahumados,Sucedáneo de caviar negro Ubago Caviartic,Tarro 75 g,"1,85 € /ud.",18808," 24,667 €/kg"
Marisco y pescado,Salazones y ahumados,Filetes de anchoa en aceite de oliva Hacendado,Bandeja 140 g (110 g escurrido),"6,70 € /ud.",18402," 60,91 €/kg"
Marisco y pescado,Salazones y ahumados,Filetes de anchoa en aceite de oliva Hacendado,Lata 74 g (50 g escurrido),"3,75 € /ud.",80418," 75,00 €/kg"
Marisco y pescado,Salazones y ahumados,Migas de bacalao saladas,Bandeja 250 g,"5,55 € /ud.",80151," 22,20 €/kg"
Marisco y pescado,Salazones y ahumados,Trozos de bacalao salado,Paquete 400 g,"4,55 € /ud.",80253," 11,375 €/kg"
Marisco y pescado,Salazones y ahumados,Hoja de bacalao,Paquete 800 g aprox.,"13,92 € /ud.",80644," 17,40 €/kg"
Marisco y pescado,Salazones y ahumados,Salmón ahumado Hacendado,Paquete 100 g aprox.,"3,80 € /ud.",53444," 38,00 €/kg"
Marisco y pescado,Salazones y ahumados,Salmón ahumado Hacendado,2 paquetes x 150 g,"10,80 € /pack",53445," 36,00 €/kg"
Marisco y pescado,Salazones y ahumados,Bacalao ahumado Hacendado en aceite de girasol,Bandeja 110 g (80 g escurrido),"3,20 € /ud.",13787," 40,00 €/kg"
Marisco y pescado,Salazones y ahumados,Salmón marinado Hacendado,Paquete 80 g,"3,50 € /ud.",53446," 43,75 €/kg"
Marisco y pescado,Salazones y ahumados,Filetes de sardina ahumada Hacendado en aceite de girasol,Bandeja 85 g (65 g escurrido),"2,00 € /ud.",18436," 30,77 €/kg"
Marisco y pescado,Salazones y ahumados,Taquitos de salmón ahumado Hacendado,Paquete 100 g,"3,80 € /ud.",22612," 38,00 €/kg"
Marisco y pescado,Sushi,Surtido sushi Bento grande,Bandeja 310 g,"10,75 € /ud.",4578," 34,678 €/kg"
Marisco y pescado,Sushi,Surtido sushi Bento pequeño,Bandeja 160 g,"6,75 € /ud.",4583," 42,188 €/kg"
Marisco y pescado,Sushi,Surtido sushi Bento mix,Bandeja 350 g,"8,75 € /ud.",5695," 25,00 €/kg"
Marisco y pescado,Sushi,Noodles Yakisoba con carne y verduras,Bol 300 g,"4,50 € /ud.",4587," 15,00 €/kg"
Marisco y pescado,Sushi,Poke salmón,Bol 400 g,"5,50 € /ud.",4585," 13,75 €/kg"
Marisco y pescado,Sushi,Pollo teriyaki,Bol 300 g,"5,00 € /ud.",4588," 16,667 €/kg"
Mascotas,Gato,"Bocaditos en salsa gato adulto Delikuit con pollo, pavo y verduras",Bote 400 g,"0,65 € /ud.",52094," 1,625 €/kg"
Mascotas,Gato,"Bocaditos en salsa gato adulto Delikuit con salmón, trucha y verduras",Bote 400 g,"0,65 € /ud.",52095," 1,625 €/kg"
Mascotas,Gato,Paté gato júnior Delikuit con pollo y pavo,Tarrina 100 g,"0,50 € /ud.",52070," 5,00 €/kg"
Mascotas,Gato,Paté gato adulto Delikuit con trucha y salmón,Tarrina 100 g,"0,50 € /ud.",52073," 5,00 €/kg"
Mascotas,Gato,Paté gato adulto Delikuit con pollo y pavo,Tarrina 100 g,"0,50 € /ud.",52072," 5,00 €/kg"
Mascotas,Gato,Paté gato adulto Delikuit con ternera e hígado,Tarrina 100 g,"0,50 € /ud.",52071," 5,00 €/kg"
Mascotas,Gato,Paté gato adulto Delikuit con salmón y trucha,Bote 400 g,"1,20 € /ud.",52092," 3,00 €/kg"
Mascotas,Gato,Paté gato adulto Delikuit con pollo y pavo,Bote 400 g,"1,20 € /ud.",52091," 3,00 €/kg"
Mascotas,Gato,Mousse con lenguado y salmón gato adulto Delikuit,4 tarrinas x 85 g,"2,00 € /pack",15985," 5,883 €/kg"
Mascotas,Gato,Mousse con ternera y pollo gato adulto Delikuit,4 tarrinas x 85 g,"2,00 € /pack",15984," 5,883 €/kg"
Mascotas,Gato,Bocaditos en gelatina gato júnior Delikuit con pollo y pavo,Paquete 8 ud. (800 g),"2,50 € /ud.",22007," 3,125 €/kg"
Mascotas,Gato,Bocaditos en gelatina gato adulto Delikuit,8 ud. x 100 g,"2,40 € /pack",70705," 3,00 €/kg"
Mascotas,Gato,Bocaditos en gelatina gato adulto Delikuit,8 ud. x 100 g,"2,40 € /pack",70704," 3,00 €/kg"
Mascotas,Gato,Gelatina gato adulto selección de aves Quartett,Paquete 4 ud. (340 g),"1,80 € /ud.",35266," 5,295 €/kg"
Mascotas,Gato,Gelatina gato adulto selección de pescado Quartett,Paquete 4 ud. (340 g),"1,80 € /ud.",35267," 5,295 €/kg"
Mascotas,Gato,Bocaditos en salsa gato adulto Delikuit esterilizado,8 ud. x 100 g,"2,80 €2,75 € /pack",35732," 3,438 €/kg"
Mascotas,Gato,"Comida gato júnior Compy con pollo, frutas y verduras","Paquete 1,5 kg","3,30 € /ud.",15640," 2,20 €/kg"
Mascotas,Gato,"Comida gato adulto Compy con pollo, ternera, frutas y verduras",Paquete 10 kg,"12,95 € /ud.",15987," 1,295 €/kg"
Mascotas,Gato,"Comida gato adulto Compy con pollo, ternera, frutas y verduras",Paquete 2 kg,"2,95 € /ud.",15986," 1,475 €/kg"
Mascotas,Gato,"Comida gato adulto Compy con salmón, atún, frutas y verduras",Paquete 10 kg,"12,95 € /ud.",15983," 1,295 €/kg"
Mascotas,Gato,"Comida gato adulto Compy con salmón, atún, frutas y verduras",Paquete 2 kg,"2,95 € /ud.",15982," 1,475 €/kg"
Mascotas,Gato,"Comida gato esterilizado light Compy con pollo, frutas y verduras","Paquete 1,5 kg","3,45 € /ud.",15742," 2,30 €/kg"
Mascotas,Gato,"Comida gato júnior Supreme Compy con pollo, frutas y verduras",Paquete 800 g,"3,30 € /ud.",15944," 4,125 €/kg"
Mascotas,Gato,"Comida gato adulto Supreme Compy con pollo, frutas y verduras","Paquete 1,5 kg","5,30 € /ud.",13714," 3,534 €/kg"
Mascotas,Gato,"Comida gato esterilizado light Supreme Compy con pollo fresco, frutas y verduras","Paquete 1,5 kg","5,30 € /ud.",15560," 3,534 €/kg"
Mascotas,Gato,"Comida gato adulto Supreme Compy con salmón, frutas y verduras","Paquete 1,5 kg","5,30 € /ud.",13715," 3,534 €/kg"
Mascotas,Gato,"Comida gato sénior Supreme Compy con pollo fresco, frutas y verduras","Paquete 1,5 kg","5,30 € /ud.",23174," 3,534 €/kg"
Mascotas,Gato,Arena para gato antibacterias Nuske,Paquete 5 kg,"1,40 € /ud.",90080," 0,28 €/kg"
Mascotas,Gato,Arena para gato antibacterias Nuske perfumada,Paquete 5 kg,"1,70 € /ud.",90083," 0,34 €/kg"
Mascotas,Gato,Arena para gato aglomerante Nuske perfumada,Caja 5 kg,"3,75 € /ud.",13658," 0,75 €/kg"
Mascotas,Gato,Arena para gato de perlas sílice Single,Paquete 4 L,"3,55 € /ud.",90947," 0,888 €/L"
Mascotas,Gato,Hierba para gatos Natura,Caja 120 g,"3,50 € /ud.",38234," 29,167 €/kg"
Mascotas,Gato,Malta para gato Natura con queso,Tubo 100 g,"4,00 € /ud.",52098," 40,00 €/kg"
Mascotas,Gato,Agua de colonia para perros y gatos Krislin,Spray 250 ml,"3,40 € /ud.",90794," 13,60 €/L"
Mascotas,Gato,Snacks gato rellenos con salmón y malta Compy,Paquete 70 g,"1,10 € /ud.",16858," 15,715 €/kg"
Mascotas,Gato,Snack gato aperitivo líquido Compy,Caja 8 ud. (120 g),"1,60 € /ud.",52146," 13,334 €/kg"
Mascotas,Gato,Snacks gato rellenos con pollo y malta Compy,Paquete 70 g,"1,10 € /ud.",16859," 15,715 €/kg"
Mascotas,Gato,Snack gato barritas Compy de pollo e hígado,10 ud. x 5 g,"1,20 €1,05 € /pack",22008," 21,00 €/kg"
Mascotas,Gato,Snack gato barritas Compy de salmón y trucha,10 ud. x 5 g,"1,20 €1,05 € /pack",52149," 21,00 €/kg"
Mascotas,Perro,Paté perro júnior Delikuit con ternera y leche,Tarrina 150 g,"0,85 € /ud.",52062," 5,667 €/kg"
Mascotas,Perro,"Paté perro junior Delikuit con pollo, pavo y verduras",Tarrina 300 g,"0,95 € /ud.",52058," 3,167 €/kg"
Mascotas,Perro,"Paté perro adulto Delikuit con ternera, hígado y verduras",Tarrina 300 g,"0,95 € /ud.",52059," 3,167 €/kg"
Mascotas,Perro,"Trozos en salsa perro adulto Delikuit con ternera, hígado y verduras","Bote 1,23 kg","1,55 € /ud.",52088," 1,261 €/kg"
Mascotas,Perro,Paté perro adulto Delikuit con ternera y pollo,"Bote 1,2 kg","2,10 € /ud.",52086," 1,75 €/kg"
Mascotas,Perro,Trozos en salsa perro adulto Delikuit con salmón y verduras,"Bote 1,23 kg","1,55 € /ud.",70737," 1,261 €/kg"
Mascotas,Perro,Salchicha perro adulto Delikuit con pollo y arroz,1 kg,"1,80 € /ud.",52096," 1,80 €/kg"
Mascotas,Perro,Paté perro adulto Delikuit con ternera y verduras,Tarrina 150 g,"0,85 € /ud.",52064," 5,667 €/kg"
Mascotas,Perro,"Trozos en salsa perro adulto Delikuit con ternera, pavo y verduras",Tarrina 300 g,"0,85 € /ud.",52068," 2,834 €/kg"
Mascotas,Perro,"Trozos en salsa perro adulto Delikuit con ternera, pavo y verduras",Tarrina 150 g,"0,75 € /ud.",52066," 5,00 €/kg"
Mascotas,Perro,Paté perro adulto Delikuit con salmón y verduras,Tarrina 300 g,"0,95 € /ud.",70733," 3,167 €/kg"
Mascotas,Perro,Paté perro adulto Delikuit con salmón y verduras,Tarrina 150 g,"0,85 € /ud.",70732," 5,667 €/kg"
Mascotas,Perro,Trozos en salsa perro adulto Delikuit con salmón y verduras,Tarrina 300 g,"0,85 € /ud.",70735," 2,834 €/kg"
Mascotas,Perro,Trozos en salsa perro adulto Delikuit con salmón y verduras,Tarrina 150 g,"0,75 € /ud.",70734," 5,00 €/kg"
Mascotas,Perro,"Comida perro júnior Compy con pollo, arroz, frutas y verduras",Paquete 4 kg,"6,25 € /ud.",23204," 1,563 €/kg"
Mascotas,Perro,"Comida perro adulto Compy con ternera, pollo, verduras y arroz",Saco 18 kg,"18,15 € /ud.",38297," 1,009 €/kg"
Mascotas,Perro,"Comida perro adulto Compy con pollo, ternera, frutas y verduras",Saco 18 kg,"18,15 € /ud.",15974," 1,009 €/kg"
Mascotas,Perro,"Comida perro adulto Compy con pollo, ternera, frutas y verduras",Paquete 4 kg,"6,00 € /ud.",15972," 1,50 €/kg"
Mascotas,Perro,"Comida perro adulto Compy con pollo, ternera, frutas y verduras",Paquete 3 kg,"5,50 € /ud.",15970," 1,834 €/kg"
Mascotas,Perro,Aritos perro adulto y sénior Compy,Saco 4 kg,"8,30 € /ud.",23173," 2,075 €/kg"
Mascotas,Perro,Mini aritos perro adulto y sénior Compy,"Paquete 1,5 kg","4,15 € /ud.",23172," 2,767 €/kg"
Mascotas,Perro,Comida perro adulto Compy original,Saco 18 kg,"14,00 € /ud.",52101," 0,778 €/kg"
Mascotas,Perro,"Comida perro sénior y adultos esterilizados Supreme Compy con pollo, frutas y verduras",Paquete 4 kg,"6,00 € /ud.",23206," 1,50 €/kg"
Mascotas,Perro,"Comida perro adulto Compy con salmón, atún, frutas y verduras",Paquete 4 kg,"6,00 € /ud.",15973," 1,50 €/kg"
Mascotas,Perro,"Comida perro adulto Compy con salmón, atún, frutas y verduras",Paquete 3 kg,"5,50 € /ud.",15971," 1,834 €/kg"
Mascotas,Perro,Comida perro júnior Supreme Compy pollo fresco con frutas y verduras,Paquete 3 kg,"9,50 € /ud.",23208," 3,167 €/kg"
Mascotas,Perro,"Comida perro júnior Supreme Compy con pollo fresco, frutas y verduras","Paquete 1,5 kg","5,25 € /ud.",23207," 3,50 €/kg"
Mascotas,Perro,"Comida perro sénior y adultos esterilizados Supreme Compy con pollo, frutas y verduras",Paquete 3 kg,"9,50 € /ud.",23209," 3,167 €/kg"
Mascotas,Perro,Comida perro sénior esterilizados Supreme Compy pollo fresco con frutas y verduras,"Paquete 1,5 kg","5,25 € /ud.",23171," 3,50 €/kg"
Mascotas,Perro,Comida perro adulto Supreme Compy salmón fresco con frutas y verduras,Saco 10 kg,"24,50 € /ud.",15981," 2,45 €/kg"
Mascotas,Perro,Comida perro adulto Supreme Compy salmón fresco con frutas y verduras,Paquete 3 kg,"9,50 € /ud.",15980," 3,167 €/kg"
Mascotas,Perro,Comida perro adulto Supreme Compy salmón fresco con frutas y verduras,"Paquete 1,5 kg","5,25 € /ud.",15977," 3,50 €/kg"
Mascotas,Perro,Comida perro adulto Supreme Compy pollo fresco con frutas y verduras,Saco 10 kg,"24,50 € /ud.",15979," 2,45 €/kg"
Mascotas,Perro,Comida perro adulto Supreme Compy pollo fresco con frutas y verduras,Paquete 3 kg,"9,50 € /ud.",15978," 3,167 €/kg"
Mascotas,Perro,Comida perro adulto Supreme Compy pollo fresco con frutas y verduras,"Paquete 1,5 kg","5,25 € /ud.",15976," 3,50 €/kg"
Mascotas,Perro,Ministick dental perro adulto Compy,Paquete 250 g,"2,20 € /ud.",52139," 8,80 €/kg"
Mascotas,Perro,Stick dental perro adulto con menta Compy,Paquete 208 g,"1,75 € /ud.",23812," 8,414 €/kg"
Mascotas,Perro,Huesos de cuero con pollo y zanahoria Compy perro adulto,Paquete 2 ud. (120 g),"1,75 € /ud.",13494," 14,584 €/kg"
Mascotas,Perro,Hueso dental perro adulto sabor menta y perejil Compy,Paquete 3 ud. (192 g),"1,75 € /ud.",52143," 9,115 €/kg"
Mascotas,Perro,Bolsas para residuos caninos Kordis Doggy bags,Paquete 45 ud.,"1,30 € /ud.",49760," 0,029 €/ud"
Mascotas,Perro,Champú cachorros y perro adulto con aloe vera Krislin,Botella 310 ml,"2,70 € /ud.",90793," 8,71 €/L"
Mascotas,Perro,Agua de colonia para perros y gatos Krislin,Spray 250 ml,"3,40 € /ud.",90794," 13,60 €/L"
Mascotas,Perro,Snack palitos perro adulto con pollo y ternera Compy,Paquete 200 g,"1,05 € /ud.",52135," 5,25 €/kg"
Mascotas,Perro,Snack corazones perro adulto Compy,Paquete 350 g,"1,70 €1,65 € /ud.",52118," 4,715 €/kg"
Mascotas,Perro,Snack barritas perro adulto de ternera y cordero Compy,8 ud. x 11 g,"1,20 €1,05 € /pack",52145," 11,932 €/kg"
Mascotas,Perro,Snack barritas perro adulto de pollo e hígado Compy,8 ud. x 11 g,"1,20 €1,05 € /pack",22009," 11,932 €/kg"
Mascotas,Perro,Snack galletas perro adulto con pollo y ternera Compy razas pequeñas y medianas,Paquete 350 g,"1,40 € /ud.",70762," 4,00 €/kg"
Mascotas,Perro,Snack galletas perro adulto con pollo y ternera Compy razas medianas y grandes,Paquete 700 g,"1,95 € /ud.",70763," 2,786 €/kg"
Mascotas,Perro,Snack cachorros júnior Compy,Paquete 125 g,"1,50 € /ud.",35910," 12,00 €/kg"
Mascotas,Otros,Alimento completo para periquitos Granzoo,Paquete 1 kg,"1,82 € /ud.",38131," 1,82 €/kg"
Mascotas,Otros,Barritas de fruta y miel para periquitos Natura,Caja 3 ud. (90 g),"1,85 € /ud.",38145," 20,556 €/kg"
Mascotas,Otros,Alimento completo para canarios y jilgueros Granzoo,Paquete 1 kg,"1,80 € /ud.",38130," 1,80 €/kg"
Mascotas,Otros,Barritas de fruta y miel para canarios Natura,Caja 3 ud. (90 g),"1,85 € /ud.",38111," 20,556 €/kg"
Mascotas,Otros,Alimento completo para loros y cotorras Granzoo,Paquete 700 g,"2,90 € /ud.",38220," 4,143 €/kg"
Mascotas,Otros,Alimento completo para ninfa y agaporni Granzoo,Paquete 800 g,"1,77 € /ud.",13646," 2,213 €/kg"
Mascotas,Otros,Alimento completo conejos enanos Granzoo,Paquete 800 g,"1,45 € /ud.",38007," 1,813 €/kg"
Mascotas,Otros,Alimento completo para roedores Granzoo,Paquete 700 g,"1,90 € /ud.",52765," 2,715 €/kg"
Mascotas,Otros,Barritas de miel para roedores Natura,Caja 2 ud. (112 g),"1,60 € /ud.",38113," 14,286 €/kg"
Mascotas,Otros,Heno para conejos y roedores Granzoo con manzanilla,Paquete 1 kg,"3,50 € /ud.",35409," 3,50 €/kg"
Mascotas,Otros,Lecho vegetal para pequeñas mascotas Vitakraft,Saco 8 L,"6,90 € /ud.",35291," 0,863 €/L"
Panadería y pastelería,Bollería de horno,Berlina al cacao,Paquete 4 ud. (240 g),"1,35 € /ud.",84785," 5,625 €/kg"
Panadería y pastelería,Bollería de horno,Croissant de mantequilla 26%,Pieza 50 g,"0,40 € /ud.",84692," 8,00 €/kg"
Panadería y pastelería,Bollería de horno,Berlina glacé,Paquete 4 ud. (200 g),"1,35 € /ud.",84710," 6,75 €/kg"
Panadería y pastelería,Bollería de horno,Trenza con nueces 4%,Pieza 80 g,"0,75 € /ud.",84458," 9,375 €/kg"
Panadería y pastelería,Bollería de horno,Rosquillas al cacao,Paquete 7 ud. (182 g),"1,40 € /ud.",84654," 7,693 €/kg"
Panadería y pastelería,Bollería de horno,12 Mini croissants de mantequilla,Bolsa 12 ud. (240 g),"1,85 € /ud.",84629," 7,709 €/kg"
Panadería y pastelería,Bollería de horno,Pastel de crema 65%,Pieza 50 g,"0,40 € /ud.",84482," 8,00 €/kg"
Panadería y pastelería,Bollería de horno,6 Caracolas rellenas de cacao,Bolsa 6 ud. (280 g),"1,60 € /ud.",84688," 5,819 €/kg"
Panadería y pastelería,Bollería de horno,Ensaimada,Pieza 83 g,"1,10 € /ud.",84358," 13,254 €/kg"
Panadería y pastelería,Bollería de horno,Napolitana 3 chocolates 29%,Pieza 85 g,"0,85 € /ud.",84643," 10,00 €/kg"
Panadería y pastelería,Bollería de horno,Caracola con pasas 10%,Pieza 103 g,"0,80 € /ud.",84663," 7,767 €/kg"
Panadería y pastelería,Bollería de horno,Bizcocho de chocolate,Paquete 800 g,"4,50 € /ud.",84930," 5,625 €/kg"
Panadería y pastelería,Bollería de horno,8 Magdalenas con azúcar,Bolsa 8 ud. (380 g),"2,90 € /ud.",84684," 7,632 €/kg"
Panadería y pastelería,Bollería de horno,Bizcocho con azúcar moreno y nueces,Bandeja 430 g,"3,70 € /ud.",84904," 8,605 €/kg"
Panadería y pastelería,Bollería de horno,Magdalenas con pepitas de chocolate,Bolsa 8 ud. (380 g),"3,00 € /ud.",84900," 7,895 €/kg"
Panadería y pastelería,Bollería de horno,8 Medias noches,Bolsa 8 ud. (220 g),"2,00 € /ud.",84916," 9,091 €/kg"
Panadería y pastelería,Bollería de horno,Muffin chocolate 3%,Pieza 120 g,"1,10 € /ud.",84754," 9,167 €/kg"
Panadería y pastelería,Bollería de horno,Xuxu relleno de crema 49%,Pieza 51 g,"0,50 € /ud.",84582," 9,804 €/kg"
Panadería y pastelería,Bollería de horno,Bizcocho de chocolate sin gluten y sin lactosa,Paquete 300 g,"3,95 €3,10 € /ud.",84736," 10,334 €/kg"
Panadería y pastelería,Bollería de horno,Surtido croissants rellenos de crema de cacao y crema con leche sabor a chocolate blanco,Bandeja 8 ud. (300 g),"2,65 €2,55 € /ud.",84937," 8,50 €/kg"
Panadería y pastelería,Bollería de horno,Bizcocho de yogur Hacendado,Paquete 800 g,"3,50 €3,35 € /ud.",83995," 4,188 €/kg"
Panadería y pastelería,Bollería de horno,Berlina rellena sabor a chocolate blanco,Pieza 105 g,"1,10 € /ud.",22412," 10,477 €/kg"
Panadería y pastelería,Bollería de horno,Napolitana mixta,Pieza 130 g,"0,80 € /ud.",84940," 6,154 €/kg"
Panadería y pastelería,Bollería de horno,Empanada de atún,Pieza 500 g,"3,90 €3,70 € /ud.",84284," 7,40 €/kg"
Panadería y pastelería,Bollería de horno,Empanada de atún grande,"Pieza 1,12 kg","7,80 €7,40 € /ud.",84287," 6,608 €/kg"
Panadería y pastelería,Bollería de horno,Mini saladas,Bandeja 24 ud. (390 g),"2,50 € /ud.",84597," 6,411 €/kg"
Panadería y pastelería,Bollería de horno,12 Mini saladas,Bolsa 12 ud. (200 g),"1,25 € /ud.",84638," 6,411 €/kg"
Panadería y pastelería,Bollería de horno,Empanada rellena de pollo y setas con crema de queso,Pieza 500 g,"3,90 €3,70 € /ud.",84289," 7,40 €/kg"
Panadería y pastelería,Bollería de horno,Empanadilla de pollo 10% y bechamel,Pieza 98 g,"1,30 € /ud.",4912," 13,266 €/kg"
Panadería y pastelería,Bollería de horno,Empanadilla de atún 16%,Pieza 125 g,"1,30 € /ud.",4911," 10,40 €/kg"
Panadería y pastelería,Bollería envasada,Magdalenas Hacendado,Paquete 550 g,"2,00 €1,90 € /ud.",60846," 3,455 €/kg"
Panadería y pastelería,Bollería envasada,Valencianas Hacendado,Paquete 700 g,"2,50 € /ud.",82032," 3,572 €/kg"
Panadería y pastelería,Bollería envasada,Croissant Hacendado,Paquete 430 g,"1,85 € /ud.",82931," 4,303 €/kg"
Panadería y pastelería,Bollería envasada,Croissant con crema de cacao Hacendado,Paquete 375 g,"1,85 € /ud.",82759," 4,934 €/kg"
Panadería y pastelería,Bollería envasada,Bollo con pepitas de chocolate Hacendado Choco Buns,Paquete 6 ud. (250 g),"1,55 € /ud.",82609," 6,20 €/kg"
Panadería y pastelería,Bollería envasada,Ensaimadas Hacendado,Paquete 350 g,"1,80 €1,70 € /ud.",82090," 4,858 €/kg"
Panadería y pastelería,Bollería envasada,Pan de leche Hacendado,Paquete 12 ud. (480 g),"1,80 € /ud.",82933," 3,75 €/kg"
Panadería y pastelería,Bollería envasada,Bocaditos bañados al cacao Hacendado,Paquete 500 g,"2,20 € /ud.",82098," 4,40 €/kg"
Panadería y pastelería,Bollería envasada,Sobaos Hacendado,Paquete 480 g,"1,90 € /ud.",82404," 3,959 €/kg"
Panadería y pastelería,Bollería envasada,Crepes rellenos de chocolate Hacendado,Paquete 6 crepes (192 g),"1,45 €1,40 € /ud.",82551," 7,292 €/kg"
Panadería y pastelería,Bollería envasada,Palmeritas Hacendado,Paquete 24 ud. (270 g),"1,35 € /ud.",82905," 5,00 €/kg"
Panadería y pastelería,Bollería envasada,Gofres clásicos Hacendado,2 gofres x 110 g,"1,35 €1,25 € /pack",52891," 5,682 €/kg"
Panadería y pastelería,Bollería envasada,Gofres con chocolate Hacendado,2 gofres x 140 g,"1,55 €1,45 € /pack",52892," 5,179 €/kg"
Panadería y pastelería,Bollería envasada,Napolitanas con relleno de cacao Hacendado,Paquete 8 ud. (370 g),"1,80 € /ud.",23373," 4,865 €/kg"
Panadería y pastelería,Bollería envasada,Rosegones pasta de almendras Hacendado,Paquete 250 g,"1,85 € /ud.",82900," 7,40 €/kg"
Panadería y pastelería,Bollería envasada,Bizcochos Hacendado,Paquete 300 g,"1,80 €1,70 € /ud.",82099," 5,667 €/kg"
Panadería y pastelería,Bollería envasada,Bizcochos de huevo Hacendado,4 paquetes x 100 g,"1,85 €1,75 € /pack",23372," 4,375 €/kg"
Panadería y pastelería,Bollería envasada,Napolitanas con relleno sabor crema Hacendado,Paquete 8 ud. (370 g),"1,80 € /ud.",23374," 4,865 €/kg"
Panadería y pastelería,Bollería envasada,Tortas de aceite Inés Rosales,Paquete 6 ud. (180 g),"2,20 € /ud.",82908," 12,223 €/kg"
Panadería y pastelería,Bollería envasada,Tortas de aceite Inés Rosales sin azúcar,Paquete 5 ud. (150 g),"2,75 € /ud.",82920," 18,334 €/kg"
Panadería y pastelería,Bollería envasada,Bizcocho de chocolate sin gluten Hacendado,Paquete 4 ud. (200 g),"2,25 € /ud.",82744," 11,25 €/kg"
Panadería y pastelería,Bollería envasada,Magdalenas sin gluten Hacendado,Paquete 210 g,"2,65 €2,55 € /ud.",82757," 12,143 €/kg"
Panadería y pastelería,Bollería envasada,Magdalenas integrales 0% azúcares añadidos Hacendado,Paquete 280 g,"2,15 €2,00 € /ud.",82732," 7,143 €/kg"
Panadería y pastelería,Bollería envasada,Dorayaki relleno de crema al cacao Hacendado,Paquete 4 ud. (180 g),"1,60 € /ud.",23337," 8,889 €/kg"
Panadería y pastelería,Bollería envasada,Magdalenas al cacao Hacendado,Paquete 350 g,"2,00 € /ud.",82731," 5,715 €/kg"
Panadería y pastelería,Bollería envasada,Mantecadas Hacendado,Paquete 520 g,"2,30 € /ud.",16317," 4,424 €/kg"
Panadería y pastelería,Bollería envasada,Mini magdalenas con pepitas de chocolate con leche Hacendado,Paquete 270 g,"1,90 €1,80 € /ud.",35941," 6,667 €/kg"
Panadería y pastelería,Bollería envasada,Caña de hojaldre rellena de crema sabor vainilla Hacendado con cobertura de cacao,Paquete 3 ud (255 g),"1,70 € /ud.",52992," 6,667 €/kg"
Panadería y pastelería,Bollería envasada,Espiral al cacao Hacendado,64 g aprox.,"0,32 € /ud.",85787," 5,00 €/kg"
Panadería y pastelería,Bollería envasada,Bizcocho con baño de cacao Hacendado,68 g aprox.,"0,34 € /ud.",85786," 5,00 €/kg"
Panadería y pastelería,Bollería envasada,Rosquillas al cacao Hacendado,37 g aprox.,"0,19 € /ud.",85788," 5,00 €/kg"
Panadería y pastelería,Bollería envasada,Hojaldre cabello de Ángel Hacendado,100 g aprox.,"0,50 € /ud.",85795," 5,00 €/kg"
Panadería y pastelería,Bollería envasada,Palmera crema de avellana Hacendado,105 g aprox.,"0,53 € /ud.",85792," 5,00 €/kg"
Panadería y pastelería,Bollería envasada,Caña de cacao Hacendado,100 g aprox.,"0,50 € /ud.",85793," 5,00 €/kg"
Panadería y pastelería,Bollería envasada,Rollo con sabor nata Hacendado,42 g aprox.,"0,21 € /ud.",22139," 5,00 €/kg"
Panadería y pastelería,Bollería envasada,Rollo con sabor avellana Hacendado,42 g aprox.,"0,21 € /ud.",22140," 5,00 €/kg"
Panadería y pastelería,Harina y preparado repostería,Harina de trigo Hacendado,Paquete 1 kg,"0,70 € /ud.",29100," 0,70 €/kg"
Panadería y pastelería,Harina y preparado repostería,Harina de trigo grande Hacendado,Paquete 5 kg,"3,00 €2,90 € /ud.",29106," 0,58 €/kg"
Panadería y pastelería,Harina y preparado repostería,Harina de fuerza Hacendado,Paquete 1 kg,"0,91 € /ud.",29019," 0,91 €/kg"
Panadería y pastelería,Harina y preparado repostería,Preparado para bizcochos con impulsor incorporado Hacendado,Paquete 1 kg,"1,05 € /ud.",20999," 1,05 €/kg"
Panadería y pastelería,Harina y preparado repostería,Harina de maíz blanco precocida Hacendado,Paquete 1 kg,"1,68 € /ud.",29165," 1,68 €/kg"
Panadería y pastelería,Harina y preparado repostería,Harina fina de maíz Hacendado,Paquete 400 g,"1,30 €1,20 € /ud.",9588," 3,00 €/kg"
Panadería y pastelería,Harina y preparado repostería,Harina integral de trigo Hacendado,Paquete 1 kg,"0,91 €0,80 € /ud.",29134," 0,80 €/kg"
Panadería y pastelería,Harina y preparado repostería,Preparado para pizzas Hacendado,Paquete 1 kg,"1,45 € /ud.",23646," 1,45 €/kg"
Panadería y pastelería,Harina y preparado repostería,Harina de espelta Hacendado 100% integral,Paquete 1 kg,"1,39 € /ud.",29174," 1,39 €/kg"
Panadería y pastelería,Harina y preparado repostería,Harina semolosa de trigo Hacendado especial para fritos,Paquete 1 kg,"1,20 € /ud.",29180," 1,20 €/kg"
Panadería y pastelería,Harina y preparado repostería,Harina de arroz Hacendado,Paquete 500 g,"1,25 € /ud.",29130," 2,50 €/kg"
Panadería y pastelería,Harina y preparado repostería,Preparado panificación y repostería Hacendado,Paquete 1 kg,"3,00 €2,70 € /ud.",80292," 2,70 €/kg"
Panadería y pastelería,Harina y preparado repostería,Harina de garbanzo Hacendado,Paquete 500 g,"2,00 € /ud.",29373," 4,00 €/kg"
Panadería y pastelería,Harina y preparado repostería,Levadura fresca Levital,Paquete 50 g,"0,45 € /ud.",87811," 9,00 €/kg"
Panadería y pastelería,Harina y preparado repostería,Chocolate negro fundir Hacendado,Tableta 200 g,"1,45 € /ud.",12531," 7,25 €/kg"
Panadería y pastelería,Harina y preparado repostería,Impulsor gasificante en polvo Royal uso alimentario,Caja 5 sobres (80 g),"2,25 € /ud.",29225," 28,125 €/kg"
Panadería y pastelería,Harina y preparado repostería,Impulsor gasificante Hacendado para uso alimentario,Caja 6 sobres (90 g),"0,70 € /ud.",80293," 7,778 €/kg"
Panadería y pastelería,Harina y preparado repostería,Gelatina neutra en láminas Hacendado,Paquete 12 láminas (20 g),"1,00 € /ud.",32360," 5,00 €/100 g"
Panadería y pastelería,Harina y preparado repostería,Preparado en polvo cuajada azucarada Royal sabor lácteo,Caja 4 sobres (48 g),"1,45 € /ud.",32358," 3,021 €/100 g"
Panadería y pastelería,Harina y preparado repostería,Preparado en polvo flan Royal,Caja 186 g,"1,80 € /ud.",32002," 9,678 €/kg"
Panadería y pastelería,Harina y preparado repostería,Gotas de chocolate negro para fundir Hacendado,Paquete 250 g,"2,00 € /ud.",12544," 8,00 €/kg"
Panadería y pastelería,Harina y preparado repostería,Preparado en polvo flan Hacendado,Caja 190 g,"1,40 € /ud.",32045," 7,369 €/kg"
Panadería y pastelería,Harina y preparado repostería,Chocolate blanco fundir Hacendado,Tableta 200 g,"1,60 € /ud.",12543," 8,00 €/kg"
Panadería y pastelería,Harina y preparado repostería,Preparado en polvo flanes y natillas Maizena Potax,Caja 6 sobres (192 g),"1,50 € /ud.",32030," 7,813 €/kg"
Panadería y pastelería,Harina y preparado repostería,Aroma de vainilla Hacendado,Bote 150 ml,"2,00 € /ud.",32524," 13,334 €/L"
Panadería y pastelería,Harina y preparado repostería,Preparado en polvo natillas Hacendado,Caja 89 g,"1,40 € /ud.",32329," 15,731 €/kg"
Panadería y pastelería,Harina y preparado repostería,Preparado en polvo gelatina piña Hacendado,Caja 2 sobres (170 g),"1,50 € /ud.",32362," 8,824 €/kg"
Panadería y pastelería,Harina y preparado repostería,Preparado en polvo para crepes Hacendado,Bote 200 g,"2,00 € /ud.",32526," 10,00 €/kg"
Panadería y pastelería,Harina y preparado repostería,Preparado en polvo gelatina fresa Hacendado,Caja 2 sobres (170 g),"1,50 € /ud.",32361," 8,824 €/kg"
Panadería y pastelería,Harina y preparado repostería,Preparado en polvo gelatina fresa Hacendado 0% azúcar,Caja 1 sobre (26 g),"2,00 € /ud.",32367," 7,693 €/100 g"
Panadería y pastelería,Harina y preparado repostería,Preparado en polvo gelatina arándano Hacendado 0% azúcar,Caja 1 sobre (31 g),"2,00 € /ud.",32369," 6,452 €/100 g"
Panadería y pastelería,Harina y preparado repostería,Chocolate negro 70% cacao fundir Hacendado 0% azúcares añadidos,Tableta 200 g,"2,25 € /ud.",12530," 11,25 €/kg"
Panadería y pastelería,Harina y preparado repostería,Chocolate con leche fundir Hacendado,Tableta 200 g,"1,60 € /ud.",12533," 8,00 €/kg"
Panadería y pastelería,Harina y preparado repostería,Levadura de panadería Hacendado,Paquete 10 sobres (70 g),"1,50 € /ud.",86998," 21,429 €/kg"
Panadería y pastelería,Harina y preparado repostería,Preparado en polvo crema pastelera Hacendado,Caja 2 sobres (174 g),"3,20 € /ud.",15600," 18,391 €/kg"
Panadería y pastelería,Harina y preparado repostería,Masa fresca hojaldre Hacendado,2 paquetes x 260 g,"2,50 € /pack",63451," 4,808 €/kg"
Panadería y pastelería,Harina y preparado repostería,Masa para empanadillas y postres Buitoni,Paquete 16 obleas (160 g),"1,10 € /ud.",63440," 6,875 €/kg"
Panadería y pastelería,Harina y preparado repostería,Masa fresca Hacendado hojaldre con mantequilla,2 paquetes x 260 g,"2,80 € /pack",63474," 5,385 €/kg"
Panadería y pastelería,Harina y preparado repostería,Masa fresca quebrada brisa Hacendado,2 paquetes x 230 g,"2,60 € /pack",63464," 5,653 €/kg"
Panadería y pastelería,Harina y preparado repostería,Masa fresca empanada Hacendado,2 paquetes x 230 g,"2,60 € /pack",63476," 5,653 €/kg"
Panadería y pastelería,Harina y preparado repostería,Masa de hojaldre sin gluten Hacendado,Paquete 280 g,"2,80 € /ud.",63657," 10,00 €/kg"
Panadería y pastelería,Harina y preparado repostería,Masa filo Bella,Paquete 250 g,"2,00 € /ud.",10459," 8,00 €/kg"
Panadería y pastelería,Pan de horno,3 Barras de pan,3 ud. (750 g),"1,15 € /ud.",83203.1," 1,534 €/kg"
Panadería y pastelería,Pan de horno,Barra de pan,1 ud. (250 g),"0,48 € /ud.",83202.1," 1,92 €/kg"
Panadería y pastelería,Pan de horno,Barra de pan rústica,1 ud. (250 g),"0,70 € /ud.",80493.1," 2,80 €/kg"
Panadería y pastelería,Pan de horno,Baguette,1 ud. (250 g),"0,55 € /ud.",5813," 2,20 €/kg"
Panadería y pastelería,Pan de horno,Barra de pan campesina masa madre,1 ud. (250 g),"0,70 € /ud.",82830.1," 2,80 €/kg"
Panadería y pastelería,Pan de horno,2 Baguettes para hornear,Paquete 2 ud. (300 g),"1,10 € /ud.",60235," 3,667 €/kg"
Panadería y pastelería,Pan de horno,Baguette sin gluten,Paquete 175 g,"1,95 € /ud.",82753," 11,143 €/kg"
Panadería y pastelería,Pan de horno,Pan de trigo espelta 100%,1 ud. (290 g),"1,50 € /ud.",80494.1," 5,173 €/kg"
Panadería y pastelería,Pan de horno,"Pan de nueces 8,5%",1 ud. (350 g),"1,80 € /ud.",83843.1," 5,143 €/kg"
Panadería y pastelería,Pan de horno,Pan campeón del mundo,1 ud. (750 g),"2,10 € /ud.",82380.1," 2,80 €/kg"
Panadería y pastelería,Pan de horno,Pan integral trigo 100%,1 ud. (350 g),"1,63 € /ud.",83858.1," 4,658 €/kg"
Panadería y pastelería,Pan de horno,Pan de payés,1 ud. (400 g),"1,30 € /ud.",83156," 3,25 €/kg"
Panadería y pastelería,Pan de horno,Hogaza de centeno 50%,1 ud. (500 g),"1,80 € /ud.",15691.1," 3,60 €/kg"
Panadería y pastelería,Pan de horno,Barra pan de pueblo,1 ud. (800 g),"1,50 € /ud.",23086.1," 1,875 €/kg"
Panadería y pastelería,Pan de horno,5 Bocadillos,5 ud. x 140 g,"1,15 € /pack",83277," 1,643 €/kg"
Panadería y pastelería,Pan de horno,Panecillo de queso 18%,1 ud. (85 g),"0,45 € /ud.",67563," 5,295 €/kg"
Panadería y pastelería,Pan de horno,Chapata de cristal,1 ud. (71 g),"0,35 € /ud.",67559," 4,93 €/kg"
Panadería y pastelería,Pan de horno,Pan mini semillas,1 ud. (90 g),"0,35 € /ud.",83116," 3,889 €/kg"
Panadería y pastelería,Pan de horno,5 Barras de pan 51% integral,5 ud. x 125 g,"1,30 € /pack",83452," 2,08 €/kg"
Panadería y pastelería,Pan de horno,Panecillo harina integral 50% de trigo sin sal añadida,1 ud. (80 g),"0,35 € /ud.",83284," 4,375 €/kg"
Panadería y pastelería,Pan de horno,6 Panes de leche 3%,6 ud. x 80 g,"1,60 €1,50 € /pack",83436," 3,125 €/kg"
Panadería y pastelería,Pan de horno,Pulguita,1 ud. (40 g),"0,17 € /ud.",67565," 0,425 €/100 g"
Panadería y pastelería,Pan de horno,Panecillo de trigo integral 30%,1 ud. (70 g),"0,35 € /ud.",83437," 5,00 €/kg"
Panadería y pastelería,Pan de horno,6 Panes de centeno 51%,6 ud. x 78 g,"1,55 € /pack",83056," 3,334 €/kg"
Panadería y pastelería,Pan de horno,11 Panecillos,11 ud. x 45 g,"1,10 € /pack",83783," 2,223 €/kg"
Panadería y pastelería,Pan de horno,Pan Viena,1 ud. (80 g),"0,40 € /ud.",83594," 5,00 €/kg"
Panadería y pastelería,Pan de horno,6 Panecillos integrales 100%,6 ud. x 45 g,"1,05 € /pack",22388," 3,889 €/kg"
Panadería y pastelería,Pan de horno,Pan integral 100% fino,Paquete 2 ud. (165 g),"1,50 € /ud.",60354," 9,091 €/kg"
Panadería y pastelería,Pan de horno,Panecillo sin sal añadida,1 ud. (85 g),"0,40 € /ud.",92998," 4,706 €/kg"
Panadería y pastelería,Pan de horno,4 Panes de cristal redondos cortados 100 % natural,4 ud. x 60 g,"1,95 € /pack",5850," 8,125 €/kg"
Panadería y pastelería,Pan de horno,Pan de payés rebanado,Paquete 400 g,"1,44 € /ud.",83155," 3,60 €/kg"
Panadería y pastelería,Pan de horno,Pan campeón del mundo rebanado,1 ud. (750 g),"2,10 € /ud.",82380.2," 2,80 €/kg"
Panadería y pastelería,Pan de horno,Pan integral trigo 100% rebanado,1 ud. (350 g),"1,63 € /ud.",83858.2," 4,658 €/kg"
Panadería y pastelería,Pan de horno,Pan de trigo espelta 100% rebanado,1 ud. (290 g),"1,50 € /ud.",80494.2," 5,173 €/kg"
Panadería y pastelería,Pan de horno,"Pan de nueces 8,5% rebanado",1 ud. (350 g),"1,80 € /ud.",83843.2," 5,143 €/kg"
Panadería y pastelería,Pan de horno,3 Barras de pan rebanadas,3 ud. (750 g),"1,15 € /ud.",83203.2," 1,534 €/kg"
Panadería y pastelería,Pan de horno,Barra de pan rebanada,1 ud. (250 g),"0,48 € /ud.",83202.2," 1,92 €/kg"
Panadería y pastelería,Pan de horno,Barra de pan rústica rebanada,1 ud. (250 g),"0,70 € /ud.",80493.2," 2,80 €/kg"
Panadería y pastelería,Pan de horno,Barra de pan campesina masa madre rebanada,1 ud. (250 g),"0,70 € /ud.",82830.2," 2,80 €/kg"
Panadería y pastelería,Pan de horno,Hogaza de centeno 50% rebanado,1 ud. (500 g),"1,80 € /ud.",15691.2," 3,60 €/kg"
Panadería y pastelería,Pan de horno,Barra pan de pueblo rebanada,1 ud. (800 g),"1,50 € /ud.",23086.2," 1,875 €/kg"
Panadería y pastelería,Pan de molde y otras especialidades,Pan de molde blanco sin corteza Hacendado,Paquete 16 rebanadas (450 g),"1,25 € /ud.",82322," 2,778 €/kg"
Panadería y pastelería,Pan de molde y otras especialidades,Pan de molde blanco familiar Hacendado,Paquete 26 rebanadas (820 g),"1,25 € /ud.",83867," 1,525 €/kg"
Panadería y pastelería,Pan de molde y otras especialidades,Pan de molde blanco Hacendado,Paquete 16 rebanadas (460 g),"0,85 € /ud.",13810," 1,848 €/kg"
Panadería y pastelería,Pan de molde y otras especialidades,Pan de molde 100% integral familiar Hacendado,Paquete 26 rebanadas (820 g),"1,25 € /ud.",83886," 1,525 €/kg"
Panadería y pastelería,Pan de molde y otras especialidades,Pan de molde 100% integral Hacendado,Paquete 16 rebanadas (460 g),"0,95 € /ud.",82328," 2,066 €/kg"
Panadería y pastelería,Pan de molde y otras especialidades,Pan de molde 100% integral sin corteza Hacendado 0% azúcares añadidos,Paquete 16 rebanadas (450 g),"1,35 € /ud.",23643," 3,00 €/kg"
Panadería y pastelería,Pan de molde y otras especialidades,Pan de molde blanco natural rústico Hacendado 0% azúcares añadidos,Paquete 14 rebanadas (550 g),"1,60 € /ud.",23359," 2,91 €/kg"
Panadería y pastelería,Pan de molde y otras especialidades,Pan de molde 100% integral Hacendado 0% azúcares añadidos,Paquete 16 rebanadas (460 g),"1,25 € /ud.",83868," 2,718 €/kg"
Panadería y pastelería,Pan de molde y otras especialidades,Pan de molde blanco rebanada gruesa Hacendado,Paquete 16 rebanadas (820 g),"1,80 € /ud.",1699," 2,196 €/kg"
Panadería y pastelería,Pan de molde y otras especialidades,Pan de molde cereales sin gluten Hacendado,Paquete 14 rebanadas (470 g),"2,90 € /ud.",86750," 6,171 €/kg"
Panadería y pastelería,Pan de molde y otras especialidades,Pan de molde sin gluten blanco Hacendado,Paquete 14 rebanadas (500 g),"2,90 € /ud.",35711," 5,80 €/kg"
Panadería y pastelería,Pan de molde y otras especialidades,Pan redondo 5 semillas,Paquete 500 g,"1,75 € /ud.",83558," 3,50 €/kg"
Panadería y pastelería,Pan de molde y otras especialidades,Barra de pan tradicional,Paquete 700 g,"1,35 € /ud.",83560," 1,929 €/kg"
Panadería y pastelería,Pan de molde y otras especialidades,Barra de pan multifibras,Paquete 600 g,"1,40 € /ud.",83559," 2,334 €/kg"
Panadería y pastelería,Pan de molde y otras especialidades,Pan de molde espelta 100% integral Hacendado,Paquete 10 rebanadas (400 g),"1,40 € /ud.",86467," 3,50 €/kg"
Panadería y pastelería,Pan de molde y otras especialidades,Pan de molde con 35% avena Hacendado 0% azúcares añadidos con harina 100% integral,Paquete 12 rebanadas (460 g),"1,55 €1,45 € /ud.",82295," 3,153 €/kg"
Panadería y pastelería,Pan de molde y otras especialidades,Pan de molde semillas y pipas de calabaza Hacendado,Paquete 14 rebanadas (580 g),"1,75 € /ud.",83869," 3,018 €/kg"
Panadería y pastelería,Pan de molde y otras especialidades,Pan de molde con 55% centeno Hacendado,Paquete 16 rebanadas (720 g),"1,55 € /ud.",82302," 2,153 €/kg"
Panadería y pastelería,Pan de molde y otras especialidades,Pan de molde 12 cereales y semillas Hacendado,Paquete 16 rebanadas (680 g),"1,70 € /ud.",83547," 2,50 €/kg"
Panadería y pastelería,Pan de molde y otras especialidades,Hogaza sin gluten,Paquete 300 g,"2,94 €2,84 € /ud.",82735," 9,467 €/kg"
Panadería y pastelería,Pan de molde y otras especialidades,Pan Brioche Hacendado,Paquete 400 g,"2,35 € /ud.",22899," 5,875 €/kg"
Panadería y pastelería,Pan de molde y otras especialidades,Pan Bagel Hacendado,Paquete 4 ud. (300 g),"1,50 € /ud.",23843," 5,00 €/kg"
Panadería y pastelería,Pan de molde y otras especialidades,Pan redondo sin gluten Hacendado,Paquete 2 ud. (160 g),"1,85 € /ud.",35849," 11,563 €/kg"
Panadería y pastelería,Pan de molde y otras especialidades,Tortillas de trigo Hacendado,Paquete 10 ud. (360 g),"1,30 € /ud.",80859," 3,612 €/kg"
Panadería y pastelería,Pan de molde y otras especialidades,Pan hot dog Hacendado,Paquete 6 ud. (330 g),"0,95 € /ud.",82332," 2,879 €/kg"
Panadería y pastelería,Pan de molde y otras especialidades,Pan maxi hamburguesa Hacendado,Paquete 4 ud. (300 g),"0,90 € /ud.",13803," 3,00 €/kg"
Panadería y pastelería,Pan de molde y otras especialidades,Tortillas de trigo integrales Hacendado,Paquete 10 ud. (360 g),"1,75 €1,65 € /ud.",80942," 4,584 €/kg"
Panadería y pastelería,Pan de molde y otras especialidades,Pan de hamburguesa Brioche Hacendado,Paquete 2 ud. (150 g),"1,05 € /ud.",52602," 7,00 €/kg"
Panadería y pastelería,Pan de molde y otras especialidades,Maxi tortillas de trigo Hacendado,Paquete 6 ud. (360 g),"1,60 € /ud.",80870," 4,445 €/kg"
Panadería y pastelería,Pan de molde y otras especialidades,Pan de Pita Original precocido,2 paquetes x 200 g,"1,65 € /pack",82649," 4,125 €/kg"
Panadería y pastelería,Pan de molde y otras especialidades,Pan de hamburguesa Hacendado,Paquete 4 ud. (220 g),"1,00 € /ud.",82331," 4,546 €/kg"
Panadería y pastelería,Pan de molde y otras especialidades,Mini tortillas de trigo Hacendado,2 paquetes x 150 g,"1,75 € /pack",80939," 5,834 €/kg"
Panadería y pastelería,Pan de molde y otras especialidades,Piadinas pan estilo italiano Hacendado,Paquete 4 ud. (320 g),"2,20 €2,10 € /ud.",80894," 6,563 €/kg"
Panadería y pastelería,Pan de molde y otras especialidades,Pan Mini bocados Hacendado,Paquete 8 ud. (165 g),"1,25 € /ud.",84429," 7,576 €/kg"
Panadería y pastelería,Pan de molde y otras especialidades,Tortillas de maíz sin gluten Old El Paso,Paquete 10 ud. (208 g),"2,20 € /ud.",80879," 10,577 €/kg"
Panadería y pastelería,Pan de molde y otras especialidades,Pan de hamburguesa Hacendado Rústico 100% integral,Paquete 4 ud. (330 g),"1,25 € /ud.",60251," 3,788 €/kg"
Panadería y pastelería,Pan de molde y otras especialidades,Tortillas de avena 51% Hacendado,Paquete 6 ud. (360 g),"2,00 € /ud.",80531," 5,556 €/kg"
Panadería y pastelería,Pan tostado y rallado,Pan tostado classic Hacendado,Paquete 6 packs (550 g),"1,80 € /ud.",82287," 3,273 €/kg"
Panadería y pastelería,Pan tostado y rallado,Pan tostado cereales y semillas Hacendado,Paquete 6 packs (550 g),"2,35 € /ud.",82290," 4,273 €/kg"
Panadería y pastelería,Pan tostado y rallado,Pan tostado pasas Hacendado,Paquete 120 g,"1,20 € /ud.",82665," 10,00 €/kg"
Panadería y pastelería,Pan tostado y rallado,Pan tostado 100% espelta integral Hacendado,Paquete 250 g,"1,65 € /ud.",82842," 6,60 €/kg"
Panadería y pastelería,Pan tostado y rallado,Panecillo tostado classic Hacendado,Paquete 300 g,"1,05 € /ud.",82277," 3,50 €/kg"
Panadería y pastelería,Pan tostado y rallado,Mini tostadas de trigo Minigrill extra finas,Caja 100 g,"1,40 € /ud.",82070," 14,00 €/kg"
Panadería y pastelería,Pan tostado y rallado,Pan tostado 100% integral,Paquete 6 packs (550 g),"1,90 € /ud.",86008," 3,455 €/kg"
Panadería y pastelería,Pan tostado y rallado,Mini biscotes de trigo Minigrill,Caja 60 ud. (120 g),"0,80 € /ud.",82117," 6,667 €/kg"
Panadería y pastelería,Pan tostado y rallado,Panecillos tostados cereales y semillas Hacendado,Paquete 250 g,"1,25 € /ud.",82417," 5,00 €/kg"
Panadería y pastelería,Pan tostado y rallado,Panecillo tostado 100% integral de trigo Hacendado,Paquete 300 g,"1,10 € /ud.",13445," 3,667 €/kg"
Panadería y pastelería,Pan tostado y rallado,Pan tostado 100% integral bajo en sal y en azúcares Hacendado,Paquete 6 packs (540 g),"2,30 € /ud.",83789," 4,26 €/kg"
Panadería y pastelería,Pan tostado y rallado,Pan tostado vitalité Wasa,Paquete 280 g,"2,60 € /ud.",82150," 9,286 €/kg"
Panadería y pastelería,Pan tostado y rallado,Pan tostado con tomate Hacendado,Paquete 170 g,"1,25 € /ud.",82190," 7,353 €/kg"
Panadería y pastelería,Pan tostado y rallado,Pan tostado con ajo y perejil Hacendado,Paquete 170 g,"1,25 € /ud.",82199," 7,353 €/kg"
Panadería y pastelería,Pan tostado y rallado,Mini biscotes 100% integral Hacendado de trigo con sésamo,Paquete 180 g,"1,20 € /ud.",22213," 6,667 €/kg"
Panadería y pastelería,Pan tostado y rallado,Pan rallado con ajo y perejil Hacendado,Paquete 500 g,"1,05 € /ud.",82227," 2,10 €/kg"
Panadería y pastelería,Pan tostado y rallado,Pan rallado crujiente Hacendado,Paquete 400 g,"1,85 €1,70 € /ud.",22932," 4,25 €/kg"
Panadería y pastelería,Pan tostado y rallado,Pan rallado sin gluten Hacendado,Paquete 350 g,"2,15 € /ud.",82656," 6,143 €/kg"
Panadería y pastelería,Pan tostado y rallado,Pan rallado casero Hacendado,Paquete 500 g,"1,05 € /ud.",82352," 2,10 €/kg"
Panadería y pastelería,Pan tostado y rallado,Pan rallado Hacendado,Paquete 750 g,"0,90 € /ud.",82219," 1,20 €/kg"
Panadería y pastelería,Pan tostado y rallado,Crackers integrales de espelta Bachman,Caja 4 paquetes (240 g),"1,70 € /ud.",82626," 7,084 €/kg"
Panadería y pastelería,Pan tostado y rallado,Pan de fibra y sésamo Hacendado,Paquete 26 ud. (250 g),"1,25 €1,20 € /ud.",82655," 4,80 €/kg"
Panadería y pastelería,Pan tostado y rallado,Galletas saladas salpicks Galbusera,Paquete 16 bolsitas (400 g),"1,90 € /ud.",82585," 4,75 €/kg"
Panadería y pastelería,Pan tostado y rallado,Crackers 30% integral Galbusera,Paquete 14 bolsitas (500 g),"1,95 € /ud.",82412," 3,90 €/kg"
Panadería y pastelería,Pan tostado y rallado,Crackers con sal Galbusera,Paquete 14 bolsitas (500 g),"1,95 € /ud.",82439," 3,90 €/kg"
Panadería y pastelería,Pan tostado y rallado,Crackers sin gluten Hacendado con romero,Paquete 6 bolsitas (200 g),"1,80 € /ud.",82651," 9,00 €/kg"
Panadería y pastelería,Pan tostado y rallado,Tostadas sin gluten Hacendado,Caja 18 ud. (100 g),"1,45 € /ud.",82839," 14,50 €/kg"
Panadería y pastelería,"Picos, rosquilletas y picatostes",Picos saladitos Hacendado,Paquete 250 g,"1,30 €1,25 € /ud.",13631," 5,00 €/kg"
Panadería y pastelería,"Picos, rosquilletas y picatostes",Picos 100% integrales Hacendado,Paquete 250 g,"0,85 € /ud.",86215," 3,40 €/kg"
Panadería y pastelería,"Picos, rosquilletas y picatostes",Picos Hacendado,Paquete 250 g,"0,85 € /ud.",82279," 3,40 €/kg"
Panadería y pastelería,"Picos, rosquilletas y picatostes",Regañá Hacendado,Paquete 250 g,"1,10 € /ud.",82365," 4,40 €/kg"
Panadería y pastelería,"Picos, rosquilletas y picatostes",Piquitos bajos en sal Hacendado,Paquete 250 g,"1,40 €1,35 € /ud.",22249," 5,40 €/kg"
Panadería y pastelería,"Picos, rosquilletas y picatostes",Grissini palitos de pan con sésamo Hacendado,2 paquetes x 100 g,"1,60 € /pack",82464," 8,00 €/kg"
Panadería y pastelería,"Picos, rosquilletas y picatostes",Grissini palitos de pan Hacendado,Caja 4 ud. (250 g),"1,75 € /ud.",82599," 7,00 €/kg"
Panadería y pastelería,"Picos, rosquilletas y picatostes",Picos sin gluten Hacendado,Paquete 100 g,"1,50 € /ud.",13450," 15,00 €/kg"
Panadería y pastelería,"Picos, rosquilletas y picatostes",Piquitos San Roque,Paquete 142 g,"1,00 € /ud.",82220," 7,043 €/kg"
Panadería y pastelería,"Picos, rosquilletas y picatostes",Picos camperos de Jerez Hacendado,Paquete 250 g,"1,05 € /ud.",67953," 4,20 €/kg"
Panadería y pastelería,"Picos, rosquilletas y picatostes",Palitos de pan con pipas Anitin,2 paquetes x 83 g,"1,35 € /pack",82765," 8,133 €/kg"
Panadería y pastelería,"Picos, rosquilletas y picatostes",Palitos con frutos secos Hacendado,2 paquetes x 65 g,"1,15 € /pack",13372," 8,847 €/kg"
Panadería y pastelería,"Picos, rosquilletas y picatostes",Palitos de pan 100% trigo espelta integral Anitin,2 paquetes x 75 g,"1,35 € /pack",86559," 9,00 €/kg"
Panadería y pastelería,"Picos, rosquilletas y picatostes",Palitos de pan con chocolate Anitin,2 paquetes x 86 g,"1,35 € /pack",82728," 7,849 €/kg"
Panadería y pastelería,"Picos, rosquilletas y picatostes",Palitos de pan con queso Anitin,2 paquetes x 71 g,"1,35 € /pack",82892," 9,508 €/kg"
Panadería y pastelería,"Picos, rosquilletas y picatostes",Panes especiales con tomate y orégano Hacendado,Paquete 80 g,"0,95 €0,90 € /ud.",22396," 11,25 €/kg"
Panadería y pastelería,"Picos, rosquilletas y picatostes",Panes especiales sabor pizza con queso Hacendado,Paquete 80 g,"0,95 €0,90 € /ud.",22397," 11,25 €/kg"
Panadería y pastelería,"Picos, rosquilletas y picatostes",Picatostes fritos Hacendado,Paquete 100 g,"0,85 € /ud.",82786," 8,50 €/kg"
Panadería y pastelería,"Picos, rosquilletas y picatostes",Picatostes fritos con ajo Hacendado,Paquete 100 g,"0,85 € /ud.",82787," 8,50 €/kg"
Panadería y pastelería,"Picos, rosquilletas y picatostes",Picatostes tostados Hacendado,Paquete 100 g,"0,70 € /ud.",82788," 7,00 €/kg"
Panadería y pastelería,Tartas y pasteles,Tarta carrot cake Hacendado congelada,10 raciones (750 g),"11,00 € /ud.",87677," 14,667 €/kg"
Panadería y pastelería,Tartas y pasteles,Tarta red velvet Hacendado congelada,10 raciones (700 g),"9,50 € /ud.",87607," 13,572 €/kg"
Panadería y pastelería,Tartas y pasteles,Tarta dúo sabores Hacendado congelada,"12 raciones (1,09 kg)","11,00 € /ud.",87610," 10,092 €/kg"
Panadería y pastelería,Tartas y pasteles,Tarta Ferrer bombón crujiente Hacendado congelada,8 raciones (710 g),"9,50 € /ud.",87609," 13,381 €/kg"
Panadería y pastelería,Tartas y pasteles,Tarta tres chocolates Hacendado congelada,8 raciones (880 g),"8,90 € /ud.",87599," 10,114 €/kg"
Panadería y pastelería,Tartas y pasteles,Mousse de queso Hacendado congelado,6 raciones (520 g),"7,50 € /ud.",87601," 14,424 €/kg"
Panadería y pastelería,Tartas y pasteles,Tarta de tiramisú Hacendado congelada,6 raciones (500 g),"9,50 € /ud.",87603," 19,00 €/kg"
Panadería y pastelería,Tartas y pasteles,Tarta de la abuela Hacendado congelada,10 raciones (825 g),"8,30 € /ud.",87692," 10,061 €/kg"
Panadería y pastelería,Tartas y pasteles,Tarta San Marcos Hacendado congelada,"24 raciones (1,65 kg)","12,00 € /ud.",87598," 7,273 €/kg"
Panadería y pastelería,Tartas y pasteles,Tarta selva negra Hacendado congelada,"30 raciones (1,9 kg)","13,90 € /ud.",87602," 7,316 €/kg"
Panadería y pastelería,Tartas y pasteles,Mousse de limón Hacendado congelado,9 raciones (805 g),"11,00 € /ud.",87604," 13,665 €/kg"
Panadería y pastelería,Tartas y pasteles,Trenza hojaldre de mantequilla Hacendado congelada,Bandeja 430 g,"7,50 €7,00 € /ud.",87616," 16,28 €/kg"
Panadería y pastelería,Tartas y pasteles,Tarta Reina Hacendado congelada,8 raciones (670 g),"9,00 € /ud.",22551," 13,433 €/kg"
Panadería y pastelería,Tartas y pasteles,Tarta crema avellana blanca Hacendado congelada,10 raciones (880 g),"9,50 € /ud.",67978," 10,796 €/kg"
Panadería y pastelería,Tartas y pasteles,Tarta infantil Paw Patrol Hacendado congelada,8 raciones (635 g),"8,50 € /ud.",87683," 13,386 €/kg"
Panadería y pastelería,Tartas y pasteles,Tarta infantil Barbie Hacendado congelada,"20 raciones (1,4 kg)","13,80 € /ud.",86224," 9,858 €/kg"
Panadería y pastelería,Tartas y pasteles,Tarta infantil Justice League Hacendado congelada,"20 raciones (1,4 kg)","13,80 € /ud.",86226," 9,858 €/kg"
Panadería y pastelería,Velas y decoración,Vela de cumpleaños 0 Hacendado,Paquete 1 ud.,"0,75 € /ud.",49970," 0,75 €/ud"
Panadería y pastelería,Velas y decoración,Vela de cumpleaños 1 Hacendado,Paquete 1 ud.,"0,75 € /ud.",49971," 0,75 €/ud"
Panadería y pastelería,Velas y decoración,Vela de cumpleaños 2 Hacendado,Paquete 1 ud.,"0,75 € /ud.",49972," 0,75 €/ud"
Panadería y pastelería,Velas y decoración,Vela de cumpleaños 3 Hacendado,Paquete 1 ud.,"0,75 € /ud.",49973," 0,75 €/ud"
Panadería y pastelería,Velas y decoración,Vela de cumpleaños 4 Hacendado,Paquete 1 ud.,"0,75 € /ud.",49974," 0,75 €/ud"
Panadería y pastelería,Velas y decoración,Vela de cumpleaños 5 Hacendado,Paquete 1 ud.,"0,75 € /ud.",49975," 0,75 €/ud"
Panadería y pastelería,Velas y decoración,Vela de cumpleaños 6 Hacendado,Paquete 1 ud.,"0,75 € /ud.",49976," 0,75 €/ud"
Panadería y pastelería,Velas y decoración,Vela de cumpleaños 7 Hacendado,Paquete 1 ud.,"0,75 € /ud.",49977," 0,75 €/ud"
Panadería y pastelería,Velas y decoración,Vela de cumpleaños 8 Hacendado,Paquete 1 ud.,"0,75 € /ud.",49978," 0,75 €/ud"
Panadería y pastelería,Velas y decoración,Vela de cumpleaños 9 Hacendado,Paquete 1 ud.,"0,75 € /ud.",49979," 0,75 €/ud"
Panadería y pastelería,Velas y decoración,Velas de cumpleaños Hacendado,Paquete 20 velas,"0,90 € /ud.",49157," 0,045 €/ud"
Panadería y pastelería,Velas y decoración,Almendra molida Hacendado,Paquete 125 g,"2,07 € /ud.",34921," 16,56 €/kg"
Panadería y pastelería,Velas y decoración,Coco rallado Hacendado,Paquete 125 g,"1,10 € /ud.",34035," 8,80 €/kg"
Panadería y pastelería,Velas y decoración,Caramelo líquido Hacendado,Bote 300 g,"1,75 € /ud.",32316," 5,834 €/kg"
Panadería y pastelería,Velas y decoración,Fideos de chocolate Hacendado,Paquete 100 g,"1,45 € /ud.",32227," 14,50 €/kg"
Panadería y pastelería,Velas y decoración,Azúcar vainillado Hacendado,Paquete 120 g,"1,00 € /ud.",32525," 8,334 €/kg"
Panadería y pastelería,Velas y decoración,Kit decoración Hacendado,1 ud.,"1,90 € /ud.",49167," 1,90 €/ud"
Panadería y pastelería,Velas y decoración,Cacahuete +Proteínas en polvo desgrasado Hacendado 14 g proteínas 70% reducido en grasa,Paquete 200 g,"2,75 € /ud.",13738," 13,75 €/kg"
Panadería y pastelería,Velas y decoración,Sirope de chocolate Hacendado,Bote 300 g,"2,20 €2,15 € /ud.",67613," 7,167 €/kg"
Panadería y pastelería,Velas y decoración,Almendra palitos Hacendado,Paquete 100 g,"1,65 € /ud.",52928," 16,50 €/kg"
Pizzas y platos preparados,Listo para Comer,Tortilla de patata con calabacín Listo para Comer,"1,3 kg","8,00 € /ud.",10882," 8,00 €/ud"
Pizzas y platos preparados,Listo para Comer,Media tortilla de patata con calabacín Listo para Comer,650 g aprox.,"4,50 € /ud.",60128," 6,924 €/kg"
Pizzas y platos preparados,Listo para Comer,Pincho tortilla de patata con calabacín Listo para Comer,215 g aprox.,"2,00 € /ud.",60095," 9,26 €/kg"
Pizzas y platos preparados,Listo para Comer,Tortilla de patata con cebolla Listo para Comer,"1,3 kg","8,00 € /ud.",10738," 8,00 €/ud"
Pizzas y platos preparados,Listo para Comer,Media tortilla de patata con cebolla Listo para Comer,650 g aprox.,"4,50 € /ud.",60127," 6,924 €/kg"
Pizzas y platos preparados,Listo para Comer,Pincho tortilla de patata con cebolla Listo para Comer,215 g aprox.,"2,00 € /ud.",60093," 9,26 €/kg"
Pizzas y platos preparados,Listo para Comer,Pollo teriyaki,Bol 300 g,"5,00 € /ud.",4588," 16,667 €/kg"
Pizzas y platos preparados,Listo para Comer,Noodles Yakisoba con carne y verduras,Bol 300 g,"4,50 € /ud.",4587," 15,00 €/kg"
Pizzas y platos preparados,Listo para Comer,Canapés de tartaletas congelados Listo para Comer,Bandeja 18 ud. (280 g),"15,00 € /ud.",86686," 15,00 €/ud"
Pizzas y platos preparados,Listo para Comer,Lentejas Listo para Comer,Bol 485 g,"4,00 € /ud.",88407," 4,00 €/ud"
Pizzas y platos preparados,Listo para Comer,Ensaladilla rusa grande Listo para Comer,"Bandeja 1,75 kg","12,00 € /ud.",5561," 12,00 €/ud"
Pizzas y platos preparados,Listo para Comer,Ensaladilla rusa mediana Listo para Comer,Bandeja 580 g aprox.,"5,00 € /ud.",60226," 5,00 €/ud"
Pizzas y platos preparados,Listo para Comer,Ensaladilla rusa pequeña Listo para Comer,Bandeja 350 g aprox.,"3,50 € /ud.",60212," 3,50 €/ud"
Pizzas y platos preparados,Listo para Comer,Ensalada de pasta Listo para Comer,Bol 340 g,"4,00 € /ud.",60221," 4,00 €/ud"
Pizzas y platos preparados,Listo para Comer,Brioche Listo para Comer,160 g,"3,00 € /ud.",80361," 18,75 €/kg"
Pizzas y platos preparados,Listo para Comer,Poke salmón,Bol 400 g,"5,50 € /ud.",4585," 13,75 €/kg"
Pizzas y platos preparados,Listo para Comer,Surtido sushi Bento grande,Bandeja 310 g,"10,75 € /ud.",4578," 34,678 €/kg"
Pizzas y platos preparados,Listo para Comer,Surtido sushi Bento pequeño,Bandeja 160 g,"6,75 € /ud.",4583," 42,188 €/kg"
Pizzas y platos preparados,Listo para Comer,Surtido sushi Bento mix,Bandeja 350 g,"8,75 € /ud.",5695," 25,00 €/kg"
Pizzas y platos preparados,Pizzas,Pizza jamón y queso Hacendado,415 g,"2,50 € /ud.",63581," 6,025 €/kg"
Pizzas y platos preparados,Pizzas,Pizza jamón y queso familiar Hacendado,600 g,"3,50 €3,40 € /ud.",63627," 5,667 €/kg"
Pizzas y platos preparados,Pizzas,Pizza jamón y queso Hacendado,2 ud. x 220 g,"2,90 € /pack",63593," 6,591 €/kg"
Pizzas y platos preparados,Pizzas,Pizza barbacoa Hacendado,415 g,"2,50 € /ud.",63613," 6,025 €/kg"
Pizzas y platos preparados,Pizzas,Pizza barbacoa familiar Hacendado,600 g,"3,50 €3,40 € /ud.",63629," 5,667 €/kg"
Pizzas y platos preparados,Pizzas,Pizza 4 quesos Hacendado,410 g,"2,90 € /ud.",63580," 7,074 €/kg"
Pizzas y platos preparados,Pizzas,Pizza 4 quesos familiar Hacendado,580 g,"3,50 €3,40 € /ud.",63628," 5,863 €/kg"
Pizzas y platos preparados,Pizzas,Pizza 4 quesos Hacendado,2 ud. x 210 g,"2,90 € /pack",63592," 6,905 €/kg"
Pizzas y platos preparados,Pizzas,Pizza serrana Hacendado,400 g,"2,90 € /ud.",63551," 7,25 €/kg"
Pizzas y platos preparados,Pizzas,Pizza carbonara Hacendado,430 g,"2,90 € /ud.",63653," 6,745 €/kg"
Pizzas y platos preparados,Pizzas,Pizza carbonara familiar Hacendado,600 g,"3,50 €3,40 € /ud.",63632," 5,667 €/kg"
Pizzas y platos preparados,Pizzas,Pizza mediterránea Hacendado,430 g,"2,90 € /ud.",63634," 6,745 €/kg"
Pizzas y platos preparados,Pizzas,Pizza pepperoni Hacendado,410 g,"2,90 € /ud.",63556," 7,074 €/kg"
Pizzas y platos preparados,Pizzas,Pizza atún y bacón Hacendado,415 g,"2,90 € /ud.",63582," 6,988 €/kg"
Pizzas y platos preparados,Pizzas,Pizza atún y bacón Hacendado,2 ud. x 220 g,"2,90 € /pack",56647," 6,591 €/kg"
Pizzas y platos preparados,Pizzas,Pizza pollo Hacendado,430 g,"2,90 € /ud.",63529," 6,745 €/kg"
Pizzas y platos preparados,Pizzas,Pizza romana Hacendado con champiñones salteados,430 g,"2,90 € /ud.",63503," 6,745 €/kg"
Pizzas y platos preparados,Pizzas,Pizza margarita Hacendado,340 g,"2,20 € /ud.",63585," 6,471 €/kg"
Pizzas y platos preparados,Pizzas,Pizza jamón y queso sin gluten y sin lactosa Hacendado,420 g,"3,20 € /ud.",63514," 7,62 €/kg"
Pizzas y platos preparados,Pizzas,Pizza pollo y bacón Hacendado,420 g,"2,90 € /ud.",63645," 6,905 €/kg"
Pizzas y platos preparados,Pizzas,Pizza Calzone con jamón cocido y queso Hacendado,Caja 400 g,"3,80 € /ud.",22549," 9,50 €/kg"
Pizzas y platos preparados,Pizzas,Pizza Prosciutto Hacendado jamón y queso,Caja 400 g,"4,00 €3,90 € /ud.",22343," 9,75 €/kg"
Pizzas y platos preparados,Pizzas,Pizza Formaggi Hacendado 4 quesos,Caja 400 g,"4,00 €3,90 € /ud.",67947," 9,75 €/kg"
Pizzas y platos preparados,Pizzas,Pizzas tomate y queso Hacendado ultracongeladas,2 ud. x 285 g,"2,40 € /pack",63597," 4,211 €/kg"
Pizzas y platos preparados,Pizzas,Pizza boloñesa Hacendado ultracongelada,400 g,"2,60 € /ud.",63559," 6,50 €/kg"
Pizzas y platos preparados,Pizzas,Pizza Pepperoni barbacoa Hacendado ultracongelada,540 g,"3,50 € /ud.",22648," 6,482 €/kg"
Pizzas y platos preparados,Pizzas,Pizza masa fina 4 quesos Hacendado ultracongelada,390 g,"2,50 € /ud.",63340," 6,411 €/kg"
Pizzas y platos preparados,Pizzas,Pizza atún Hacendado ultracongelada,390 g,"2,60 € /ud.",63501," 6,667 €/kg"
Pizzas y platos preparados,Pizzas,Pizza masa fina jamón Hacendado ultracongelada,400 g,"2,50 € /ud.",63339," 6,25 €/kg"
Pizzas y platos preparados,Pizzas,Pizza americana rellena de cheddar Hacendado ultracongelada,540 g,"3,50 € /ud.",63643," 6,482 €/kg"
Pizzas y platos preparados,Pizzas,Pizza 4 quesos sin gluten y sin lactosa Hacendado ultracongelada,410 g,"3,10 € /ud.",63623," 7,561 €/kg"
Pizzas y platos preparados,Pizzas,Pizza masa fina carbonara Hacendado ultracongelada,390 g,"2,50 € /ud.",52511," 6,411 €/kg"
Pizzas y platos preparados,Pizzas,Pizza masa fina Barbacoa Hacendado ultracongelada,390 g,"2,50 € /ud.",22649," 6,411 €/kg"
Pizzas y platos preparados,Pizzas,Masa pizza fresca familiar Hacendado,Paquete 400 g,"1,80 € /ud.",52454," 4,50 €/kg"
Pizzas y platos preparados,Pizzas,Bases de pizza artesanas extrafinas y crujientes Hacendado ultracongeladas,Paquete 3 ud. (420 g),"1,90 € /ud.",63648," 4,524 €/kg"
Pizzas y platos preparados,Pizzas,Bases de pizza sin gluten sin lactosa Hacendado ultracongeladas,Paquete 2 ud. (400 g),"4,00 € /ud.",63606," 10,00 €/kg"
Pizzas y platos preparados,Pizzas,Piadinas pan estilo italiano Hacendado,Paquete 4 ud. (320 g),"2,20 €2,10 € /ud.",80894," 6,563 €/kg"
Pizzas y platos preparados,Pizzas,Masa fresca pizza Hacendado,2 paquetes x 260 g,"2,40 € /pack",63460," 4,616 €/kg"
Pizzas y platos preparados,Pizzas,Masa fresca pizza de cereales y semillas Hacendado,2 paquetes x 260 g,"2,60 € /pack",63477," 5,00 €/kg"
Pizzas y platos preparados,Pizzas,Rosca jamón serrano y queso emmental Hacendado,450 g,"3,50 € /ud.",35851," 7,778 €/kg"
Pizzas y platos preparados,Pizzas,Quiche verduras Hacendado,390 g,"3,00 €2,90 € /ud.",63532," 7,436 €/kg"
Pizzas y platos preparados,Pizzas,"Rosca lomo, bacón y queso emmental Hacendado",480 g,"3,50 € /ud.",35822," 7,292 €/kg"
Pizzas y platos preparados,Pizzas,Quiche york y bacón Hacendado,380 g,"3,00 €2,90 € /ud.",63526," 7,632 €/kg"
Pizzas y platos preparados,Pizzas,"Focaccia con queso, romero y tomillo Hacendado",2 ud. x 150 g,"1,80 € /pack",63509," 6,00 €/kg"
Pizzas y platos preparados,Platos preparados calientes,Lasaña boloñesa familiar Hacendado,Bandeja 700 g,"4,80 € /ud.",4488," 6,858 €/kg"
Pizzas y platos preparados,Platos preparados calientes,Lasaña boloñesa Hacendado,Bandeja 350 g,"2,65 € /ud.",4487," 7,572 €/kg"
Pizzas y platos preparados,Platos preparados calientes,Lasaña de espinacas y requesón Hacendado,Bandeja 350 g,"3,00 € /ud.",4491," 8,572 €/kg"
Pizzas y platos preparados,Platos preparados calientes,Canelones de carne y boletus Hacendado,Bandeja 350 g,"3,90 €3,75 € /ud.",4493," 10,715 €/kg"
Pizzas y platos preparados,Platos preparados calientes,Lasaña de salmón y brócoli Hacendado,Bandeja 350 g,"3,90 €3,75 € /ud.",4494," 10,715 €/kg"
Pizzas y platos preparados,Platos preparados calientes,Spaghetti carbonara Hacendado,Bandeja 280 g,"2,20 € /ud.",4265," 7,858 €/kg"
Pizzas y platos preparados,Platos preparados calientes,Canelones de carne Casa Mas,Bandeja 6 ud. (700 g),"5,50 € /ud.",35317," 7,858 €/kg"
Pizzas y platos preparados,Platos preparados calientes,Macarrones con queso Hacendado,Bandeja 280 g,"2,60 € /ud.",52507," 9,286 €/kg"
Pizzas y platos preparados,Platos preparados calientes,Arroz cocido basmati Sabroz,2 vasitos x 125 g,"1,20 € /pack",22280," 4,80 €/kg"
Pizzas y platos preparados,Platos preparados calientes,Arroz cocido integral Sabroz,2 vasitos x 125 g,"1,15 € /pack",22281," 4,60 €/kg"
Pizzas y platos preparados,Platos preparados calientes,Quinoa cocida blanca y roja Sabroz,2 vasitos x 125 g,"1,50 € /pack",22278," 6,00 €/kg"
Pizzas y platos preparados,Platos preparados calientes,Arroz cocido redondo Sabroz,2 vasitos x 125 g,"1,15 € /pack",22279," 4,60 €/kg"
Pizzas y platos preparados,Platos preparados calientes,Arroz de secreto ibérico con setas Hacendado,Bandeja 280 g,"3,00 € /ud.",22767," 10,715 €/kg"
Pizzas y platos preparados,Platos preparados calientes,Pollo al curry Hacendado con arroz basmati,Bandeja 280 g,"2,85 € /ud.",4498," 10,179 €/kg"
Pizzas y platos preparados,Platos preparados calientes,Pollo asado Hacendado,Paquete 1 kg aprox.,"5,20 € /ud.",13706," 5,20 €/kg"
Pizzas y platos preparados,Platos preparados calientes,Roti de pollo relleno de jamón y queso Hacendado,Paquete 375 g,"3,00 € /ud.",13713," 8,00 €/kg"
Pizzas y platos preparados,Platos preparados calientes,Pollo asado troceado Hacendado,"Paquete 1,3 kg aprox.","7,87 € /ud.",13707," 6,05 €/kg"
Pizzas y platos preparados,Platos preparados calientes,Codillo de cerdo asado Hacendado,Paquete 1 kg aprox.,"6,50 € /ud.",13710," 6,50 €/kg"
Pizzas y platos preparados,Platos preparados calientes,Alitas de pollo asadas Hacendado,Bote 500 g aprox.,"4,40 € /ud.",13705," 8,80 €/kg"
Pizzas y platos preparados,Platos preparados calientes,Muslo de pato confitado Hacendado,Bandeja 300 g aprox.,"6,30 € /ud.",13708," 21,00 €/kg"
Pizzas y platos preparados,Platos preparados calientes,Albóndigas guisadas Hacendado,Bandeja 275 g,"2,75 € /ud.",4797," 10,00 €/kg"
Pizzas y platos preparados,Platos preparados calientes,Costillas de cerdo a la barbacoa cortadas Hacendado,Bote 500 g aprox.,"6,25 € /ud.",13709," 12,50 €/kg"
Pizzas y platos preparados,Platos preparados calientes,Pies de cerdo asados Noel,Paquete 900 g aprox.,"5,27 € /ud.",4001," 5,85 €/kg"
Pizzas y platos preparados,Platos preparados calientes,Migas Hacendado,Bandeja 220 g,"1,90 €1,70 € /ud.",23289," 7,728 €/kg"
Pizzas y platos preparados,Platos preparados calientes,Pollo teriyaki,Bol 300 g,"5,00 € /ud.",4588," 16,667 €/kg"
Pizzas y platos preparados,Platos preparados calientes,Tortilla de patata y cebolla Hacendado,Bandeja 600 g,"2,60 € /ud.",80895," 4,334 €/kg"
Pizzas y platos preparados,Platos preparados calientes,Tortilla de patata Hacendado,Bandeja 600 g,"2,60 € /ud.",80771," 4,334 €/kg"
Pizzas y platos preparados,Platos preparados calientes,Tortilla de patata con chorizo Hacendado,Bandeja 600 g,"3,20 € /ud.",80773," 5,334 €/kg"
Pizzas y platos preparados,Platos preparados calientes,Tortilla de patata con cebolla Listo para Comer,"1,3 kg","8,00 € /ud.",10738," 8,00 €/ud"
Pizzas y platos preparados,Platos preparados calientes,Media tortilla de patata con cebolla Listo para Comer,650 g aprox.,"4,50 € /ud.",60127," 6,924 €/kg"
Pizzas y platos preparados,Platos preparados calientes,Pincho tortilla de patata con cebolla Listo para Comer,215 g aprox.,"2,00 € /ud.",60093," 9,26 €/kg"
Pizzas y platos preparados,Platos preparados calientes,Tortilla de patata con calabacín Listo para Comer,"1,3 kg","8,00 € /ud.",10882," 8,00 €/ud"
Pizzas y platos preparados,Platos preparados calientes,Media tortilla de patata con calabacín Listo para Comer,650 g aprox.,"4,50 € /ud.",60128," 6,924 €/kg"
Pizzas y platos preparados,Platos preparados calientes,Pincho tortilla de patata con calabacín Listo para Comer,215 g aprox.,"2,00 € /ud.",60095," 9,26 €/kg"
Pizzas y platos preparados,Platos preparados calientes,Fideos orientales Yakisoba classic Gallina Blanca,Vaso 93 g,"1,95 € /ud.",8648," 20,968 €/kg"
Pizzas y platos preparados,Platos preparados calientes,Fideos orientales Yatekomo sabor pollo Gallina Blanca,3 vasos x 60 g,"3,95 € /pack",8645," 21,945 €/kg"
Pizzas y platos preparados,Platos preparados calientes,Fideos orientales Yatekomo sabor pollo Gallina Blanca,Vaso 60 g,"1,55 € /ud.",8618," 25,834 €/kg"
Pizzas y platos preparados,Platos preparados calientes,Fideos orientales Yakisoba sabor soja Hacendado,Vaso 80 g,"1,30 € /ud.",8727," 16,25 €/kg"
Pizzas y platos preparados,Platos preparados calientes,Pasta oriental sabor pollo Maggi,Paquete 71 g,"0,90 € /ud.",86514," 12,677 €/kg"
Pizzas y platos preparados,Platos preparados calientes,Fideos orientales Yakisoba sabor soja Hacendado,Paquete 90 g,"0,90 € /ud.",8730," 10,00 €/kg"
Pizzas y platos preparados,Platos preparados calientes,Fideos orientales sabor pollo Hacendado,Vaso 65 g,"0,95 €0,85 € /ud.",22453," 13,077 €/kg"
Pizzas y platos preparados,Platos preparados calientes,Fideos orientales sabor picante Hacendado,Vaso 65 g,"1,00 € /ud.",22455," 15,385 €/kg"
Pizzas y platos preparados,Platos preparados calientes,Fideos orientales sabor ternera asada Hacendado,Paquete 65 g,"0,75 € /ud.",35622," 11,539 €/kg"
Pizzas y platos preparados,Platos preparados calientes,Callos a la madrileña Hacendado,Lata 380 g,"2,60 €2,30 € /ud.",67786," 5,975 €/kg"
Pizzas y platos preparados,Platos preparados calientes,Fabada Hacendado,Bote 420 g,"1,50 €1,45 € /ud.",35590," 3,453 €/kg"
Pizzas y platos preparados,Platos preparados calientes,Fabada Hacendado,Bote 860 g,"2,90 €2,80 € /ud.",26108," 3,256 €/kg"
Pizzas y platos preparados,Platos preparados calientes,Lentejas a la riojana Hacendado,Bote 420 g,"1,35 € /ud.",26101," 3,215 €/kg"
Pizzas y platos preparados,Platos preparados calientes,Lentejas a la jardinera Hacendado,Bote 420 g,"1,15 € /ud.",26116," 2,739 €/kg"
Pizzas y platos preparados,Platos preparados calientes,Fabada asturiana Litoral,Bote 420 g,"2,50 €2,25 € /ud.",22726," 5,358 €/kg"
Pizzas y platos preparados,Platos preparados calientes,Albóndigas en salsa Hacendado,Bote 420 g,"1,80 €1,70 € /ud.",23138," 4,048 €/kg"
Pizzas y platos preparados,Platos preparados calientes,Alubias a la jardinera Hacendado,Bote 420 g,"1,15 € /ud.",26114," 2,739 €/kg"
Pizzas y platos preparados,Platos preparados calientes,Garbanzos a la riojana Hacendado,Bote 420 g,"1,35 € /ud.",26174," 3,215 €/kg"
Pizzas y platos preparados,Platos preparados calientes,Garbanzos a la jardinera Hacendado,Bote 420 g,"1,15 € /ud.",26110," 2,739 €/kg"
Pizzas y platos preparados,Platos preparados calientes,Cocido madrileño Hacendado,Bote 420 g,"1,80 € /ud.",26103," 4,286 €/kg"
Pizzas y platos preparados,Platos preparados calientes,Albóndigas de pollo Hacendado,Bote 420 g,"1,80 €1,70 € /ud.",23139," 4,048 €/kg"
Pizzas y platos preparados,Platos preparados calientes,Alubias con tomate Heinz,Bote 415 g,"1,50 € /ud.",26138," 3,615 €/kg"
Pizzas y platos preparados,Platos preparados calientes,Lentejas Listo para Comer,Bol 485 g,"4,00 € /ud.",88407," 4,00 €/ud"
Pizzas y platos preparados,Platos preparados calientes,Hamburguesa de ternera con bacon y queso Hacendado,Caja 220 g,"2,65 € /ud.",22165," 12,046 €/kg"
Pizzas y platos preparados,Platos preparados calientes,Patatas bravas con allioli y salsa picante Hacendado,Bandeja 490 g,"2,50 € /ud.",80707," 5,103 €/kg"
Pizzas y platos preparados,Platos preparados calientes,Hamburguesas vegetales Hacendado con berenjenas,Paquete 2 ud. (200 g),"2,40 € /ud.",86510," 12,00 €/kg"
Pizzas y platos preparados,Platos preparados calientes,Mini hamburguesas vegetales Hacendado con espinacas y zanahoria,Paquete 4 ud. (200 g),"2,40 € /ud.",86511," 12,00 €/kg"
Pizzas y platos preparados,Platos preparados calientes,Seitán Hacendado,Paquete 250 g,"3,10 € /ud.",86527," 12,40 €/kg"
Pizzas y platos preparados,Platos preparados calientes,Empanados vegetales con proteina de soja Tivall,Bandeja 2 ud. (180 g),"3,00 €2,80 € /ud.",23249," 15,556 €/kg"
Pizzas y platos preparados,Platos preparados calientes,Nuggets vegetales estilo pollo Hacendado a base de proteina de soja,Bandeja 180 g,"2,40 € /ud.",60530," 13,334 €/kg"
Pizzas y platos preparados,Platos preparados fríos,Gazpacho tradicional Hacendado,3 mini bricks x 330 ml,"2,20 € /pack",39934," 2,223 €/L"
Pizzas y platos preparados,Platos preparados fríos,Gazpacho tradicional Hacendado,Botella 1 L,"1,80 € /ud.",15604," 1,80 €/L"
Pizzas y platos preparados,Platos preparados fríos,Salmorejo al estilo cordobés Hacendado,3 mini bricks x 330 ml,"2,70 € /pack",39903," 2,728 €/L"
Pizzas y platos preparados,Platos preparados fríos,Salmorejo al estilo cordobés Hacendado,Brick 1 L,"2,30 € /ud.",39902," 2,30 €/L"
Pizzas y platos preparados,Platos preparados fríos,Gazpacho fresco Hacendado,Botella 1 L,"3,00 € /ud.",39900," 3,00 €/L"
Pizzas y platos preparados,Platos preparados fríos,Gazpacho fresco Hacendado,Botella 330 ml,"1,20 € /ud.",39965," 3,637 €/L"
Pizzas y platos preparados,Platos preparados fríos,Salmorejo fresco Hacendado,Botella 1 L,"3,30 € /ud.",39901," 3,30 €/L"
Pizzas y platos preparados,Platos preparados fríos,Salmorejo fresco Hacendado,Botella 330 ml,"1,30 € /ud.",39966," 3,94 €/L"
Pizzas y platos preparados,Platos preparados fríos,Ensaladilla de cangrejo Hacendado,Tarrina 250 g,"1,80 € /ud.",80782," 7,20 €/kg"
Pizzas y platos preparados,Platos preparados fríos,Ensaladilla rusa Hacendado,Tarrina 500 g,"3,00 € /ud.",80795," 6,00 €/kg"
Pizzas y platos preparados,Platos preparados fríos,Ensaladilla rusa Hacendado,Tarrina 250 g,"1,80 € /ud.",80784," 7,20 €/kg"
Pizzas y platos preparados,Platos preparados fríos,Ensaladilla americana Hacendado,Tarrina 250 g,"1,50 € /ud.",80781," 6,00 €/kg"
Pizzas y platos preparados,Platos preparados fríos,Patatas con allioli Hacendado,Tarrina 250 g,"1,55 € /ud.",67798," 6,20 €/kg"
Pizzas y platos preparados,Platos preparados fríos,Untapán de cangrejo Hacendado,Tarrina 250 g,"2,00 € /ud.",22770," 8,00 €/kg"
Pizzas y platos preparados,Platos preparados fríos,Ensaladilla rusa grande Listo para Comer,"Bandeja 1,75 kg","12,00 € /ud.",5561," 12,00 €/ud"
Pizzas y platos preparados,Platos preparados fríos,Ensaladilla rusa mediana Listo para Comer,Bandeja 580 g aprox.,"5,00 € /ud.",60226," 5,00 €/ud"
Pizzas y platos preparados,Platos preparados fríos,Ensaladilla rusa pequeña Listo para Comer,Bandeja 350 g aprox.,"3,50 € /ud.",60212," 3,50 €/ud"
Pizzas y platos preparados,Platos preparados fríos,Hummus de garbanzos Hacendado receta clásica,Tarrina 240 g,"1,05 € /ud.",80858," 4,375 €/kg"
Pizzas y platos preparados,Platos preparados fríos,Hummus de garbanzos Hacendado con pimiento del piquillo asado,Tarrina 240 g,"1,45 € /ud.",80862," 6,042 €/kg"
Pizzas y platos preparados,Platos preparados fríos,Hummus de garbanzos Hacendado con olivas de kalamata,Tarrina 240 g,"1,45 € /ud.",80892," 6,042 €/kg"
Pizzas y platos preparados,Platos preparados fríos,Tofu firme Frias,Paquete 400 g (275 g escurrido),"1,90 € /ud.",51097," 6,91 €/kg"
Pizzas y platos preparados,Platos preparados fríos,Tabulé oriental Hacendado,Tarrina 250 g,"1,50 € /ud.",80794," 6,00 €/kg"
Pizzas y platos preparados,Platos preparados fríos,Pastel de atún Hacendado,Bandeja 260 g,"2,90 € /ud.",4798," 11,154 €/kg"
Pizzas y platos preparados,Platos preparados fríos,Tsatsiki Hacendado,Tarrina 220 g,"1,90 € /ud.",80980," 8,637 €/kg"
Pizzas y platos preparados,Platos preparados fríos,Sándwich pollo y queso Hacendado,Paquete 185 g,"1,95 €1,85 € /ud.",86588," 10,00 €/kg"
Pizzas y platos preparados,Platos preparados fríos,"Sándwich atún, huevo y tomate Hacendado",Paquete 185 g,"1,80 € /ud.",4106," 9,73 €/kg"
Pizzas y platos preparados,Platos preparados fríos,Sándwiches jamón y queso Hacendado,Paquete 4 ud. (480 g),"2,80 € /ud.",59032," 5,834 €/kg"
Pizzas y platos preparados,Platos preparados fríos,Brioche Listo para Comer,160 g,"3,00 € /ud.",80361," 18,75 €/kg"
Postres y yogures,Bífidus,Bífidus desnatado con nueces y cereales Hacendado 0% m.g.,4 ud. x 125 g,"1,30 € /pack",21329," 2,60 €/kg"
Postres y yogures,Bífidus,Bífidus desnatado probiótico con kiwi Hacendado 0% m.g. 0% sin azúcares añadidos,4 ud. x 125 g,"1,30 € /pack",21318," 2,60 €/kg"
Postres y yogures,Bífidus,Bífidus cremoso desnatado Tropical Hacendado 0% m.g. 0% sin azúcares añadidos,4 ud. x 125 g,"1,30 € /pack",21319," 2,60 €/kg"
Postres y yogures,Bífidus,Bífidus desnatado probiótico con frutos silvestres Hacendado 0% m.g. 0% sin azúcares añadidos,4 ud. x 125 g,"1,30 € /pack",21330," 2,60 €/kg"
Postres y yogures,Bífidus,Bífidus probiótico con cereales y fibras Hacendado,4 ud. x 125 g,"1,30 € /pack",21327," 2,60 €/kg"
Postres y yogures,Bífidus,Bífidus desnatado probiótico con piña Hacendado 0% m.g. 0% sin azúcares añadidos,4 ud. x 125 g,"1,30 € /pack",21332," 2,60 €/kg"
Postres y yogures,Bífidus,Bífidus desnatado probiótico con pera Hacendado 0% m.g. 0% sin azúcares añadidos,4 ud. x 125 g,"1,30 € /pack",21331," 2,60 €/kg"
Postres y yogures,Bífidus,Bífidus probiótico con mango Hacendado,4 ud. x 125 g,"1,30 € /pack",21311," 2,60 €/kg"
Postres y yogures,Bífidus,Bífidus probiótico con ciruelas pasas Hacendado,4 ud. x 125 g,"1,30 € /pack",21312," 2,60 €/kg"
Postres y yogures,Bífidus,Bífidus cremoso con lima y limón Activia,4 ud. x 115 g,"2,40 €1,95 € /pack",20324," 4,24 €/kg"
Postres y yogures,Bífidus,Bífidus cremoso probiótico con coco Hacendado,4 ud. x 125 g,"1,30 € /pack",67977," 2,60 €/kg"
Postres y yogures,Bífidus,Bífidus cremoso desnatado vainilla Activia 0% m.g 0% sin azúcares añadidos,4 ud. x 115 g,"2,40 €1,95 € /pack",52627," 4,24 €/kg"
Postres y yogures,Bífidus,Bífidus desnatado natural Hacendado 0% m.g 0% sin azúcares añadidos,6 ud. x 125 g,"1,35 €1,30 € /pack",21193," 1,734 €/kg"
Postres y yogures,Bífidus,Bífidus cremoso desnatado natural edulcorado Hacendado 0% m.g 0% sin azúcares añadidos,6 ud. x 125 g,"1,55 € /pack",21377," 2,067 €/kg"
Postres y yogures,Bífidus,Bífidus desnatado natural edulcorado Activia 0% m.g.,8 ud. x 120 g,"4,00 € /pack",23476," 4,167 €/kg"
Postres y yogures,Bífidus,Bífidus natural Hacendado,6 ud. x 125 g,"1,40 €1,35 € /pack",21307," 1,80 €/kg"
Postres y yogures,Bífidus,Bífidus desnatado natural Activia 0% m.g.,8 ud. x 120 g,"4,00 € /pack",23477," 4,167 €/kg"
Postres y yogures,Bífidus,Bífidus natural probiótico azucarado Hacendado con cereales y fresas deshidratadas,Tarrina 170 g,"1,20 € /ud.",20859," 7,059 €/kg"
Postres y yogures,Bífidus,"Bífidus natural probiótico Hacendado con coco, almendras y chocolate",Tarrina 180 g,"1,30 €1,25 € /ud.",21336," 6,945 €/kg"
Postres y yogures,Flan y natillas,Flan de vainilla con caramelo Hacendado,6 ud. x 100 g,"1,00 € /pack",68106," 1,667 €/kg"
Postres y yogures,Flan y natillas,Flan de huevo Hacendado,9 ud. x 100 g,"3,00 € /pack",68204," 3,334 €/kg"
Postres y yogures,Flan y natillas,Flan de huevo Hacendado,4 ud. x 100 g,"1,35 € /pack",68149," 3,375 €/kg"
Postres y yogures,Flan y natillas,Flan de café Hacendado,4 ud. x 100 g,"1,75 € /pack",67633," 4,375 €/kg"
Postres y yogures,Flan y natillas,Flan de queso Hacendado,4 ud. x 100 g,"2,00 €1,90 € /pack",68116," 4,75 €/kg"
Postres y yogures,Flan y natillas,Flan de huevo sin azúcares añadidos Hacendado,4 ud. x 100 g,"1,60 € /pack",68265," 4,00 €/kg"
Postres y yogures,Flan y natillas,Flan de huevo +Proteínas Hacendado 0% m.g 10 g proteínas,4 ud. x 100 g,"2,00 € /pack",67635," 5,00 €/kg"
Postres y yogures,Flan y natillas,Flan bicapa caramelo Hacendado,2 ud. x 100 g,"1,60 € /pack",35749," 8,00 €/kg"
Postres y yogures,Flan y natillas,Natillas sabor vainilla Hacendado,4 ud. x 125 g,"1,05 € /pack",68137," 2,10 €/kg"
Postres y yogures,Flan y natillas,Natillas sabor vainilla con galleta Hacendado,4 ud. x 125 g,"1,25 € /pack",68266," 2,50 €/kg"
Postres y yogures,Flan y natillas,Natillas de chocolate con leche Hacendado,4 ud. x 125 g,"1,05 € /pack",68138," 2,10 €/kg"
Postres y yogures,Flan y natillas,Natillas de vainilla Danet,4 ud. x 120 g,"2,00 € /pack",86245," 4,167 €/kg"
Postres y yogures,Flan y natillas,Natillas de chocolate Danet,4 ud. x 120 g,"2,00 € /pack",68243," 4,167 €/kg"
Postres y yogures,Flan y natillas,Natillas sabor vainilla +Proteínas Hacendado 12 g proteínas,4 ud. x 120 g,"1,75 € /pack",22311," 3,646 €/kg"
Postres y yogures,Flan y natillas,"Natillas con chocolate +Proteínas Hacendado 1,3 g m.g 10 g proteínas",4 ud. x 120 g,"1,75 € /pack",21061," 3,646 €/kg"
Postres y yogures,Gelatina y otros postres,Gelatina sabor fresa Hacendado,6 ud. x 100 g,"1,00 € /pack",68172," 1,667 €/kg"
Postres y yogures,Gelatina y otros postres,Gelatina 0% azúcar sabor fresa Hacendado,6 ud. x 100 g,"1,00 € /pack",35682," 1,667 €/kg"
Postres y yogures,Gelatina y otros postres,Gelatina sabor a frutos silvestres +Proteínas Hacendado 10 g proteínas 0% azúcar,4 ud. x 100 g,"1,55 € /pack",52488," 3,875 €/kg"
Postres y yogures,Gelatina y otros postres,"Gelatina 0% azúcar sabores fresa, mandarina y limón Hacendado",6 ud. x 100 g,"1,00 € /pack",35683," 1,667 €/kg"
Postres y yogures,Gelatina y otros postres,"Gelatina sabores mango, maracuyá y piña Hacendado",6 ud. x 100 g,"1,00 € /pack",68271," 1,667 €/kg"
Postres y yogures,Gelatina y otros postres,Copa crema de chocolate y nata Hacendado,4 ud. x 115 g,"1,35 €1,30 € /pack",20593," 2,827 €/kg"
Postres y yogures,Gelatina y otros postres,Arroz con leche Hacendado,4 ud. x 115 g,"1,30 € /pack",68343," 2,827 €/kg"
Postres y yogures,Gelatina y otros postres,Tiramisú Hacendado,2 ud. x 90 g,"1,30 € /pack",68170," 7,223 €/kg"
Postres y yogures,Gelatina y otros postres,"Yogur azucarado YogoMix Hacendado variado de copos maíz, bolitas y disquitos chocolateados",6 ud. x 150 g,"3,05 € /pack",28496," 3,389 €/kg"
Postres y yogures,Gelatina y otros postres,Yogur azucarado YogoMix Bolitas Hacendado con bolitas chocolateadas,2 ud. x 150 g,"1,20 € /pack",20499," 4,00 €/kg"
Postres y yogures,Gelatina y otros postres,Panna Cotta con caramelo Hacendado,4 ud. x 100 g,"1,15 € /pack",68188," 2,875 €/kg"
Postres y yogures,Gelatina y otros postres,Cuajada Hacendado,4 ud. x 125 g,"1,25 €1,20 € /pack",68322," 2,40 €/kg"
Postres y yogures,Gelatina y otros postres,Cheesecake con arándanos Hacendado,2 ud. x 95 g,"1,65 € /pack",21219," 8,685 €/kg"
Postres y yogures,Gelatina y otros postres,Tarta de queso Hacendado,Tarrina 180 g,"1,80 € /ud.",21366," 10,00 €/kg"
Postres y yogures,Gelatina y otros postres,Coulant de chocolate Hacendado,Caja 2 ud. (180 g),"2,00 € /ud.",82938," 11,112 €/kg"
Postres y yogures,Gelatina y otros postres,Crema catalana Hacendado,4 ud. x 100 g,"2,60 € /pack",67634," 6,50 €/kg"
Postres y yogures,Gelatina y otros postres,Arroz con leche Hacendado,Tarrina 450 g,"1,50 € /ud.",68331," 3,334 €/kg"
Postres y yogures,Gelatina y otros postres,Tocino de cielo Hacendado,2 ud. x 100 g,"1,50 € /pack",68348," 7,50 €/kg"
Postres y yogures,Gelatina y otros postres,Mousse sabor chocolate +Proteínas Hacendado 20 g proteínas,Bote 200 g,"1,30 € /ud.",15802," 6,50 €/kg"
Postres y yogures,Gelatina y otros postres,"Natillas con chocolate +Proteínas Hacendado 1,3 g m.g 10 g proteínas",4 ud. x 120 g,"1,75 € /pack",21061," 3,646 €/kg"
Postres y yogures,Gelatina y otros postres,Natillas sabor vainilla +Proteínas Hacendado 12 g proteínas,4 ud. x 120 g,"1,75 € /pack",22311," 3,646 €/kg"
Postres y yogures,Gelatina y otros postres,Pudding sabor caramelo +Proteínas Hacendado 12 g proteínas,4 ud. x 120 g,"1,90 € /pack",60956," 3,959 €/kg"
Postres y yogures,Gelatina y otros postres,Yogur azucarado YogoMix Discos Hacendado con disquitos chocolateados,2 ud. x 150 g,"1,20 € /pack",67766," 4,00 €/kg"
Postres y yogures,Gelatina y otros postres,Copa de chocolate y nata +Proteínas Hacendado 15 g proteínas,Bote 150 g,"1,15 € /ud.",67980," 7,667 €/kg"
Postres y yogures,Gelatina y otros postres,Yogur de chocolate YogoMix Crunchy Hacendado con bolitas chocolateadas,2 ud. x 140 g,"1,30 € /pack",52516," 4,643 €/kg"
Postres y yogures,Postres de soja,Postre de soja Hacendado sabor chocolate,4 ud. x 100 g,"1,50 € /pack",35466," 3,75 €/kg"
Postres y yogures,Postres de soja,Postre de soja Hacendado sabor vainilla,4 ud. x 100 g,"1,40 € /pack",13446," 3,50 €/kg"
Postres y yogures,Postres de soja,Postre de soja natural Alpro con coco,Bote 400 g,"2,30 €1,95 € /ud.",52513," 4,875 €/kg"
Postres y yogures,Postres de soja,Postre de soja sabor mango Alpro sin azúcares añadidos,Bote 400 g,"2,60 €2,20 € /ud.",21369," 5,50 €/kg"
Postres y yogures,Postres de soja,Postre de soja Hacendado natural,4 ud. x 100 g,"1,20 €1,15 € /pack",20200," 2,875 €/kg"
Postres y yogures,Postres de soja,Postre de coco natural Alpro,Bote 350 g,"2,60 €2,20 € /ud.",22981," 6,286 €/kg"
Postres y yogures,Postres de soja,Postre de soja Alpro Skyr Style sabor fresa,Bote 400 g,"2,60 €2,20 € /ud.",22980," 5,50 €/kg"
Postres y yogures,Postres de soja,Postre de soja sabor frutos rojos con dátiles Alpro sin azúcares añadidos,Bote 400 g,"2,60 €2,20 € /ud.",23478," 5,50 €/kg"
Postres y yogures,Yogures desnatados,Yogur natural edulcorado Hacendado 0% m.g 0% sin azúcares añadidos,6 ud. x 125 g,"1,10 € /pack",20221," 1,467 €/kg"
Postres y yogures,Yogures desnatados,Postre lácteo cremoso natural edulcorado Hacendado 0% m.g 0% sin azúcares añadidos,6 ud. x 125 g,"1,50 €1,45 € /pack",20830," 1,934 €/kg"
Postres y yogures,Yogures desnatados,Postre lácteo con fresa +Proteínas Hacendado 0% m.g 10 g proteínas,4 ud. x 120 g,"1,60 €1,55 € /pack",20996," 3,23 €/kg"
Postres y yogures,Yogures desnatados,Yogur natural Hacendado 0% m.g 0% sin azúcares,6 ud. x 125 g,"1,10 € /pack",20210," 1,467 €/kg"
Postres y yogures,Yogures desnatados,Postre lácteo con arándanos +Proteínas Hacendado 0% m.g 10 g proteínas,4 ud. x 120 g,"1,60 €1,55 € /pack",21073," 3,23 €/kg"
Postres y yogures,Yogures desnatados,Postre lácteo con fruta Hacendado 0% m.g 0% sin azúcares añadidos,8 ud. x 125 g,"2,05 € /pack",86087," 2,05 €/kg"
Postres y yogures,Yogures desnatados,Yogur sabores Hacendado 0% m.g 0% sin azúcares añadidos,8 ud. x 125 g,"1,75 €1,70 € /pack",21310," 1,70 €/kg"
Postres y yogures,Yogures desnatados,Yogur sabor coco Hacendado 0% m.g 0% sin azúcares añadidos,4 ud. x 125 g,"0,95 € /pack",21363," 1,90 €/kg"
Postres y yogures,Yogures desnatados,Yogur sabor fresa Hacendado 0% m.g 0% sin azúcares añadidos,4 ud. x 125 g,"0,95 € /pack",21199," 1,90 €/kg"
Postres y yogures,Yogures desnatados,Yogur sabor limón Hacendado 0% m.g 0% sin azúcares añadidos,4 ud. x 125 g,"0,95 € /pack",21362," 1,90 €/kg"
Postres y yogures,Yogures desnatados,Yogur sin lactosa natural Hacendado 0% m.g 0% sin azúcares añadidos,4 ud. x 125 g,"1,45 €1,40 € /pack",20164," 2,80 €/kg"
Postres y yogures,Yogures desnatados,Postre lácteo con puré mango y maracuya +Proteínas Hacendado 0% m.g 10 g proteínas,4 ud. x 120 g,"1,60 €1,55 € /pack",21151," 3,23 €/kg"
Postres y yogures,Yogures desnatados,Postre lácteo natural +Proteínas Hacendado 0% m.g 10 g proteínas,Bote 500 g,"1,45 €1,35 € /ud.",21256," 2,70 €/kg"
Postres y yogures,Yogures desnatados,Postre lácteo natural +Proteínas Hacendado 0% m.g 12 g proteínas,4 ud. x 120 g,"1,45 €1,35 € /pack",20908," 2,813 €/kg"
Postres y yogures,Yogures desnatados,Postre lácteo con stracciatella +Proteínas Hacendado 0% m.g 12 g proteínas,4 ud. x 125 g,"1,60 €1,55 € /pack",35887," 3,10 €/kg"
Postres y yogures,Yogures griegos,Yogur griego natural Hacendado,6 ud. x 125 g,"1,60 € /pack",20559," 2,134 €/kg"
Postres y yogures,Yogures griegos,Yogur griego stracciatella Hacendado,6 ud. x 125 g,"1,90 € /pack",20571," 2,534 €/kg"
Postres y yogures,Yogures griegos,Yogur griego sabor fresa Hacendado sin trozos,6 ud. x 125 g,"1,85 € /pack",20504," 2,467 €/kg"
Postres y yogures,Yogures griegos,Yogur griego natural Hacendado,Bote 1 kg,"2,45 € /ud.",20512," 2,45 €/kg"
Postres y yogures,Yogures griegos,Yogur griego con fresa Hacendado,4 ud. x 125 g,"1,70 € /pack",20531," 3,40 €/kg"
Postres y yogures,Yogures griegos,Yogur griego natural Hacendado con azúcar de caña,6 ud. x 125 g,"1,65 € /pack",52441," 2,20 €/kg"
Postres y yogures,Yogures griegos,Yogur griego con mango Hacendado,4 ud. x 125 g,"1,70 € /pack",21160," 3,40 €/kg"
Postres y yogures,Yogures griegos,Yogur griego ligero natural Hacendado 2% m.g,Bote 1 kg,"2,45 € /ud.",21358," 2,45 €/kg"
Postres y yogures,Yogures griegos,Yogur griego ligero natural Hacendado,6 ud. x 125 g,"1,60 € /pack",52421," 2,134 €/kg"
Postres y yogures,Yogures griegos,Yogur griego sabor limón Hacendado,6 ud. x 125 g,"1,85 € /pack",22651," 2,467 €/kg"
Postres y yogures,Yogures líquidos,Yogur líquido de fresa Hacendado,12 mini botellas x 115 g,"2,30 € /pack",20430," 1,667 €/kg"
Postres y yogures,Yogures líquidos,Bebida láctea de fresa y plátano Hacendado,Botella 1 kg,"1,45 € /ud.",20613," 1,45 €/kg"
Postres y yogures,Yogures líquidos,Yogur líquido desnatado de Fresa Hacendado 0% m.g 0% sin azúcares añadidos,Botella 1 kg,"1,45 € /ud.",15659," 1,45 €/kg"
Postres y yogures,Yogures líquidos,Bebida láctea de fresa Hacendado,Botella 1 kg,"1,45 € /ud.",20612," 1,45 €/kg"
Postres y yogures,Yogures líquidos,Bebida láctea de piña y coco Hacendado,Botella 1 kg,"1,45 € /ud.",20629," 1,45 €/kg"
Postres y yogures,Yogures líquidos,Bebida láctea de frutas del bosque Hacendado,"Botella 1,5 kg","2,05 € /ud.",20476," 1,367 €/kg"
Postres y yogures,Yogures líquidos,Bebida láctea con fresa y plátano Hacendado,"Botella 1,5 kg","2,05 € /ud.",20108," 1,367 €/kg"
Postres y yogures,Yogures líquidos,Yogur líquido natural Hacendado con azúcar de caña,12 mini botellas x 115 g,"2,30 € /pack",20968," 1,667 €/kg"
Postres y yogures,Yogures líquidos,Yogur líquido desnatado Piña y Coco Hacendado 0% m.g 0% sin azúcares añadidos,Botella 1 kg,"1,45 € /ud.",15660," 1,45 €/kg"
Postres y yogures,Yogures líquidos,Yogur líquido desnatado Frutos Silvestres Hacendado 0% m.g 0% sin azúcares añadidos,Botella 1 kg,"1,45 € /ud.",15661," 1,45 €/kg"
Postres y yogures,Yogures líquidos,Bebida láctea natural azucarada Hacendado,"Botella 1,5 kg","2,05 € /ud.",20107," 1,367 €/kg"
Postres y yogures,Yogures líquidos,Bebida láctea desnatada sabor fresa +Proteínas Hacendado 0% m.g 20 g proteínas,Botella 280 g,"1,20 €1,15 € /ud.",21333," 4,108 €/kg"
Postres y yogures,Yogures líquidos,Batido lácteo sabor chocolate +Proteínas Hacendado 26 g proteínas,Brick 330 ml,"1,30 € /ud.",10670," 3,94 €/L"
Postres y yogures,Yogures líquidos,Batido lácteo sabor vainilla +Proteínas Hacendado 26 g proteínas,Brick 330 ml,"1,30 € /ud.",16671," 3,94 €/L"
Postres y yogures,Yogures líquidos,Bebida láctea desnatada sabor tropical +Proteínas Hacendado 0% m.g 20 g proteínas,Botella 280 g,"1,20 €1,15 € /ud.",21378," 4,108 €/kg"
Postres y yogures,Yogures líquidos,Bebida láctea desnatada +Proteínas sabor açaí plátano Hacendado 0% m.g 20 g proteínas,Botella 280 g,"1,20 €1,15 € /ud.",35847," 4,108 €/kg"
Postres y yogures,Yogures líquidos,Bebida láctea sabor coco +Proteínas Hacendado 0% m.g 0% azúcar 11 g proteínas,4 botellas x 160 g,"2,20 € /pack",35723," 3,438 €/kg"
Postres y yogures,Yogures líquidos,Bebida láctea de fresa L-casei,12 mini botellas x 100 g,"2,50 €2,40 € /pack",20627," 2,00 €/kg"
Postres y yogures,Yogures líquidos,Bebida láctea sabores L-casei,12 mini botellas x 100 g,"2,50 €2,40 € /pack",20640," 2,00 €/kg"
Postres y yogures,Yogures líquidos,Bebida láctea natural azucarada L-casei,12 mini botellas x 100 g,"2,50 €2,40 € /pack",22126," 2,00 €/kg"
Postres y yogures,Yogures líquidos,Bebida láctea de fresa Cuidacol 0% azúcares añadidos,8 mini botellas x 100 g,"2,70 €2,60 € /pack",22002," 3,25 €/kg"
Postres y yogures,Yogures líquidos,Bebida láctea de fresa L-casei 0% m.g 0% azúcares añadidos,6 mini botellas x 100 g,"1,80 €1,70 € /pack",20658," 2,834 €/kg"
Postres y yogures,Yogures líquidos,Bebida láctea natural Actimel,12 mini botellas x 100 g,"6,00 €4,95 € /pack",20738," 4,125 €/kg"
Postres y yogures,Yogures líquidos,Bebida láctea de fresa Danacol 0% azúcares añadidos,10 mini botellas x 100 g,"6,10 € /pack",20941," 6,10 €/kg"
Postres y yogures,Yogures líquidos,Bebida láctea natural Danacol 0% azúcares añadidos,10 mini botellas x 100 g,"6,10 € /pack",20940," 6,10 €/kg"
Postres y yogures,Yogures líquidos,Bebida láctea natural L-casei 0% m.g 0% azúcares añadidos,6 mini botellas x 100 g,"1,80 €1,70 € /pack",20657," 2,834 €/kg"
Postres y yogures,Yogures líquidos,Bebida láctea tropical Danacol 0% azúcares añadidos,10 mini botellas x 100 g,"6,10 € /pack",20942," 6,10 €/kg"
Postres y yogures,Yogures líquidos,Bebida láctea natural Cuidacol 0% azúcares añadidos,8 mini botellas x 100 g,"2,70 €2,60 € /pack",22001," 3,25 €/kg"
Postres y yogures,Yogures líquidos,Bebida láctea natural Actimel 0% m.g,12 mini botellas x 100 g,"6,00 €4,95 € /pack",20709," 4,125 €/kg"
Postres y yogures,Yogures líquidos,Bebida láctea de fresa Cuidacol 0% azúcares añadidos,8 mini botellas x 100 g,"2,70 €2,60 € /pack",22002," 3,25 €/kg"
Postres y yogures,Yogures líquidos,Bebida láctea de fresa Danacol 0% azúcares añadidos,10 mini botellas x 100 g,"6,10 € /pack",20941," 6,10 €/kg"
Postres y yogures,Yogures líquidos,Bebida láctea natural Danacol 0% azúcares añadidos,10 mini botellas x 100 g,"6,10 € /pack",20940," 6,10 €/kg"
Postres y yogures,Yogures líquidos,Bebida láctea tropical Danacol 0% azúcares añadidos,10 mini botellas x 100 g,"6,10 € /pack",20942," 6,10 €/kg"
Postres y yogures,Yogures líquidos,Bebida láctea natural Cuidacol 0% azúcares añadidos,8 mini botellas x 100 g,"2,70 €2,60 € /pack",22001," 3,25 €/kg"
Postres y yogures,Yogures líquidos,Bebida Kéfir de coco Hacendado,Botella 250 g,"1,15 €1,10 € /ud.",15664," 4,40 €/kg"
Postres y yogures,Yogures líquidos,Bebida Kéfir natural Hacendado 0% m.g,Botella 250 g,"0,95 €0,90 € /ud.",15662," 3,60 €/kg"
Postres y yogures,Yogures líquidos,Bebida Kéfir de fresa y plátano Hacendado,Botella 250 g,"1,10 €0,90 € /ud.",52750," 3,60 €/kg"
Postres y yogures,Yogures naturales y sabores,Yogur natural Hacendado,6 ud. x 125 g,"1,05 € /pack",22313," 1,40 €/kg"
Postres y yogures,Yogures naturales y sabores,Yogur natural con azúcar de caña Hacendado,6 ud. x 125 g,"1,05 € /pack",20584," 1,40 €/kg"
Postres y yogures,Yogures naturales y sabores,Yogur natural La Fageda,4 ud. x 125 g,"2,00 € /pack",20247," 4,00 €/kg"
Postres y yogures,Yogures naturales y sabores,Yogur natural Danone,8 ud. x 120 g,"2,00 € /pack",20260," 2,084 €/kg"
Postres y yogures,Yogures naturales y sabores,Kéfir natural sabor suave,Bote 500 g,"1,40 €1,30 € /ud.",20029," 2,60 €/kg"
Postres y yogures,Yogures naturales y sabores,Yogur natural de cabra Hacendado,4 ud. x 125 g,"2,20 € /pack",20287," 4,40 €/kg"
Postres y yogures,Yogures naturales y sabores,"Yogur sin lactosa Hacendado cremoso, natural y azucarado",4 ud. x 125 g,"1,55 € /pack",20849," 3,10 €/kg"
Postres y yogures,Yogures naturales y sabores,Yogur natural azucarado La Fageda,4 ud. x 125 g,"2,00 € /pack",20248," 4,00 €/kg"
Postres y yogures,Yogures naturales y sabores,Yogur sabores Hacendado,16 ud. x 125 g,"2,60 € /pack",20001," 1,30 €/kg"
Postres y yogures,Yogures naturales y sabores,Yogur sabor fresa Hacendado,4 ud. x 125 g,"0,80 € /pack",20040," 1,60 €/kg"
Postres y yogures,Yogures naturales y sabores,Yogur sabor limón Hacendado,4 ud. x 125 g,"0,80 € /pack",20041," 1,60 €/kg"
Postres y yogures,Yogures naturales y sabores,Yogur sabor macedonia Hacendado,4 ud. x 125 g,"0,80 € /pack",20033," 1,60 €/kg"
Postres y yogures,Yogures naturales y sabores,Yogur sabor fresa Danone,4 ud. x 120 g,"1,00 € /pack",20031," 2,084 €/kg"
Postres y yogures,Yogures naturales y sabores,Yogur cremoso Hacendado con frutos silvestres,Bote 500 g,"1,20 € /ud.",20376," 2,40 €/kg"
Postres y yogures,Yogures naturales y sabores,Yogur cremoso Hacendado con melocotón y maracuya,Bote 500 g,"1,20 € /ud.",20379," 2,40 €/kg"
Postres y yogures,Yogures naturales y sabores,Yogur sabor macedonia Danone,4 ud. x 120 g,"1,00 € /pack",20037," 2,084 €/kg"
Postres y yogures,Yogures naturales y sabores,Yogur sabor coco Hacendado,4 ud. x 125 g,"0,80 € /pack",20032," 1,60 €/kg"
Postres y yogures,Yogures naturales y sabores,Yogur con frutas Hacendado,8 ud. x 125 g,"2,10 € /pack",60955," 2,10 €/kg"
Postres y yogures,Yogures naturales y sabores,Yogur sabor limón Danone,4 ud. x 120 g,"1,00 € /pack",20042," 2,084 €/kg"
Postres y yogures,Yogures naturales y sabores,Yogur sabor coco Danone,4 ud. x 120 g,"1,00 € /pack",20057," 2,084 €/kg"
Postres y yogures,Yogures naturales y sabores,Yogur sabor plátano Hacendado,4 ud. x 125 g,"0,80 € /pack",21198," 1,60 €/kg"
Postres y yogures,Yogures naturales y sabores,Yogur sin lactosa sabor fresa Hacendado,4 ud. x 125 g,"1,55 €1,50 € /pack",22799," 3,00 €/kg"
Postres y yogures,Yogures y postres infantiles,Petit de bolsillo de fresa Hacendado,Caja 4 ud. (360 g),"1,60 € /ud.",68089," 4,445 €/kg"
Postres y yogures,Yogures y postres infantiles,Danonino sabor fresa Danone,6 ud. x 50 g,"1,44 € /pack",68124," 4,80 €/kg"
Postres y yogures,Yogures y postres infantiles,Danonino sabor fresa y plátano Danone,6 ud. x 50 g,"1,44 € /pack",68125," 4,80 €/kg"
Postres y yogures,Yogures y postres infantiles,Petit sabores Hacendado,12 ud. x 60 g,"1,35 € /pack",20536," 1,875 €/kg"
Postres y yogures,Yogures y postres infantiles,Petit Nesquik Nestlé,6 ud. x 60 g,"1,80 € /pack",68029," 5,00 €/kg"
Postres y yogures,Yogures y postres infantiles,Postre lácteo infantil de fresa y plátano Hacendado +8 meses,1 ud. (100 g),"0,85 € /ud.",22442," 8,50 €/kg"
Postres y yogures,Yogures y postres infantiles,Postre lácteo infantil de pera Hacendado +8 meses,1 ud. (100 g),"0,85 € /ud.",22443," 8,50 €/kg"
Postres y yogures,Yogures y postres infantiles,Yogur líquido infantil con cereales y miel Go-Lácteo +8 meses,Caja 4 ud. (360 g),"3,05 € /ud.",9456," 8,473 €/kg"
Postres y yogures,Yogures y postres infantiles,Postre lácteo infantil de fresa Yogolino +8 meses,4 ud. x 100 g,"2,95 €2,50 € /pack",9192," 6,25 €/kg"
Postres y yogures,Yogures y postres infantiles,Postre lácteo infantil de plátano Yogolino +6 meses,4 ud. x 100 g,"2,95 €2,50 € /pack",9193," 6,25 €/kg"
Postres y yogures,Yogures y postres infantiles,Postre lácteo infantil de natillas Yogolino +6 meses,4 ud. x 100 g,"3,45 €2,50 € /pack",35403," 6,25 €/kg"
Postres y yogures,Yogures y postres infantiles,Postre lácteo infantil de galleta Hacendado +8 meses,1 ud. (100 g),"0,85 € /ud.",60400," 8,50 €/kg"
Zumos,Fruta variada,Fruta + leche tropical Hacendado,Brick 1 L,"0,95 € /ud.",10231," 0,95 €/L"
Zumos,Fruta variada,Fruta + leche tropical Hacendado,3 mini bricks x 330 ml,"1,00 € /pack",10190," 1,011 €/L"
Zumos,Fruta variada,Fruta + leche tropical Hacendado,6 mini bricks x 200 ml,"1,20 € /pack",10152," 1,00 €/L"
Zumos,Fruta variada,Fruta + leche Mediterráneo Hacendado,Brick 1 L,"0,95 € /ud.",10226," 0,95 €/L"
Zumos,Fruta variada,Fruta + leche Mediterráneo Hacendado,3 mini bricks x 330 ml,"1,00 € /pack",10219," 1,011 €/L"
Zumos,Fruta variada,Fruta + leche Mediterráneo Hacendado,6 mini bricks x 200 ml,"1,20 € /pack",10093," 1,00 €/L"
Zumos,Fruta variada,Fruta + leche tropical Bifrutas,6 mini bricks x 200 ml,"2,39 € /pack",10126," 1,992 €/L"
Zumos,Fruta variada,Fruta + leche tropical Bifrutas,3 mini bricks x 330 ml,"2,49 € /pack",10362," 2,516 €/L"
Zumos,Fruta variada,Fruta + leche Caribe Don Simón sin azúcares añadidos y zero materia grasa,6 mini bricks x 200 ml,"1,75 € /pack",10106," 1,459 €/L"
Zumos,Fruta variada,Fruta + leche piña y coco Hacendado,6 mini bricks x 200 ml,"1,25 € /pack",86699," 1,042 €/L"
Zumos,Fruta variada,Fruta + leche Caribe Hacendado sin azúcares añadidos,6 mini bricks x 200 ml,"1,20 € /pack",52948," 1,00 €/L"
Zumos,Fruta variada,Bebida Bahamas Hacendado,Brick 2 L,"1,25 € /ud.",39109," 0,625 €/L"
Zumos,Fruta variada,Bebida tropical Hacendado sin azúcares añadidos,Brick 1 L,"0,70 € /ud.",39606," 0,70 €/L"
Zumos,Fruta variada,"Bebida de zumo de naranja, mango y zanahoria La Verja sin azúcares añadidos","Botella 1,5 L","1,80 € /ud.",39650," 1,20 €/L"
Zumos,Fruta variada,Bebida 5 frutas Hacendado sin azúcares añadidos,6 mini bricks x 200 ml,"1,70 € /pack",39224," 1,417 €/L"
Zumos,Fruta variada,Bebida de arándanos y frutas rojas Hacendado sin azúcares añadidos,Brick 1 L,"1,65 € /ud.",39627," 1,65 €/L"
Zumos,Fruta variada,Bebida de frutas rojas antioxidante Hacendado sin azúcares añadidos,Brick 1 L,"1,65 € /ud.",39640," 1,65 €/L"
Zumos,Fruta variada,Bebida multivitaminas Hacendado sin azúcares añadidos,Brick 1 L,"1,20 €1,00 € /ud.",39651," 1,00 €/L"
Zumos,Fruta variada,"Smoothie fresa, plátano y manzana Hacendado",Botella 250 ml,"1,50 € /ud.",39980," 6,00 €/L"
Zumos,Fruta variada,Smoothie mango y naranja Hacendado,Botella 250 ml,"1,50 € /ud.",70636," 6,00 €/L"
Zumos,Fruta variada,"Zumo de melón, mango y piña Hacendado con puré de fruta",Botella 250 ml,"1,50 € /ud.",4849," 6,00 €/L"
Zumos,Melocotón y piña,Zumo de melocotón y uva Hacendado,Brick 1 L,"1,10 €1,00 € /ud.",86039," 1,00 €/L"
Zumos,Melocotón y piña,Zumo de melocotón y uva Hacendado,6 mini bricks x 200 ml,"1,50 € /pack",86040," 1,25 €/L"
Zumos,Melocotón y piña,Bebida de melocotón Hacendado sin azúcares añadidos,Brick 1 L,"1,00 € /ud.",39219," 1,00 €/L"
Zumos,Melocotón y piña,Bebida de melocotón Hacendado sin azúcares añadidos,6 mini bricks x 200 ml,"1,50 € /pack",39226," 1,25 €/L"
Zumos,Melocotón y piña,Néctar de melocotón Granini,3 mini bricks x 200 ml,"1,65 € /pack",39293," 2,75 €/L"
Zumos,Melocotón y piña,Zumo de piña y uva Hacendado,Brick 1 L,"0,90 € /ud.",39129," 0,90 €/L"
Zumos,Melocotón y piña,Zumo de piña y uva Hacendado,6 mini bricks x 200 ml,"1,40 € /pack",39130," 1,167 €/L"
Zumos,Melocotón y piña,Bebida de piña Hacendado sin azúcares añadidos,Brick 1 L,"0,90 € /ud.",39119," 0,90 €/L"
Zumos,Melocotón y piña,Bebida de piña Hacendado sin azúcares añadidos,6 mini bricks x 200 ml,"1,35 € /pack",39106," 1,125 €/L"
Zumos,Melocotón y piña,Zumo de piña Hacendado,Brick 1 L,"1,25 € /ud.",39191," 1,25 €/L"
Zumos,Melocotón y piña,Zumo de piña selección Hacendado,Brick 1 L,"1,95 € /ud.",39946," 1,95 €/L"
Zumos,Melocotón y piña,Zumo de piña selección Hacendado,3 mini bricks x 330 ml,"2,25 € /pack",39910," 2,273 €/L"
Zumos,Melocotón y piña,Néctar de piña La Verja,"Botella 1,5 L","1,50 € /ud.",39100," 1,00 €/L"
Zumos,Naranja,Zumo de naranja recién exprimido Hacendado,Botella 250 ml,"1,99 € /ud.",5250," 7,96 €/L"
Zumos,Naranja,Zumo de naranja recién exprimido Hacendado,Botella 500 ml,"2,99 € /ud.",3363," 5,98 €/L"
Zumos,Naranja,Zumo de naranja recién exprimido Hacendado,Botella 1 L,"4,99 €4,79 € /ud.",3362," 4,79 €/L"
Zumos,Naranja,Zumo pura naranja Hacendado,Brick 1 L,"1,75 € /ud.",39010," 1,75 €/L"
Zumos,Naranja,Zumo pura naranja Hacendado,6 mini bricks x 200 ml,"2,80 € /pack",39033," 2,334 €/L"
Zumos,Naranja,Zumo pura naranja con pulpa Hacendado,Brick 1 L,"1,75 € /ud.",39032," 1,75 €/L"
Zumos,Naranja,Zumo de naranja selección Hacendado,Brick 1 L,"1,90 € /ud.",39919," 1,90 €/L"
Zumos,Naranja,Bebida Florida Hacendado,Brick 2 L,"1,25 € /ud.",39127," 0,625 €/L"
Zumos,Naranja,Néctar de naranja Granini,Botella 1 L,"2,99 € /ud.",39000," 2,99 €/L"
Zumos,Naranja,Bebida de naranja Hacendado sin azúcares añadidos,Brick 1 L,"0,95 € /ud.",39019," 0,95 €/L"
Zumos,Naranja,Bebida de naranja Hacendado sin azúcares añadidos,6 mini bricks x 200 ml,"1,75 € /pack",39012," 1,459 €/L"
Zumos,Naranja,Zumo de clementina selección Hacendado,Brick 1 L,"1,70 € /ud.",39924," 1,70 €/L"
Zumos,Tomate y otros sabores,Zumo de tomate Hacendado,Brick 1 L,"1,05 € /ud.",39394," 1,05 €/L"
Zumos,Tomate y otros sabores,Zumo de manzana Hacendado,Brick 1 L,"0,65 € /ud.",39403," 0,65 €/L"
Zumos,Tomate y otros sabores,Zumo de manzana Hacendado,6 mini bricks x 200 ml,"1,12 € /pack",39404," 0,934 €/L"
Zumos,Tomate y otros sabores,"Néctar de maracuyá Hacendado fruta de la pasión, mango, uva y manzana",Brick 1 L,"0,81 € /ud.",39643," 0,81 €/L"
Zumos,Tomate y otros sabores,Bebida de mango Hacendado sin azúcares añadidos,Brick 1 L,"1,25 € /ud.",39132," 1,25 €/L"
Zumos,Tomate y otros sabores,Bebida de pomelo Hacendado sin azúcares añadidos,Brick 1 L,"1,25 € /ud.",39604," 1,25 €/L"
Zumos,Tomate y otros sabores,Zumo de manzana selección Hacendado,Brick 1 L,"1,50 € /ud.",39922," 1,50 €/L"
Zumos,Tomate y otros sabores,Néctar de guayaba Hacendado,Brick 1 L,"1,30 € /ud.",39280," 1,30 €/L"
