categoria,subcategoria,descripcion,unidades,precio,code,compare
Bodega,Cerveza sin alcohol,Cerveza sin alcohol Falke,6 botellines x 250 ml,"2,10 € /pack",86552," 1,40 €/L"
Bodega,Cerveza sin alcohol,Cerveza sin alcohol Falke,Botellín 250 ml,"0,35 € /ud.",86553," 1,40 €/L"
Bodega,Cerveza sin alcohol,"Cerveza 0,0% sin alcohol Falke",6 botellines x 250 ml,"2,10 € /pack",66394," 1,40 €/L"
Bodega,Cerveza sin alcohol,"Cerveza 0,0% sin alcohol Falke",Botellín 250 ml,"0,35 € /ud.",15990," 1,40 €/L"
Bodega,Cerveza sin alcohol,"Cerveza 0,0% sin alcohol tostada Mahou",6 botellines x 330 ml,"6,90 € /pack",66558," 3,485 €/L"
Bodega,Cerveza sin alcohol,"Cerveza 0,0% sin alcohol tostada Mahou",Botellín 330 ml,"1,15 € /ud.",67026," 3,485 €/L"
Bodega,Cerveza sin alcohol,"Cerveza 0,0% sin alcohol tostada Falke",6 botellines x 250 ml,"3,00 € /pack",67623," 2,00 €/L"
Bodega,Cerveza sin alcohol,"Cerveza 0,0% sin alcohol tostada Falke",Botellín 250 ml,"0,50 € /ud.",67624," 2,00 €/L"
Bodega,Cerveza sin alcohol,Cerveza sin alcohol Falke,12 latas x 330 ml,"4,20 € /pack",23694," 1,061 €/L"
Bodega,Cerveza sin alcohol,Cerveza sin alcohol Falke,Lata 330 ml,"0,35 € /ud.",23695," 1,061 €/L"
Bodega,Cerveza sin alcohol,"Cerveza 0,0% sin alcohol Falke",12 latas x 330 ml,"4,20 € /pack",66392," 1,061 €/L"
Bodega,Cerveza sin alcohol,"Cerveza 0,0% sin alcohol Falke",Lata 330 ml,"0,35 € /ud.",66393," 1,061 €/L"
Bodega,Cerveza sin alcohol,"Cerveza 0,0% sin alcohol tostada Falke",12 latas x 330 ml,"6,00 €5,76 € /pack",13417," 1,455 €/L"
Bodega,Cerveza sin alcohol,"Cerveza 0,0% sin alcohol tostada Falke",Lata 330 ml,"0,48 € /ud.",13418," 1,455 €/L"
Bodega,Cerveza sin alcohol,"Cerveza Radler Amstel 0,0% sin alcohol",12 latas x 330 ml,"6,60 € /pack",11270," 1,667 €/L"
Bodega,Cerveza sin alcohol,"Cerveza Radler Amstel 0,0% sin alcohol",Lata 330 ml,"0,59 € /ud.",11271," 1,788 €/L"
Bodega,Licores,Vermouth rojo Maronti reserva,Botella 1 L,"3,45 € /ud.",28520," 3,45 €/L"
Bodega,Licores,Vermouth blanco Maronti,Botella 1 L,"2,50 € /ud.",15846," 2,50 €/L"
Bodega,Licores,Vermouth bianco Martini,Botella 1 L,"10,20 € /ud.",28400," 10,20 €/L"
Bodega,Licores,Vermouth rosso Martini,Botella 1 L,"10,20 € /ud.",28401," 10,20 €/L"
Bodega,Licores,Aperitivo Aperol,Botella 700 ml,"13,40 € /ud.",28356," 19,143 €/L"
Bodega,Licores,Bitter Campari,Botella 700 ml,"15,20 € /ud.",28408," 21,715 €/L"
Bodega,Licores,Vermouth rojo Maronti,Botella 1 L,"2,50 € /ud.",28837," 2,50 €/L"
Bodega,Licores,Ginebra London Dry Gin Larios,Botella 1 L,"12,50 € /ud.",28715," 12,50 €/L"
Bodega,Licores,Ginebra London Dry Gin Beefeater,Botella 700 ml,"13,95 €12,95 € /ud.",28712," 18,50 €/L"
Bodega,Licores,Ginebra Dry Gin Seagram's,Botella 700 ml,"16,50 € /ud.",28032," 23,572 €/L"
Bodega,Licores,Ginebra London Dry Gin Tanqueray,Botella 700 ml,"16,50 €15,50 € /ud.",28775," 22,143 €/L"
Bodega,Licores,Ginebra strawberry Gin Glivery,Botella 700 ml,"7,70 €7,65 € /ud.",28848," 10,929 €/L"
Bodega,Licores,Ginebra sweet Gin Exotic Glivery,Botella 700 ml,"7,80 €7,65 € /ud.",22316," 10,929 €/L"
Bodega,Licores,Ginebra London Dry Gin Kingerly & Sons,Botella 700 ml,"6,25 € /ud.",67632," 8,929 €/L"
Bodega,Licores,Ginebra natural & soft 1185,Botella 700 ml,"6,50 €6,25 € /ud.",52745," 8,929 €/L"
Bodega,Licores,Bebida espirituosa centenario Terry,Botella 1 L,"9,35 €8,90 € /ud.",28246," 8,90 €/L"
Bodega,Licores,Brandy imperial solera reserva Torres 5,Botella 700 ml,"9,75 € /ud.",28213," 13,929 €/L"
Bodega,Licores,Bebida espirituosa Convidado de Baco,Botella 1 L,"6,00 € /ud.",28527," 6,00 €/L"
Bodega,Licores,Brandy de Jerez solera reserva Convidado de Baco,Botella 700 ml,"5,90 € /ud.",28525," 8,429 €/L"
Bodega,Licores,Brandy de Jerez solera gran reserva Convidado de Baco,Botella 700 ml,"9,90 € /ud.",28526," 14,143 €/L"
Bodega,Licores,Whisky escocés Cutty Sark,Botella 700 ml,"12,35 € /ud.",28631," 17,643 €/L"
Bodega,Licores,Whisky escocés Ballantine's,Botella 700 ml,"13,00 €12,45 € /ud.",28604," 17,786 €/L"
Bodega,Licores,Whisky escocés Red Label Johnnie Walker,Botella 700 ml,"15,90 €14,50 € /ud.",28610," 20,715 €/L"
Bodega,Licores,Whisky escocés J&B,Botella 700 ml,"13,00 €11,95 € /ud.",28613," 17,072 €/L"
Bodega,Licores,Whisky escocés James Webb,Botella 700 ml,"6,00 € /ud.",28662," 8,572 €/L"
Bodega,Licores,Whisky escocés Black Label Johnnie Walker,Botella 700 ml,"30,00 €26,95 € /ud.",28630," 38,50 €/L"
Bodega,Licores,Ron añejo Negrita,Botella 700 ml,"9,25 € /ud.",28731," 13,215 €/L"
Bodega,Licores,Ron blanco superior La Recompensa,Botella 700 ml,"5,25 € /ud.",35919," 7,50 €/L"
Bodega,Licores,Ron dominicano añejo Ron Barceló,Botella 700 ml,"14,95 € /ud.",28757," 21,358 €/L"
Bodega,Licores,Ron caribeño sabor coco Malibu,Botella 700 ml,"12,60 € /ud.",28373," 18,00 €/L"
Bodega,Licores,Ron añejo La Recompensa,Botella 700 ml,"5,95 € /ud.",86232," 8,50 €/L"
Bodega,Licores,Ron viejo La Recompensa,Botella 700 ml,"9,50 € /ud.",86707," 13,572 €/L"
Bodega,Licores,Licor crema Irlandesa Royal Swan,Botella 700 ml,"6,25 €6,00 € /ud.",28571," 8,572 €/L"
Bodega,Licores,Licor crema de fresa Royal Swan,Botella 700 ml,"6,95 € /ud.",22614," 9,929 €/L"
Bodega,Licores,Licor crema Puente Pazos,Botella 700 ml,"6,25 € /ud.",28506," 8,929 €/L"
Bodega,Licores,Licor crema choco avellana Royal Swan,Botella 700 ml,"6,50 €6,25 € /ud.",67930," 8,929 €/L"
Bodega,Licores,Licor crema Caramel Biscuit Royal Swan,Botella 700 ml,"7,00 € /ud.",52875," 10,00 €/L"
Bodega,Licores,Bebida espirituosa a base de vodka Knebep caramelo,Botella 700 ml,"5,70 € /ud.",13493," 8,143 €/L"
Bodega,Licores,Vodka Knebep,Botella 1 L,"6,70 € /ud.",28822," 6,70 €/L"
Bodega,Licores,Licor dulce Anís del mono,Botella 700 ml,"8,30 €8,10 € /ud.",28333," 11,572 €/L"
Bodega,Licores,Licor de anís dulce Dama Mayor,Botella 700 ml,"5,90 € /ud.",35969," 8,429 €/L"
Bodega,Licores,Licor de anís Ricard Pastis de Marseille,Botella 700 ml,"12,70 €11,50 € /ud.",28407," 16,429 €/L"
Bodega,Licores,Licor de hierbas Puente Pazos,Botella 700 ml,"6,10 € /ud.",28508," 8,715 €/L"
Bodega,Licores,Licor de limoncello Franzini,Botella 700 ml,"6,85 € /ud.",28335," 9,786 €/L"
Bodega,Licores,Licor de hierbas Jägermeister,Botella 700 ml,"13,85 € /ud.",28724," 19,786 €/L"
Bodega,Licores,Aguardiente de orujo Puente Pazos,Botella 700 ml,"7,10 € /ud.",28507," 10,143 €/L"
Bodega,Licores,Licor dulce Amaretto Del Patriarca,Botella 700 ml,"4,80 € /ud.",28432," 6,858 €/L"
Bodega,Licores,Ponche Convidado de Baco,Botella 700 ml,"6,30 € /ud.",13370," 9,00 €/L"
Bodega,Licores,Tequila Gold Santa Concepción,Botella 700 ml,"10,50 € /ud.",23593," 15,00 €/L"
Bodega,Licores,Pacharán Oibar,Botella 1 L,"6,90 € /ud.",52471," 6,90 €/L"
Bodega,Licores,Licor mora sin alcohol Pi.omka,Botella 700 ml,"2,80 € /ud.",13610," 4,00 €/L"
Bodega,Sidra y cava,Sidra asturiana El Mayu,Botella 750 ml,"1,60 € /ud.",28515," 2,134 €/L"
Bodega,Sidra y cava,Sidra asturiana El Mayu,12 botellines x 250 ml,"10,80 € /pack",23863," 3,60 €/L"
Bodega,Sidra y cava,Sidra asturiana El Mayu,Botellín 250 ml,"0,90 € /ud.",23862," 3,60 €/L"
Bodega,Sidra y cava,Sidra natural Polían,Botella 700 ml,"1,95 € /ud.",28898," 2,786 €/L"
Bodega,Sidra y cava,Cava brut Cabré & Sabaté,Botella 750 ml,"2,95 € /ud.",28921," 3,934 €/L"
Bodega,Sidra y cava,Cava brut Cabré & Sabaté,Benjamín 200 ml,"1,65 € /ud.",22977," 8,25 €/L"
Bodega,Sidra y cava,Cava brut nature Jaume Serra,Botella 750 ml,"4,25 € /ud.",28908," 5,667 €/L"
Bodega,Sidra y cava,Cava brut Anna Codorníu,Botella 750 ml,"9,35 € /ud.",28969," 12,467 €/L"
Bodega,Sidra y cava,Cava brut nature reserva vintage Cabré & Sabaté,Botella 750 ml,"4,00 € /ud.",28938," 5,334 €/L"
Bodega,Sidra y cava,Cava brut nature Bach Extrísimo,Botella 750 ml,"4,95 € /ud.",28909," 6,60 €/L"
Bodega,Sidra y cava,Cava brut Freixenet,Botella 750 ml,"6,95 € /ud.",28005," 9,267 €/L"
Bodega,Sidra y cava,Cava brut nature Jaume Serra reserva,Botella 750 ml,"5,00 € /ud.",28910," 6,667 €/L"
Bodega,Sidra y cava,Cava semi seco Cabré & Sabaté,Botella 750 ml,"2,95 € /ud.",28939," 3,934 €/L"
Bodega,Sidra y cava,Cava semi seco Cabré & Sabaté,Benjamín 200 ml,"1,55 € /ud.",22970," 7,75 €/L"
Bodega,Sidra y cava,Cava semi seco Freixenet,Botella 750 ml,"6,95 € /ud.",28006," 9,267 €/L"
Bodega,Sidra y cava,Bebida zumo de frutas con gas Magic sin alcohol,Botella 750 ml,"2,20 € /ud.",39702," 2,934 €/L"
Bodega,Sidra y cava,Vino espumoso sin alcohol Viña secret,Botella 750 ml,"4,00 € /ud.",67150," 5,334 €/L"
Bodega,Sidra y cava,Cava semi seco Cabré & Sabaté Ice,Botella 750 ml,"3,75 € /ud.",28959," 5,00 €/L"
Bodega,Tinto de verano y sangría,Sangría Casón Histórico,"Botella 1,5 L","1,55 € /ud.",66922," 1,034 €/L"
Bodega,Tinto de verano y sangría,Tinto de verano zero limón Casón Histórico,"Botella 1,5 L","1,15 € /ud.",60748," 0,767 €/L"
Bodega,Tinto de verano y sangría,Sangría Don Simón,"Botella 1,5 L","2,10 € /ud.",66944," 1,40 €/L"
Bodega,Tinto de verano y sangría,Tinto de verano sabor limón Casón Histórico,"Botella 1,5 L","1,20 € /ud.",67818," 0,80 €/L"
Bodega,Tinto de verano y sangría,Tinto de verano classic Casón Histórico,"Botella 1,5 L","1,20 € /ud.",67819," 0,80 €/L"
Bodega,Tinto de verano y sangría,Tinto de verano sabor limón La Casera,"2 botellas x 1,5 L","4,50 € /pack",28059," 1,50 €/L"
Bodega,Tinto de verano y sangría,Tinto de verano sabor limón La Casera,"Botella 1,5 L","2,30 € /ud.",27843," 1,534 €/L"
Bodega,Vino blanco,Vino blanco Casón Histórico,Brick 1 L,"1,00 €0,95 € /ud.",66127," 0,95 €/L"
Bodega,Vino blanco,Vino blanco Don Simón chardonnay airén,3 mini bricks x 250 ml,"1,60 € /pack",66124," 2,134 €/L"
Bodega,Vino blanco,Bebida aromatizada a base de vino para cocinar Abuela Carola,Botella 750 ml,"2,35 € /ud.",66905," 3,134 €/L"
Bodega,Vino blanco,Vino blanco Don Simón,Brick 1 L,"1,60 €1,45 € /ud.",66105," 1,45 €/L"
Bodega,Vino blanco,Vino blanco turbio Teluro,Botella 750 ml,"1,75 € /ud.",66823," 2,334 €/L"
Bodega,Vino blanco,Vino blanco D.O La Mancha Fidencio,Botella 750 ml,"1,40 € /ud.",37138," 1,867 €/L"
Bodega,Vino blanco,Vino blanco Chardonnay Indómito,Botella 750 ml,"2,30 € /ud.",37111," 3,067 €/L"
Bodega,Vino blanco,Vino blanco D.O Rioja El Coto,Botella 750 ml,"4,15 € /ud.",66324," 5,534 €/L"
Bodega,Vino blanco,Vino blanco crianza D.O Valdepeñas Señorío de los Llanos,Botella 750 ml,"2,20 € /ud.",37110," 2,934 €/L"
Bodega,Vino blanco,Vino blanco seco D.O Catalunya Vinya del Mar Azul,Botella 750 ml,"2,10 € /ud.",66523," 2,80 €/L"
Bodega,Vino blanco,Vino blanco D.O Catalunya Perelada Blanc de Blancs,Botella 750 ml,"4,00 € /ud.",66517," 5,334 €/L"
Bodega,Vino blanco,Vino blanco D.O Catalunya Bodegas Torres Viña Sol,Botella 750 ml,"6,60 €4,95 € /ud.",66532," 6,60 €/L"
Bodega,Vino blanco,Vino blanco albariño D.O Rías Baixas Pazo de Orantes,Botella 750 ml,"6,00 € /ud.",67125," 8,00 €/L"
Bodega,Vino blanco,Vino blanco D.O Valencia Finca La Malcriada dulce,Botella 750 ml,"2,60 € /ud.",67123," 3,467 €/L"
Bodega,Vino blanco,Vino blanco Gewürztraminer Mar de Uvas,Botella 750 ml,"4,65 € /ud.",67018," 6,20 €/L"
Bodega,Vino blanco,Vino verde Loureiro D.O Portugal Castelo de Moinhos,Botella 750 ml,"2,50 € /ud.",66851," 3,334 €/L"
Bodega,Vino blanco,Vino blanco viura y tempranillo D.O Rioja Ponce de Albayda,Botella 750 ml,"4,25 € /ud.",86547," 5,667 €/L"
Bodega,Vino blanco,Vino blanco Chardonnay Semiluna,Botella 750 ml,"3,50 € /ud.",52687," 4,667 €/L"
Bodega,Vino blanco,Vino blanco verdejo D.O Rueda Arribeño,Botella 750 ml,"2,00 €1,90 € /ud.",37229," 2,534 €/L"
Bodega,Vino blanco,Vino blanco verdejo D.O Rueda Abadía Mantrús,Botella 750 ml,"2,10 € /ud.",66369," 2,80 €/L"
Bodega,Vino blanco,Vino blanco D.O Rueda Abadía Mantrús Sauvignon Blanc,Botella 750 ml,"3,00 € /ud.",37218," 4,00 €/L"
Bodega,Vino blanco,Vino blanco verdejo D.O Rueda Condado de Teón,Botella 750 ml,"3,80 € /ud.",23279," 5,067 €/L"
Bodega,Vino blanco,Vino blanco suave y afrutado El Pescaito,Botella 750 ml,"2,10 € /ud.",66495," 2,80 €/L"
Bodega,Vino blanco,Vino blanco semidulce Diamante D.O Rioja,Botella 750 ml,"4,30 € /ud.",66352," 5,734 €/L"
Bodega,Vino blanco,Vino blanco semidulce Bach D.O Catalunya,Botella 750 ml,"4,95 € /ud.",66531," 6,60 €/L"
Bodega,Vino blanco,Vino blanco semidulce Vinya del Mar Azul D.O Catalunya,Botella 750 ml,"2,10 € /ud.",66519," 2,80 €/L"
Bodega,Vino blanco,Vino blanco semidulce Allegretto Alba,Botella 750 ml,"2,00 € /ud.",67144," 2,667 €/L"
Bodega,Vino blanco,Vino dulce Pedro Ximénez Real Tesoro D.O Jerez de la frontera,Botella 750 ml,"6,10 €6,00 € /ud.",66912," 8,00 €/L"
Bodega,Vino blanco,Mistela de moscatel Mig Segle D.O Valencia,Botella 750 ml,"3,60 € /ud.",23287," 4,80 €/L"
Bodega,Vino blanco,Mosto tinto Casón Histórico,"Botella 1,5 L","2,00 € /ud.",39896," 1,334 €/L"
Bodega,Vino blanco,Vino fino Corredera D.O Montilla-Moriles,Botella 750 ml,"2,65 € /ud.",66907," 3,534 €/L"
Bodega,Vino blanco,Bebida refrescante aromatizada tinto sin alcohol light Castillo de Salobreña,Botella 1 L,"1,60 € /ud.",39488," 1,60 €/L"
Bodega,Vino lambrusco y espumoso,Lambrusco dell'Emilia rosado espumoso Piccolo Giovanni,Botella 750 ml,"2,15 €1,90 € /ud.",52533," 2,534 €/L"
Bodega,Vino lambrusco y espumoso,Vino tinto dulce de aguja Sangue di Giuda Cueva peccato,Botella 750 ml,"3,90 € /ud.",66673," 5,20 €/L"
Bodega,Vino lambrusco y espumoso,Vino blanco espumoso verdejo DulZ.Ze frizzante,Botella 750 ml,"2,65 € /ud.",66332," 3,534 €/L"
Bodega,Vino lambrusco y espumoso,Lambrusco Dell'Emilia rojo espumoso Piccolo Giovanni,Botella 750 ml,"2,10 € /ud.",15870," 2,80 €/L"
Bodega,Vino lambrusco y espumoso,Vino blanco de aguja espumoso Blanc Pescador,Botella 750 ml,"4,25 € /ud.",66505," 5,667 €/L"
Bodega,Vino lambrusco y espumoso,Vino rosado afrutado espumoso Peñascal,Botella 750 ml,"3,65 € /ud.",37212," 4,867 €/L"
Bodega,Vino lambrusco y espumoso,Vino blanco dulce Moscato espumoso Cueva Peccato,Botella 750 ml,"3,50 € /ud.",66675," 4,667 €/L"
Bodega,Vino rosado,Vino rosado Alicia en el país de las uvas suave y goloso,Botella 750 ml,"2,25 € /ud.",66580," 3,00 €/L"
Bodega,Vino rosado,Vino rosado Casón Histórico,Brick 1 L,"1,05 € /ud.",66126," 1,05 €/L"
Bodega,Vino rosado,Vino rosado D.O Navarra Hypatia,Botella 750 ml,"2,10 € /ud.",37002," 2,80 €/L"
Bodega,Vino rosado,Vino rosado D.O Rioja Comportillo cosecha,Botella 750 ml,"2,40 € /ud.",67115," 3,20 €/L"
Bodega,Vino rosado,Vino rosado D.O La Mancha Fidencio,Botella 750 ml,"1,55 € /ud.",37153," 2,067 €/L"
Bodega,Vino rosado,Vino rosado Dominio de Borgia,Garrafa 5 L,"6,15 € /ud.",37806," 1,23 €/L"
Bodega,Vino rosado,Vino rosado D.O Rioja Arteso Clarete,Botella 750 ml,"3,25 € /ud.",67119," 4,334 €/L"
Bodega,Vino rosado,Vino rosado D.O Cigales ValdeSalud,Botella 750 ml,"2,60 € /ud.",66427," 3,467 €/L"
Bodega,Vino tinto,Vino tinto Casón Histórico,Brick 1 L,"1,05 € /ud.",66211," 1,05 €/L"
Bodega,Vino tinto,Vino tinto Don Simón,Brick 1 L,"1,60 €1,45 € /ud.",66107," 1,45 €/L"
Bodega,Vino tinto,Vino tinto Dominio de Borgia,Botella 2 L,"2,80 € /ud.",37808," 1,40 €/L"
Bodega,Vino tinto,Vino tinto Dominio de Borgia,Garrafa 5 L,"5,55 € /ud.",37805," 1,11 €/L"
Bodega,Vino tinto,Vino tinto D.O Rioja El Coto crianza,Botella 750 ml,"6,30 € /ud.",66320," 8,40 €/L"
Bodega,Vino tinto,Vino tinto D.O Rioja Comportillo cosecha,Botella 750 ml,"2,45 € /ud.",67112," 3,267 €/L"
Bodega,Vino tinto,Vino tinto D.O Rioja Cune crianza,Botella 750 ml,"6,95 € /ud.",66314," 9,267 €/L"
Bodega,Vino tinto,Vino tinto D.O Rioja Comportillo crianza,Botella 750 ml,"2,95 € /ud.",67113," 3,934 €/L"
Bodega,Vino tinto,Vino tinto D.O Rioja Comportillo reserva,Botella 750 ml,"4,10 € /ud.",66325," 5,467 €/L"
Bodega,Vino tinto,Vino tinto D.O Rioja Coto de Imaz reserva,Botella 750 ml,"8,60 € /ud.",66346," 11,467 €/L"
Bodega,Vino tinto,Vino tinto D.O Rioja Arteso crianza,Botella 750 ml,"4,20 € /ud.",67117," 5,60 €/L"
Bodega,Vino tinto,Vino tinto D.O La Mancha Fidencio,Botella 750 ml,"1,45 € /ud.",37139," 1,934 €/L"
Bodega,Vino tinto,Vino tinto D.O Valdepeñas Viña Albali crianza,Botella 750 ml,"2,95 € /ud.",37134," 3,934 €/L"
Bodega,Vino tinto,Vino tinto D.O Valdepeñas Pata Negra reserva,Botella 750 ml,"2,95 € /ud.",13875," 3,934 €/L"
Bodega,Vino tinto,Vino tinto D.O Valdepeñas Viña Albali reserva,Botella 750 ml,"3,70 € /ud.",37114," 4,934 €/L"
Bodega,Vino tinto,Vino tinto D.O Valdepeñas Señorío de los Llanos crianza,Botella 750 ml,"2,25 €2,00 € /ud.",35730," 2,667 €/L"
Bodega,Vino tinto,Vino tinto D.O Valdepeñas Condado de Egara reserva tempranillo,Botella 750 ml,"2,00 € /ud.",37160," 2,667 €/L"
Bodega,Vino tinto,Vino tinto D.O La Mancha Fidencio crianza,Botella 750 ml,"1,65 € /ud.",37164," 2,20 €/L"
Bodega,Vino tinto,Vino tinto D.O Ribera del Duero Abadía Mantrús crianza,Botella 750 ml,"4,60 €4,50 € /ud.",37276," 6,00 €/L"
Bodega,Vino tinto,Vino tinto D.O Ribera del Duero Arribeño roble,Botella 750 ml,"3,80 €3,65 € /ud.",37262," 4,867 €/L"
Bodega,Vino tinto,Vino tinto D.O Ribera del Duero Arribeño roble,Benjamín 187 ml,"2,00 € /ud.",15526," 10,696 €/L"
Bodega,Vino tinto,Vino tinto D.O Campo de Borja Borsao barrica,Botella 750 ml,"2,25 € /ud.",67024," 3,00 €/L"
Bodega,Vino tinto,Vino tinto dulce de aguja Sangue di Giuda Cueva peccato,Botella 750 ml,"3,90 € /ud.",66673," 5,20 €/L"
Bodega,Vino tinto,Vino tinto tempranillo El Mandamás The Guv'Nor,Botella 750 ml,"2,85 € /ud.",37156," 3,80 €/L"
Bodega,Vino tinto,Vino tinto D.O Toro Conquero roble,Botella 750 ml,"2,90 € /ud.",37259," 3,867 €/L"
Bodega,Vino tinto,Vino tinto sin sulfitos añadidos Davida D.O. Navarra,Botella 750 ml,"3,90 € /ud.",37005," 5,20 €/L"
Bodega,Vino tinto,Vino tinto D.O Costers del Segre Raimat Abadía tempranillo,Botella 750 ml,"7,95 € /ud.",66540," 10,60 €/L"
Bodega,Vino tinto,Vino tinto D.O Montsant Racó del Convent,Botella 750 ml,"4,20 € /ud.",67936," 5,60 €/L"
Bodega,Vino tinto,Vino tinto Porto Tawny Almeida Dias,Botella 750 ml,"7,00 € /ud.",67901," 9,334 €/L"
Bodega,Vino tinto,Vino tinto Merlot Mar de Uvas,Botella 750 ml,"2,40 € /ud.",23677," 3,20 €/L"
Bodega,Vino tinto,Vino tinto Syrah Mar de Uvas,Botella 750 ml,"2,35 € /ud.",23676," 3,134 €/L"
Bodega,Vino tinto,Vino tinto D.O Toro Arribeño joven,Botella 750 ml,"2,00 € /ud.",37263," 2,667 €/L"
Bodega,Vino tinto,Vino tinto D.O Cariñena Sierra de Viento roble,Botella 750 ml,"1,65 € /ud.",67507," 2,20 €/L"
Bodega,Vino tinto,Vino tinto D.O Somontano Llanto de uva reserva,Botella 750 ml,"4,55 € /ud.",13866," 6,067 €/L"
Bodega,Vino tinto,Vino tinto Caperucita tinta Torre Oria suave,Botella 750 ml,"1,95 € /ud.",66349," 2,60 €/L"
Bodega,Vino tinto,Vino tinto D.O Priorat Arc de Pedra,Botella 750 ml,"8,50 € /ud.",22108," 11,334 €/L"
Bodega,Vino tinto,Vino tinto D.O Catalunya Vinya del Mar Azul,Botella 750 ml,"2,10 € /ud.",66524," 2,80 €/L"
Bodega,Vino tinto,Vino tinto Bobal Para Pecar,Botella 750 ml,"3,00 €2,90 € /ud.",70727," 3,867 €/L"
Bodega,Vino tinto,Vino tinto D.O Catalunya Bodegas Torres Sangre de Toro,Botella 750 ml,"4,90 €3,95 € /ud.",66510," 5,267 €/L"
"Cacao, café e infusiones",Cacao soluble y chocolate a la taza,Cacao soluble instantáneo Nesquik,Paquete 1 kg,"5,99 € /ud.",13204," 5,99 €/kg"
"Cacao, café e infusiones",Cacao soluble y chocolate a la taza,Cacao soluble instantáneo Nesquik,Bote 390 g,"3,29 € /ud.",13216," 8,436 €/kg"
"Cacao, café e infusiones",Cacao soluble y chocolate a la taza,Cacao soluble 0% azúcares añadidos ColaCao,Bote 325 g,"4,29 € /ud.",13006," 13,20 €/kg"
"Cacao, café e infusiones",Cacao soluble y chocolate a la taza,Cacao soluble ColaCao original,Bote 760 g,"6,49 € /ud.",13021," 8,54 €/kg"
"Cacao, café e infusiones",Cacao soluble y chocolate a la taza,Cacao soluble ColaCao original,Bote 383 g,"3,79 € /ud.",13019," 9,896 €/kg"
"Cacao, café e infusiones",Cacao soluble y chocolate a la taza,Cacao soluble instantáneo Hacendado,Paquete 1 kg,"3,90 € /ud.",13213," 3,90 €/kg"
"Cacao, café e infusiones",Cacao soluble y chocolate a la taza,Cacao soluble Hacendado,Bote 1 kg,"3,65 € /ud.",35513," 3,65 €/kg"
"Cacao, café e infusiones",Cacao soluble y chocolate a la taza,Cacao soluble Hacendado,Bote 480 g,"2,30 € /ud.",12519," 4,792 €/kg"
"Cacao, café e infusiones",Cacao soluble y chocolate a la taza,Cacao soluble ColaCao original,"Caja 2,5 kg","15,99 €14,99 € /ud.",86469," 5,996 €/kg"
"Cacao, café e infusiones",Cacao soluble y chocolate a la taza,Cacao soluble 0% azúcares añadidos Hacendado,Bote 450 g,"3,35 € /ud.",22849," 7,445 €/kg"
"Cacao, café e infusiones",Cacao soluble y chocolate a la taza,Cacao soluble instantáneo Nesquik,"Caja 2,7 kg","13,45 €11,99 € /ud.",67739," 4,441 €/kg"
"Cacao, café e infusiones",Cacao soluble y chocolate a la taza,Cacao soluble instantáneo Hacendado,Bote 500 g,"2,50 € /ud.",13212," 5,00 €/kg"
"Cacao, café e infusiones",Cacao soluble y chocolate a la taza,Cacao soluble en sobres Hacendado,Caja 6 sobres (108 g),"1,30 € /ud.",23231," 12,038 €/kg"
"Cacao, café e infusiones",Cacao soluble y chocolate a la taza,Cacao puro en polvo La Chocolatera,Bote 265 g,"2,90 € /ud.",22580," 10,944 €/kg"
"Cacao, café e infusiones",Cacao soluble y chocolate a la taza,Cacao en polvo a la taza Valor,Paquete 500 g,"3,25 € /ud.",12017," 6,50 €/kg"
"Cacao, café e infusiones",Cacao soluble y chocolate a la taza,Chocolate líquido a la taza Hacendado,Brick 1 L,"2,30 €2,20 € /ud.",10005," 2,20 €/L"
"Cacao, café e infusiones",Cacao soluble y chocolate a la taza,Cacao en polvo a la taza Hacendado,Paquete 400 g,"1,80 € /ud.",12585," 4,50 €/kg"
"Cacao, café e infusiones",Café cápsula y monodosis,Café en cápsula extra fuerte Hacendado,Caja 20 cápsulas (104 g),"3,60 €3,50 € /ud.",10350," 33,654 €/kg"
"Cacao, café e infusiones",Café cápsula y monodosis,Café en cápsula descafeinado Hacendado,Caja 20 cápsulas (104 g),"3,60 €3,50 € /ud.",10355," 33,654 €/kg"
"Cacao, café e infusiones",Café cápsula y monodosis,Café en cápsula Colombia Hacendado,Caja 20 cápsulas (104 g),"3,65 €3,55 € /ud.",10354," 34,135 €/kg"
"Cacao, café e infusiones",Café cápsula y monodosis,Café en cápsula espresso Hacendado,Caja 20 cápsulas (104 g),"3,60 €3,50 € /ud.",10352," 33,654 €/kg"
"Cacao, café e infusiones",Café cápsula y monodosis,Café en cápsula ristretto Hacendado,Caja 20 cápsulas (106 g),"3,60 €3,50 € /ud.",10351," 33,019 €/kg"
"Cacao, café e infusiones",Café cápsula y monodosis,Café en cápsula doble espresso Hacendado,Caja 20 cápsulas (110 g),"3,60 €3,50 € /ud.",10353," 31,819 €/kg"
"Cacao, café e infusiones",Café cápsula y monodosis,Café en cápsula descafeinado espresso Hacendado,Caja 20 cápsulas (104 g),"3,60 €3,50 € /ud.",13596," 33,654 €/kg"
"Cacao, café e infusiones",Café cápsula y monodosis,Café en cápsula espresso intenso Dolce Gusto,Caja 16 cápsulas (112 g),"4,25 € /ud.",11931," 37,947 €/kg"
"Cacao, café e infusiones",Café cápsula y monodosis,Café en cápsula extra forte Hacendado,Caja 16 cápsulas (112 g),"3,20 € /ud.",13636," 28,572 €/kg"
"Cacao, café e infusiones",Café cápsula y monodosis,Café en cápsula forte Hacendado,Caja 16 cápsulas (112 g),"3,20 € /ud.",13635," 28,572 €/kg"
"Cacao, café e infusiones",Café cápsula y monodosis,Café en cápsula classic Hacendado,Caja 16 cápsulas (112 g),"3,20 € /ud.",13634," 28,572 €/kg"
"Cacao, café e infusiones",Café cápsula y monodosis,Café en cápsula descafeinado espresso intenso Dolce Gusto,Caja 16 cápsulas (992 g),"4,25 € /ud.",11869," 37,947 €/kg"
"Cacao, café e infusiones",Café cápsula y monodosis,Café con leche en cápsula Dolce Gusto,Caja 16 cápsulas (160 g),"4,25 € /ud.",11801," 26,563 €/kg"
"Cacao, café e infusiones",Café cápsula y monodosis,Café con leche en cápsula Hacendado,Caja 16 cápsulas (152 g),"3,20 € /ud.",67658," 21,053 €/kg"
"Cacao, café e infusiones",Café cápsula y monodosis,Café en cápsula ristretto napoli Dolce Gusto,Caja 16 cápsulas (128 g),"4,25 € /ud.",11918," 33,204 €/kg"
"Cacao, café e infusiones",Café cápsula y monodosis,Café en cápsula cortado Dolce Gusto,"Caja 16 cápsulas (100,8 g)","4,25 € /ud.",11785," 42,50 €/kg"
"Cacao, café e infusiones",Café cápsula y monodosis,Café en cápsula descafeinado Hacendado,Caja 16 cápsulas (112 g),"3,20 € /ud.",23293," 28,572 €/kg"
"Cacao, café e infusiones",Café cápsula y monodosis,Café cortado en cápsula Hacendado,"Caja 16 cápsulas (92,8 g)","3,20 € /ud.",11065," 31,747 €/kg"
"Cacao, café e infusiones",Café cápsula y monodosis,Café en cápsula cappuccino Dolce Gusto,"Caja 8 cápsulas (186,4 g)","4,89 € /ud.",11899," 26,291 €/kg"
"Cacao, café e infusiones",Café cápsula y monodosis,Café con leche en cápsula descafeinado Hacendado,Caja 16 cápsulas (152 g),"3,20 € /ud.",23405," 21,053 €/kg"
"Cacao, café e infusiones",Café cápsula y monodosis,Cortado en cápsula descafeinado Hacendado,"Caja 16 cápsulas (91,2 g)","3,20 € /ud.",23404," 35,088 €/kg"
"Cacao, café e infusiones",Café cápsula y monodosis,Café en cápsula doble espresso Hacendado,Caja 16 cápsulas (128 g),"3,20 € /ud.",22801," 25,00 €/kg"
"Cacao, café e infusiones",Café cápsula y monodosis,Café en cápsula cappuccino Hacendado,"Caja 8 cápsulas (185,6 g)","3,20 € /ud.",52775," 17,298 €/kg"
"Cacao, café e infusiones",Café cápsula y monodosis,Café en cápsula espresso Tassimo,"Paquete 16 cápsulas (118,4 g)","5,30 € /ud.",11873," 44,764 €/kg"
"Cacao, café e infusiones",Café cápsula y monodosis,Café en cápsula largo Tassimo,"Paquete 16 cápsulas (132,8 g)","5,30 € /ud.",11872," 39,91 €/kg"
"Cacao, café e infusiones",Café cápsula y monodosis,Café en cápsula cortado Tassimo,Paquete 16 cápsulas (184 g),"5,30 € /ud.",11875," 28,805 €/kg"
"Cacao, café e infusiones",Café cápsula y monodosis,Café en cápsula descafeinado Tassimo,"Paquete 16 cápsulas (118,4 g)","5,30 € /ud.",11874," 44,764 €/kg"
"Cacao, café e infusiones",Café cápsula y monodosis,Café con leche en cápsula Tassimo,Paquete 16 cápsulas (184 g),"5,30 € /ud.",11871," 28,805 €/kg"
"Cacao, café e infusiones",Café cápsula y monodosis,Café monodosis natural Hacendado,Paquete 32 dosis (224 g),"2,15 € /ud.",11770," 9,599 €/kg"
"Cacao, café e infusiones",Café cápsula y monodosis,Café monodosis mezcla Hacendado,Paquete 32 dosis (224 g),"2,60 € /ud.",11730," 11,608 €/kg"
"Cacao, café e infusiones",Café cápsula y monodosis,Café monodosis intenso Hacendado,Paquete 32 dosis (224 g),"2,90 € /ud.",11732," 12,947 €/kg"
"Cacao, café e infusiones",Café cápsula y monodosis,Café monodosis descafeinado natural Hacendado,Paquete 32 dosis (224 g),"2,30 € /ud.",11777," 10,268 €/kg"
"Cacao, café e infusiones",Café molido y en grano,Café molido natural Hacendado,Paquete 500 g,"3,35 € /ud.",11178," 6,70 €/kg"
"Cacao, café e infusiones",Café molido y en grano,Café molido natural Hacendado,Paquete 250 g,"1,75 € /ud.",11172," 7,00 €/kg"
"Cacao, café e infusiones",Café molido y en grano,Café molido mezcla fuerte Hacendado,Paquete 500 g,"3,15 € /ud.",15922," 6,30 €/kg"
"Cacao, café e infusiones",Café molido y en grano,Café molido mezcla fuerte Hacendado,Paquete 250 g,"1,65 € /ud.",15923," 6,60 €/kg"
"Cacao, café e infusiones",Café molido y en grano,Café molido natural fuerte Hacendado,Paquete 500 g,"2,95 € /ud.",13700," 5,90 €/kg"
"Cacao, café e infusiones",Café molido y en grano,Café molido natural fuerte Hacendado,Paquete 250 g,"1,55 € /ud.",11171," 6,20 €/kg"
"Cacao, café e infusiones",Café molido y en grano,Café molido descafeinado natural Hacendado,Paquete 500 g,"3,30 € /ud.",13593," 6,60 €/kg"
"Cacao, café e infusiones",Café molido y en grano,Café molido descafeinado natural Hacendado,Paquete 250 g,"1,70 € /ud.",13592," 6,80 €/kg"
"Cacao, café e infusiones",Café molido y en grano,Café molido descafeinado mezcla Hacendado,Paquete 500 g,"3,30 € /ud.",11719," 6,60 €/kg"
"Cacao, café e infusiones",Café molido y en grano,Café molido descafeinado mezcla Hacendado,Paquete 250 g,"1,70 € /ud.",11711," 6,80 €/kg"
"Cacao, café e infusiones",Café molido y en grano,Café molido natural Hacendado Espresso,Paquete 250 g,"2,20 € /ud.",11714," 8,80 €/kg"
"Cacao, café e infusiones",Café molido y en grano,Café molido mezcla Hacendado Espresso,Paquete 250 g,"2,20 € /ud.",11752," 8,80 €/kg"
"Cacao, café e infusiones",Café molido y en grano,Café molido Colombia Hacendado,Paquete 250 g,"3,20 € /ud.",11715," 12,80 €/kg"
"Cacao, café e infusiones",Café molido y en grano,Café molido descafeinado Hacendado Espresso,Paquete 250 g,"2,55 € /ud.",11744," 10,20 €/kg"
"Cacao, café e infusiones",Café molido y en grano,Café molido natural Marcilla gran aroma,Caja 250 g,"3,45 € /ud.",11848," 13,80 €/kg"
"Cacao, café e infusiones",Café molido y en grano,Café molido mezcla Marcilla crème express,Caja 250 g,"4,00 € /ud.",11845," 16,00 €/kg"
"Cacao, café e infusiones",Café molido y en grano,Café molido mezcla Marcilla gran aroma,Caja 250 g,"3,45 € /ud.",11847," 13,80 €/kg"
"Cacao, café e infusiones",Café molido y en grano,Café en grano natural Hacendado,Paquete 1 kg,"7,70 € /ud.",13594," 7,70 €/kg"
"Cacao, café e infusiones",Café molido y en grano,Café en grano mezcla fuerte Hacendado,Paquete 1 kg,"7,55 € /ud.",11007," 7,55 €/kg"
"Cacao, café e infusiones",Café molido y en grano,Café en grano descafeinado natural Hacendado,Paquete 1 kg,"8,40 € /ud.",52491," 8,40 €/kg"
"Cacao, café e infusiones",Café molido y en grano,Café en grano extra fuerte Hacendado,Paquete 1 kg,"6,95 € /ud.",11077," 6,95 €/kg"
"Cacao, café e infusiones",Café soluble y otras bebidas,Café soluble Classic Hacendado,Bote 200 g,"2,70 € /ud.",22163," 13,50 €/kg"
"Cacao, café e infusiones",Café soluble y otras bebidas,Café soluble Classic Hacendado,Bote 100 g,"1,90 € /ud.",22718," 19,00 €/kg"
"Cacao, café e infusiones",Café soluble y otras bebidas,Café soluble clásico Hacendado en sobres,Caja 10 sobres (20 g),"1,00 € /ud.",11049," 5,00 €/100 g"
"Cacao, café e infusiones",Café soluble y otras bebidas,Café soluble natural Nescafé classic,Tarro 200 g,"6,65 € /ud.",11136," 33,25 €/kg"
"Cacao, café e infusiones",Café soluble y otras bebidas,Café soluble natural Nescafé classic,Tarro 100 g,"4,30 €3,99 € /ud.",11111," 39,90 €/kg"
"Cacao, café e infusiones",Café soluble y otras bebidas,Café soluble descafeinado Hacendado,Bote 200 g,"3,20 € /ud.",22164," 16,00 €/kg"
"Cacao, café e infusiones",Café soluble y otras bebidas,Café soluble descafeinado Hacendado,Bote 100 g,"1,95 € /ud.",22719," 19,50 €/kg"
"Cacao, café e infusiones",Café soluble y otras bebidas,Café soluble en sobres descafeinado Hacendado,Caja 10 sobres (20 g),"1,10 € /ud.",11051," 5,50 €/100 g"
"Cacao, café e infusiones",Café soluble y otras bebidas,Café soluble descafeinado Nescafé classic,Tarro 200 g,"6,65 € /ud.",11101," 33,25 €/kg"
"Cacao, café e infusiones",Café soluble y otras bebidas,Café soluble descafeinado Nescafé classic,Tarro 100 g,"4,30 €3,99 € /ud.",11104," 39,90 €/kg"
"Cacao, café e infusiones",Café soluble y otras bebidas,Café soluble espresso Creme Hacendado,Bote 80 g,"2,50 € /ud.",11123," 31,25 €/kg"
"Cacao, café e infusiones",Café soluble y otras bebidas,Café soluble cappuccino Hacendado,Bote 250 g,"2,65 € /ud.",23406," 10,60 €/kg"
"Cacao, café e infusiones",Café soluble y otras bebidas,Café soluble cappuccino caramelo Hacendado,Bote 250 g,"2,90 € /ud.",67660," 11,60 €/kg"
"Cacao, café e infusiones",Café soluble y otras bebidas,Café soluble cappuccino vienés Hacendado,Bote 300 g,"2,65 € /ud.",11134," 8,834 €/kg"
"Cacao, café e infusiones",Café soluble y otras bebidas,Café soluble selección Hacendado,Bote 100 g,"3,15 € /ud.",11115," 31,50 €/kg"
"Cacao, café e infusiones",Café soluble y otras bebidas,Café soluble cappuccino descafeinado Hacendado,Bote 250 g,"3,10 € /ud.",23407," 12,40 €/kg"
"Cacao, café e infusiones",Café soluble y otras bebidas,Café con leche cappuccino Hacendado,Vaso 250 ml,"0,80 € /ud.",10666," 3,20 €/L"
"Cacao, café e infusiones",Café soluble y otras bebidas,Café con leche light sin lactosa Hacendado,Vaso 250 ml,"0,95 € /ud.",10642," 3,80 €/L"
"Cacao, café e infusiones",Café soluble y otras bebidas,Café con leche espresso Hacendado,Vaso 250 ml,"0,80 € /ud.",10644," 3,20 €/L"
"Cacao, café e infusiones",Café soluble y otras bebidas,Café con leche descafeinado Hacendado,Vaso 250 ml,"0,85 € /ud.",10672," 3,40 €/L"
"Cacao, café e infusiones",Café soluble y otras bebidas,Crema de leche para café Campina,Paquete 20 ud. (200 ml),"1,10 € /ud.",10449," 5,50 €/L"
"Cacao, café e infusiones",Café soluble y otras bebidas,Cereales solubles con achicoria Hacendado,Bote 150 g,"2,10 € /ud.",11187," 14,00 €/kg"
"Cacao, café e infusiones",Café soluble y otras bebidas,Filtros de café para cafeteras tamaño 2 y 4 Bosque Verde,Caja 100 filtros,"1,95 € /ud.",60515," 0,02 €/ud"
"Cacao, café e infusiones",Té e infusiones,Té verde Hacendado,Caja 20 bolsitas (30 g),"0,75 € /ud.",13651," 2,50 €/100 g"
"Cacao, café e infusiones",Té e infusiones,Té rojo Hacendado,Caja 20 bolsitas (40 g),"1,15 € /ud.",11054," 2,875 €/100 g"
"Cacao, café e infusiones",Té e infusiones,Té Chai Hacendado,Caja 20 bolsitas (40 g),"1,40 € /ud.",11433," 3,50 €/100 g"
"Cacao, café e infusiones",Té e infusiones,Té verde con limón Hacendado,Caja 20 bolsitas (40 g),"1,20 € /ud.",13657," 3,00 €/100 g"
"Cacao, café e infusiones",Té e infusiones,Té negro PG tips,Caja 40 bolsitas (116 g),"2,50 € /ud.",52967," 21,552 €/kg"
"Cacao, café e infusiones",Té e infusiones,Té negro con canela Hacendado,Caja 20 bolsitas (30 g),"1,40 € /ud.",35727," 4,667 €/100 g"
"Cacao, café e infusiones",Té e infusiones,Té matcha en polvo Hacendado,Caja 10 sobres (15 g),"3,20 € /ud.",11440," 21,334 €/100 g"
"Cacao, café e infusiones",Té e infusiones,Té verde con hierbabuena Hacendado,Caja 20 bolsitas (40 g),"1,35 € /ud.",11175," 3,375 €/100 g"
"Cacao, café e infusiones",Té e infusiones,Infusión manzanilla Hacendado,Caja 20 bolsitas (27 g),"0,60 €0,55 € /ud.",11168," 2,038 €/100 g"
"Cacao, café e infusiones",Té e infusiones,Infusión Menta Poleo Hacendado,Caja 20 bolsitas (30 g),"0,65 € /ud.",13395," 2,167 €/100 g"
"Cacao, café e infusiones",Té e infusiones,Infusión Tila Hacendado,Caja 20 bolsitas (24 g),"0,90 €0,85 € /ud.",11431," 3,542 €/100 g"
"Cacao, café e infusiones",Té e infusiones,Infusión Cola de caballo Hacendado,Caja 20 bolsitas (30 g),"1,20 € /ud.",11447," 4,00 €/100 g"
"Cacao, café e infusiones",Té e infusiones,Infusión Manzanilla con anís Hacendado,Caja 20 bolsitas (26 g),"0,85 € /ud.",11430," 3,27 €/100 g"
"Cacao, café e infusiones",Té e infusiones,Infusión Relax Hacendado,Caja 20 bolsitas (30 g),"1,05 € /ud.",11408," 3,50 €/100 g"
"Cacao, café e infusiones",Té e infusiones,Infusión Laxsen sabor menta Hacendado,Caja 20 bolsitas (30 g),"1,20 € /ud.",11470," 4,00 €/100 g"
"Cacao, café e infusiones",Té e infusiones,Infusión Tomillo Hacendado,Caja 20 bolsitas (24 g),"1,05 € /ud.",11453," 4,375 €/100 g"
"Cacao, café e infusiones",Té e infusiones,Infusión Dormir Hacendado,Caja 20 bolsitas (30 g),"1,05 € /ud.",11427," 3,50 €/100 g"
"Cacao, café e infusiones",Té e infusiones,Infusión Rooibos cítricos Hacendado,Caja 20 bolsitas (40 g),"1,15 € /ud.",13652," 2,875 €/100 g"
"Cacao, café e infusiones",Té e infusiones,Infusión Figura Hacendado,Caja 20 bolsitas (30 g),"1,20 € /ud.",11426," 4,00 €/100 g"
"Cacao, café e infusiones",Té e infusiones,Infusión Digest Hacendado,Caja 20 bolsitas (40 g),"1,10 €1,05 € /ud.",15726," 2,625 €/100 g"
"Cacao, café e infusiones",Té e infusiones,Infusión Respir Hacendado,Caja 20 bolsitas (30 g),"1,40 € /ud.",11415," 4,667 €/100 g"
"Cacao, café e infusiones",Té e infusiones,Infusión yerba mate Taragüi,Paquete 500 g,"3,00 €2,85 € /ud.",11326," 5,70 €/kg"
"Cacao, café e infusiones",Té e infusiones,Infusión Jengibre Hacendado,Caja 20 bolsitas (40 g),"1,35 € /ud.",11400," 3,375 €/100 g"
"Cacao, café e infusiones",Té e infusiones,Infusión Manzanilla sabor a miel Hacendado,Caja 20 bolsitas (26 g),"1,15 € /ud.",11454," 4,424 €/100 g"
"Cacao, café e infusiones",Té e infusiones,Infusión frutos rojos Hacendado,Caja 20 bolsitas (40 g),"1,40 € /ud.",11061," 3,50 €/100 g"
"Cacao, café e infusiones",Té e infusiones,Infusión Cúrcuma Hacendado,Caja 20 bolsitas (34 g),"1,40 € /ud.",11438," 4,118 €/100 g"
"Cacao, café e infusiones",Té e infusiones,Infusión Quema grasas Hacendado,Caja 20 bolsitas (30 g),"1,20 € /ud.",11443," 4,00 €/100 g"
"Cacao, café e infusiones",Té e infusiones,Infusión Hinojo Hacendado,Caja 20 bolsitas (40 g),"1,20 € /ud.",11468," 3,00 €/100 g"
Carne,Arreglos,"Arreglo para puchero vacuno, cerdo y pollo",Bandeja 1 kg aprox.,"5,40 € /ud.",3497," 5,40 €/kg"
Carne,Arreglos,Pelota de cerdo y vacuno,Bandeja 2 ud. (280 g aprox.),"2,70 € /ud.",35862," 9,64 €/kg"
Carne,Arreglos,Mini pelotas de cerdo y vacuno,Bandeja 330 g aprox.,"3,80 € /ud.",35863," 11,50 €/kg"
Carne,Arreglos,Hueso garrón Incarlopsa,290 g aprox.,"1,16 € /pack",58307," 4,00 €/kg"
Carne,Arreglos,Hueso vacuno,Bandeja 250 g aprox.,"1,05 € /ud.",3496," 4,20 €/kg"
Carne,Arreglos,Trozo de vacuno para cocido,Bandeja 300 g aprox.,"3,84 € /ud.",2692," 12,79 €/kg"
Carne,Arreglos,Compango asturiano,Paquete 250 g,"2,65 € /ud.",53011," 10,60 €/kg"
Carne,Arreglos,Espinazo de cerdo,Bandeja 180 g aprox.,"0,77 € /ud.",2689," 4,30 €/kg"
Carne,Arreglos,Manos de cerdo,Bandeja 500 g aprox.,"3,10 € /ud.",2851," 6,20 €/kg"
Carne,Arreglos,Costilla de vacuno,Bandeja 250 g aprox.,"2,88 € /ud.",3499," 11,50 €/kg"
Carne,Arreglos,Tocino de cerdo,Paquete 190 g aprox.,"0,86 € /ud.",35805," 4,50 €/kg"
Carne,Arreglos,Chorizo asturiano,Paquete 250 g,"2,78 € /ud.",59154," 11,12 €/kg"
Carne,Arreglos,Hueso blanco de cerdo salado,Bandeja 350 g aprox.,"1,49 € /ud.",1892," 4,25 €/kg"
Carne,Arreglos,Preparado de cerdo salado,Bandeja 500 g aprox.,"2,35 € /ud.",1423," 4,70 €/kg"
Carne,Arreglos,Arreglo para escudella,Bandeja 1 kg aprox.,"6,25 € /ud.",3739," 6,25 €/kg"
Carne,Arreglos,Media gallina,Bandeja 450 g aprox.,"2,21 € /ud.",3795," 4,90 €/kg"
Carne,Aves y pollo,Filetes pechuga de pavo,Bandeja 600 g aprox.,"4,92 € /ud.",2794," 8,20 €/kg"
Carne,Aves y pollo,Filetes pechuga de pavo Procavi corte fino,Bandeja 570 g aprox.,"5,53 € /ud.",4524," 9,70 €/kg"
Carne,Aves y pollo,Chuletas de pavo contramuslo,Bandeja 760 g aprox.,"5,40 € /ud.",4523," 7,10 €/kg"
Carne,Aves y pollo,Tacos de pavo,Bandeja 600 g aprox.,"4,44 € /ud.",2792," 7,40 €/kg"
Carne,Aves y pollo,Solomillo de pavo,Bandeja 600 g aprox.,"4,74 € /ud.",25926," 7,90 €/kg"
Carne,Aves y pollo,Chuletas de pavo al ajillo,Bandeja 600 g aprox.,"4,14 € /ud.",2837," 6,90 €/kg"
Carne,Aves y pollo,Brochetas de pavo,Bandeja 500 g aprox.,"4,35 € /ud.",4156," 8,70 €/kg"
Carne,Aves y pollo,Pechugas de pavo pimentón,Bandeja 580 g aprox.,"4,92 € /ud.",2836," 8,49 €/kg"
Carne,Aves y pollo,Tacos de pavo al ajillo,Bandeja 600 g aprox.,"3,81 € /ud.",3443," 6,35 €/kg"
Carne,Aves y pollo,Filetes de pavo contramuslo Procavi,Bandeja 500 g aprox.,"3,95 € /ud.",4109," 7,90 €/kg"
Carne,Aves y pollo,Codornices abiertas,Bandeja 300 g aprox.,"3,87 € /ud.",3508," 12,90 €/kg"
Carne,Aves y pollo,Foie gras de pato fresco Martiko,Paquete 135 g,"9,45 € /ud.",35396," 70,00 €/kg"
Carne,Aves y pollo,Codornices,Bandeja 350 g aprox.,"4,16 € /ud.",2796," 11,90 €/kg"
Carne,Aves y pollo,Magret de pato,Pieza 380 g aprox.,"9,12 € /ud.",25629," 24,00 €/kg"
Carne,Aves y pollo,Medallones solomillo de pavo,Bandeja 300 g aprox.,"3,39 € /ud.",4384," 11,30 €/kg"
Carne,Aves y pollo,Filetes pechuga de pollo corte fino,Bandeja 500 g aprox.,"4,28 € /ud.",3400," 8,55 €/kg"
Carne,Aves y pollo,Filetes pechuga de pollo,Bandeja 650 g aprox.,"4,81 € /ud.",2787," 7,40 €/kg"
Carne,Aves y pollo,Contramuslos de pollo deshuesados y sin piel,Bandeja 550 g aprox.,"3,96 € /ud.",2789," 7,20 €/kg"
Carne,Aves y pollo,Solomillos de pollo,Bandeja 500 g aprox.,"4,13 € /ud.",2786," 8,25 €/kg"
Carne,Aves y pollo,Pechugas enteras de pollo,"Bandeja 1,2 kg aprox.","6,95 € /ud.",3682," 5,79 €/kg"
Carne,Aves y pollo,Cuartos traseros familiar de pollo,"Bandeja 1,6 kg aprox.","4,88 € /ud.",3680," 3,05 €/kg"
Carne,Aves y pollo,Cuartos traseros de pollo,Bandeja 800 g aprox.,"2,72 € /ud.",3727," 3,40 €/kg"
Carne,Aves y pollo,Muslos de pollo deshuesados con piel,Bandeja 500 g aprox.,"2,88 € /ud.",2788," 5,75 €/kg"
Carne,Aves y pollo,Pechugas enteras de pollo,Bandeja 500 g aprox.,"3,48 € /ud.",3724," 6,95 €/kg"
Carne,Aves y pollo,Medio pollo troceado,Bandeja 900 g aprox.,"3,60 € /ud.",2779," 4,00 €/kg"
Carne,Aves y pollo,Brochetas de pollo,Bandeja 370 g aprox.,"3,20 € /ud.",35902," 8,66 €/kg"
Carne,Aves y pollo,Jamoncitos de pollo,Bandeja 920 g aprox.,"3,59 € /ud.",2778," 3,90 €/kg"
Carne,Aves y pollo,Alas partidas de pollo,Bandeja 600 g aprox.,"3,23 € /ud.",2785," 5,39 €/kg"
Carne,Aves y pollo,Carcasa y espinazo de pollo,Bandeja 1 kg aprox.,"1,50 € /ud.",2853," 1,50 €/kg"
Carne,Aves y pollo,Pechugas de pollo marinadas empanadas sin gluten,Bandeja 360 g aprox.,"2,83 € /ud.",21227," 7,87 €/kg"
Carne,Aves y pollo,Filetes pechuga de pollo certificado alimentado con un 50% de maíz,Bandeja 500 g aprox.,"4,59 € /ud.",2791," 9,17 €/kg"
Carne,Aves y pollo,Flautas de pollo y queso,Bandeja 280 g,"2,00 € /ud.",2137," 7,327 €/kg"
Carne,Aves y pollo,Pechugas de pollo finas hierbas marinadas,Bandeja 650 g aprox.,"4,81 € /ud.",2833," 7,40 €/kg"
Carne,Aves y pollo,Pollo entero,"Bandeja 1,9 kg aprox.","6,17 € /ud.",2781," 3,25 €/kg"
Carne,Aves y pollo,Hígados y corazones de pollo,Tarrina 450 g aprox.,"1,73 € /ud.",2857," 3,85 €/kg"
Carne,Aves y pollo,Cuartos traseros de pollo certificado alimentado con un 50% de maíz,Bandeja 900 g aprox.,"4,41 € /ud.",2783," 4,90 €/kg"
Carne,Aves y pollo,Medallones pechuga de pollo marinado,Bandeja 650 g aprox.,"4,52 € /ud.",2831," 6,95 €/kg"
Carne,Aves y pollo,Contramuslos de pollo sin piel,Bandeja 900 g aprox.,"4,01 € /ud.",2777," 4,45 €/kg"
Carne,Aves y pollo,Alas de pollo adobadas,Bandeja 680 g aprox.,"3,20 € /ud.",2832," 4,70 €/kg"
Carne,Aves y pollo,Fajitas pollo y verduras,Bandeja 400 g,"3,99 €3,85 € /ud.",4284," 9,625 €/kg"
Carne,Aves y pollo,Alas de pollo,Bandeja 980 g aprox.,"4,36 € /ud.",2784," 4,45 €/kg"
Carne,Aves y pollo,Contramuslos de pollo marinados con piel,Bandeja 600 g aprox.,"4,35 € /ud.",2970," 7,25 €/kg"
Carne,Aves y pollo,Carcasa de pollo certificado alimentado con un 50% de maíz,Bandeja 750 g aprox.,"2,33 € /ud.",2855," 3,10 €/kg"
Carne,Aves y pollo,Jamoncitos de pollo certificado alimentado con un 50% de maíz,Bandeja 850 g aprox.,"5,29 € /ud.",25461," 6,22 €/kg"
Carne,Aves y pollo,Pollo certificado entero alimentado con un 50% de maíz,"Bandeja 1,8 kg aprox.","8,14 € /ud.",2782," 4,52 €/kg"
Carne,Aves y pollo,Medio pollo certificado troceado alimentado con un 50% de maíz,Bandeja 950 g aprox.,"5,41 € /ud.",10000," 5,70 €/kg"
Carne,Aves y pollo,Pechugas enteras de pollo certificado alimentado con un 50% de maíz,Bandeja 550 g aprox.,"4,87 € /ud.",25460," 8,86 €/kg"
Carne,Aves y pollo,Alas partidas de pollo certificado alimentado con un 50% de maíz,Bandeja 590 g aprox.,"4,35 € /ud.",3791," 7,37 €/kg"
Carne,Aves y pollo,Mollejas de pollo,Tarrina 300 g aprox.,"1,57 € /ud.",2856," 5,25 €/kg"
Carne,Aves y pollo,Patas de pollo,Bandeja 450 g aprox.,"1,82 € /ud.",25243," 4,05 €/kg"
Carne,Aves y pollo,Picantones de pollo,Bandeja 800 g aprox.,"7,36 € /ud.",2795," 9,20 €/kg"
Carne,Aves y pollo,Contramuslos deshuesados y sin piel de pollo certificado alimentado con un 50% de maíz,Bandeja 550 g aprox.,"4,58 € /ud.",25258," 8,32 €/kg"
Carne,Aves y pollo,Muslos deshuesados con piel de pollo certificado alimentado con un 50% de maíz,Bandeja 600 g aprox.,"4,98 € /ud.",25208," 8,30 €/kg"
Carne,Aves y pollo,Filetes pechuga de pollo extra tiernos,Bandeja 560 g aprox.,"4,46 € /ud.",3653," 7,96 €/kg"
Carne,Aves y pollo,Pinchos de pollo adobados,Bandeja 500 g aprox.,"3,98 € /ud.",3456," 7,95 €/kg"
Carne,Aves y pollo,Solomillos de pollo certificado alimentado con un 50% de maíz,Bandeja 500 g aprox.,"5,53 € /ud.",2830," 11,05 €/kg"
Carne,Aves y pollo,Pechugas de pollo rellenas de jamón y queso empanadas sin gluten,Bandeja 450 g aprox.,"4,55 € /ud.",21257," 10,10 €/kg"
Carne,Aves y pollo,Lagrimitas de pollo al limón empanadas sin gluten,Bandeja 340 g aprox.,"2,92 € /ud.",21235," 8,60 €/kg"
Carne,Aves y pollo,Solomillos de pollo marinados empanados sin gluten,Bandeja 465 g aprox.,"4,16 € /ud.",52514," 8,95 €/kg"
Carne,Aves y pollo,Cuellos de pollo,Bandeja 638 g aprox.,"1,60 € /ud.",60601," 2,50 €/kg"
Carne,Carne congelada,Jamoncitos de pollo congelados,Paquete 1 kg,"3,10 € /ud.",25183," 3,10 €/kg"
Carne,Carne congelada,Alas de pollo congeladas,Paquete 1 kg,"3,40 € /ud.",25184," 3,40 €/kg"
Carne,Carne congelada,Medallones preparado de solomillo cerdo congelados marinados,Paquete 300 g aprox.,"3,11 € /ud.",4176," 10,36 €/kg"
Carne,Carne congelada,Solomillo de pavo marinado congelado,Paquete 350 g aprox.,"2,76 € /ud.",25353," 7,90 €/kg"
Carne,Carne congelada,Cuartos traseros de pollo congelados,Paquete 2 kg,"5,80 € /ud.",25182," 2,90 €/kg"
Carne,Carne congelada,Solomillo de cerdo marinado congelado,Paquete 800 g aprox.,"6,24 € /ud.",2228," 7,80 €/kg"
Carne,Carne congelada,Chuletas de cordero palo o riñonada congeladas,Paquete 600 g aprox.,"11,37 € /ud.",5186," 18,95 €/kg"
Carne,Carne congelada,Paletilla de cordero entera congelada,"Pieza 1,2 kg aprox.","17,40 € /ud.",4022," 14,50 €/kg"
Carne,Carne congelada,Chuletas de cabrito congeladas,Paquete 430 g aprox.,"11,14 € /ud.",5034," 25,90 €/kg"
Carne,Carne congelada,Pierna de cabrito congelada,Pieza 530 g aprox.,"8,48 € /ud.",4599," 16,00 €/kg"
Carne,Carne congelada,Carrillada de cerdo congelada,Paquete 460 g aprox.,"5,75 € /ud.",4425," 12,50 €/kg"
Carne,Carne congelada,Pechugas de pollo enteras congeladas,Paquete 1 kg aprox.,"5,65 € /ud.",30006," 5,65 €/kg"
Carne,Carne congelada,Alas de pollo barbacoa congeladas,Paquete 750 g,"3,68 € /ud.",52426," 4,907 €/kg"
Carne,Cerdo,Costillas de cerdo carnosas a tacos,Bandeja 530 g aprox.,"4,08 € /ud.",2811," 7,69 €/kg"
Carne,Cerdo,Filetes lomo de cerdo,Bandeja 400 g aprox.,"2,84 € /ud.",2714," 7,09 €/kg"
Carne,Cerdo,Filetes lomo de cerdo familiar,Bandeja 900 g aprox.,"6,29 € /ud.",3395," 6,99 €/kg"
Carne,Cerdo,Carrillada de cerdo,Bandeja 500 g aprox.,"6,55 € /ud.",2810," 13,10 €/kg"
Carne,Cerdo,Costilla de cerdo ibérico adobada,Bandeja 600 g aprox.,"4,11 € /ud.",1564," 6,85 €/kg"
Carne,Cerdo,Chuletas de cerdo sajonia,Bandeja 290 g aprox.,"2,77 € /ud.",23305," 9,55 €/kg"
Carne,Cerdo,Costilla de cerdo churrasco,Pieza 900 g aprox.,"5,40 € /ud.",35286," 6,00 €/kg"
Carne,Cerdo,Panceta,Bandeja 500 g aprox.,"3,45 € /ud.",2815," 6,90 €/kg"
Carne,Cerdo,Manos de cerdo,Bandeja 500 g aprox.,"3,10 € /ud.",2851," 6,20 €/kg"
Carne,Cerdo,Cerdo a tacos,Bandeja 560 g aprox.,"3,22 € /ud.",2813," 5,75 €/kg"
Carne,Cerdo,Lomo de cerdo adobado,Bandeja 470 g aprox.,"3,38 € /ud.",2715," 7,20 €/kg"
Carne,Cerdo,Lomo de cerdo adobado familiar,Bandeja 900 g aprox.,"6,08 € /ud.",5046," 6,75 €/kg"
Carne,Cerdo,San Jacobos de cerdo sin gluten,Bandeja 400 g aprox.,"2,52 € /ud.",52957," 6,30 €/kg"
Carne,Cerdo,Filetes lomo de cerdo cabeza,Bandeja 550 g aprox.,"3,69 € /ud.",2817," 6,70 €/kg"
Carne,Cerdo,Flautas de bacón y queso,Bandeja 280 g,"2,00 € /ud.",2169," 7,247 €/kg"
Carne,Cerdo,Secreto de cerdo,Bandeja 400 g aprox.,"2,56 € /ud.",2685," 6,39 €/kg"
Carne,Cerdo,Media careta de cerdo sin oreja,Bandeja 420 g aprox.,"2,34 € /ud.",2812," 5,56 €/kg"
Carne,Cerdo,Manteca de cerdo Mont-Palau para cocinar,Tarrina 400 g,"2,30 € /ud.",53130," 5,75 €/kg"
Carne,Cerdo,Fiambre de magro de cerdo adobado,Paquete 370 g,"2,68 € /ud.",23308," 7,244 €/kg"
Carne,Cerdo,Codillo de cerdo,Bandeja 480 g aprox.,"2,50 € /ud.",2684," 5,20 €/kg"
Carne,Cerdo,Filetes hígado de cerdo,Bandeja 450 g aprox.,"2,41 € /ud.",2859," 5,35 €/kg"
Carne,Cerdo,Filetes lomo al ajillo,Bandeja 500 g aprox.,"3,88 € /ud.",3440," 7,75 €/kg"
Carne,Cerdo,Lomo de cerdo grueso,Bandeja 300 g aprox.,"2,19 € /ud.",3553," 7,29 €/kg"
Carne,Cerdo,Presa de cerdo ibérico,Bandeja 240 g aprox.,"6,82 € /ud.",4915," 28,40 €/kg"
Carne,Cerdo,Lomo de cerdo ibérico adobado,Paquete 220 g aprox.,"4,82 € /ud.",1886," 21,90 €/kg"
Carne,Cerdo,Secreto de cerdo ibérico,Bandeja 250 g aprox.,"5,93 € /ud.",4919," 23,70 €/kg"
Carne,Cerdo,Sesos de cerdo,Bandeja 130 g,"2,95 € /ud.",2858," 22,693 €/kg"
Carne,Cerdo,Medallones preparado de solomillo cerdo provenzal,Bandeja 400 g aprox.,"4,14 € /ud.",4152," 10,35 €/kg"
Carne,Cerdo,Pinchos de cerdo sin varilla,Bandeja 510 g aprox.,"4,18 € /ud.",2839," 8,20 €/kg"
Carne,Cerdo,Chuletas lomo de cerdo,Bandeja 480 g aprox.,"3,10 € /ud.",4901," 6,45 €/kg"
Carne,Cerdo,Chuletas aguja de cerdo,Bandeja 650 g aprox.,"3,97 € /ud.",4900," 6,10 €/kg"
Carne,Cerdo,Lomo de cerdo ibérico,Bandeja 285 g aprox.,"6,26 € /ud.",4918," 21,95 €/kg"
Carne,Cerdo,Solomillo de cerdo,Paquete 500 g aprox.,"4,10 € /ud.",4570," 8,20 €/kg"
Carne,Cerdo,Fiambre lomo de cerdo adobado,Bandeja 370 g,"3,50 € /ud.",23309," 9,46 €/kg"
Carne,Cerdo,Oreja de cerdo,Bandeja 520 g aprox.,"3,63 € /ud.",2570," 6,99 €/kg"
Carne,Cerdo,Riñones de cerdo,Bandeja 600 g aprox.,"3,39 € /ud.",3448," 5,65 €/kg"
Carne,Cerdo,Carrillada de cerdo con hueso,Bandeja 700 g aprox.,"6,37 € /ud.",3548," 9,10 €/kg"
Carne,Cerdo,Filetes lomo de cerdo extra tiernos,Bandeja 460 g aprox.,"3,49 € /ud.",2849," 7,58 €/kg"
Carne,Cerdo,Libritos de cerdo rellenos de pimiento verde y jamón curado empanados sin gluten,Bandeja 380 g aprox.,"3,84 € /ud.",21272," 10,10 €/kg"
Carne,Cerdo,Lomo de cerdo trozo,Pieza 800 g aprox.,"4,23 € /ud.",4590," 5,29 €/kg"
Carne,Cerdo,Pieza magro cabeza de cerdo,"Pieza 1,2 kg aprox.","6,47 € /ud.",3554," 5,39 €/kg"
Carne,Cerdo,Solomillo de cerdo ibérico,Paquete 440 g aprox.,"8,32 € /ud.",67599," 18,90 €/kg"
Carne,Cerdo,Lomo de cerdo marinado empanado,Bandeja 400 g aprox.,"3,30 € /ud.",52718," 8,25 €/kg"
Carne,Conejo y cordero,Medio conejo troceado,Bandeja 600 g aprox.,"5,31 € /ud.",25972," 8,85 €/kg"
Carne,Conejo y cordero,Conejo entero,"Pieza 1,3 kg aprox.","10,21 € /ud.",2797," 7,85 €/kg"
Carne,Conejo y cordero,Paletillas de conejo,Bandeja 400 g aprox.,"6,78 € /ud.",25191," 16,95 €/kg"
Carne,Conejo y cordero,Muslos de conejo,Bandeja 400 g aprox.,"4,78 € /ud.",25192," 11,95 €/kg"
Carne,Conejo y cordero,Lomos de conejo,Bandeja 400 g aprox.,"5,30 € /ud.",25193," 13,25 €/kg"
Carne,Conejo y cordero,Costillas de conejo partidas,Bandeja 400 g aprox.,"3,38 € /ud.",5070," 8,45 €/kg"
Carne,Conejo y cordero,Chuletas de cordero palo y riñonada,Bandeja 760 g aprox.,"19,38 € /ud.",4363," 25,50 €/kg"
Carne,Conejo y cordero,Chuletas de cordero mixtas,Bandeja 850 g aprox.,"17,00 € /ud.",4366," 20,00 €/kg"
Carne,Conejo y cordero,Chuletas de cordero pierna,Bandeja 800 g aprox.,"15,20 € /ud.",4364," 19,00 €/kg"
Carne,Conejo y cordero,Chuletas de cordero paletilla,Bandeja 540 g aprox.,"11,07 € /ud.",4362," 20,50 €/kg"
Carne,Conejo y cordero,Garretas brazuelo de cordero,Bandeja 460 g aprox.,"5,98 € /ud.",4361," 13,00 €/kg"
Carne,Conejo y cordero,Cuello de cordero,Bandeja 410 g aprox.,"5,33 € /ud.",4360," 13,00 €/kg"
Carne,Conejo y cordero,Churrasco de cordero,Bandeja 500 g aprox.,"6,50 € /ud.",4282," 13,00 €/kg"
Carne,Conejo y cordero,Chuleta de cordero Tomahawk,Paquete 300 g aprox.,"8,40 € /ud.",52479," 28,00 €/kg"
Carne,Conejo y cordero,Escalopín picaña de cordero,Paquete 290 g aprox.,"8,12 € /ud.",52480," 28,00 €/kg"
Carne,Embutido,Longaniza magro fresca,Bandeja 535 g aprox.,"3,37 € /ud.",6040," 6,30 €/kg"
Carne,Embutido,Longaniza fresca sin tripa,Bandeja 560 g,"3,30 € /ud.",6043," 5,893 €/kg"
Carne,Embutido,Longaniza fresca de pollo,Bandeja 550 g aprox.,"4,13 € /ud.",6041," 7,50 €/kg"
Carne,Embutido,Morcilla de cebolla oreada,Bandeja 280 g aprox.,"1,90 € /ud.",35049," 6,80 €/kg"
Carne,Embutido,Morcilla de cebolla,Bandeja 600 g aprox.,"3,60 € /ud.",4117," 6,00 €/kg"
Carne,Embutido,Chorizo oreado,Bandeja 360 g aprox.,"2,57 € /ud.",6048," 7,15 €/kg"
Carne,Embutido,Chistorra,Paquete 220 g,"1,55 € /ud.",2864," 7,046 €/kg"
Carne,Embutido,Longaniza roja fresca rosca,Bandeja 400 g aprox.,"3,00 € /ud.",4114," 7,50 €/kg"
Carne,Embutido,Longaniza fresca estilo criollo,Bandeja 380 g aprox.,"2,96 € /ud.",6045," 7,80 €/kg"
Carne,Embutido,Butifarra fresca,Bandeja 640 g aprox.,"3,68 € /ud.",6044," 5,75 €/kg"
Carne,Embutido,Butifarra fresca de pagés con pimienta,Bandeja 650 g aprox.,"4,29 € /ud.",4416," 6,60 €/kg"
Carne,Embutido,Embutido surtido barbacoa,Bandeja 500 g aprox.,"3,70 € /ud.",5158," 7,40 €/kg"
Carne,Embutido,Morcilla de arroz y cebolla,Paquete 300 g aprox.,"1,63 € /ud.",2876," 5,45 €/kg"
Carne,Embutido,Chorizo aperitivo,Bandeja 300 g aprox.,"2,59 € /ud.",6046," 8,65 €/kg"
Carne,Embutido,Chorizo picante aperitivo,Bandeja 375 g aprox.,"3,24 € /ud.",6047," 8,65 €/kg"
Carne,Hamburguesas y picadas,Burger de cerdo,Bandeja 6 ud. (540 g),"3,00 € /ud.",52672," 5,556 €/kg"
Carne,Hamburguesas y picadas,Burger de vacuno y cerdo,Bandeja 6 ud. (540 g),"3,78 € /ud.",2872," 7,00 €/kg"
Carne,Hamburguesas y picadas,Burger de vacuno,Bandeja 6 ud. (540 g),"4,40 € /ud.",2873," 8,149 €/kg"
Carne,Hamburguesas y picadas,Burger de pollo,Bandeja 6 ud. (540 g),"3,99 € /ud.",2622," 7,389 €/kg"
Carne,Hamburguesas y picadas,Burger de vacuno gruesas,Bandeja 2 ud. (360 g),"3,78 € /ud.",3547," 10,50 €/kg"
Carne,Hamburguesas y picadas,Burger de vacuno y cerdo con jamón y cebolla caramelizada,Bandeja 2 ud. (240 g),"2,50 € /ud.",4155," 10,417 €/kg"
Carne,Hamburguesas y picadas,Burger de pavo y espinacas,Bandeja 2 ud. (240 g),"2,37 € /ud.",3976," 9,875 €/kg"
Carne,Hamburguesas y picadas,Burger de pavo y pollo,Bandeja 6 ud. (540 g),"4,11 € /ud.",3561," 7,612 €/kg"
Carne,Hamburguesas y picadas,Mini burgers de pollo,Bandeja 8 ud. (280 g),"2,70 € /ud.",10467," 9,643 €/kg"
Carne,Hamburguesas y picadas,Mini burgers de vacuno y cerdo,Bandeja 8 ud. (280 g),"2,59 € /ud.",10453," 9,25 €/kg"
Carne,Hamburguesas y picadas,Burger de vacuno y cerdo gruesas,Bandeja 2 ud. (360 g),"3,15 € /ud.",3979," 8,75 €/kg"
Carne,Hamburguesas y picadas,Burger de pollo certificado gruesas alimentado con un 50% de maíz,Bandeja 2 ud. (360 g),"3,52 € /ud.",5147," 9,778 €/kg"
Carne,Hamburguesas y picadas,Burger de cerdo ibérico gruesas,Bandeja 2 ud. (360 g),"3,14 € /ud.",5139," 8,723 €/kg"
Carne,Hamburguesas y picadas,Burger de vacuno y cerdo con ajo y perejil,Bandeja 2 ud. (240 g),"2,34 € /ud.",3978," 9,75 €/kg"
Carne,Hamburguesas y picadas,Burger de pollo y zanahoria,Bandeja 2 ud. (240 g),"2,31 € /ud.",8122," 9,625 €/kg"
Carne,Hamburguesas y picadas,Burger de vacuno angus gruesa,Bandeja 2 ud. (360 g),"4,81 € /ud.",4110," 13,362 €/kg"
Carne,Hamburguesas y picadas,Burger Crunchy Chicken,Bandeja 2 ud. (240 g),"2,15 € /ud.",4079," 8,959 €/kg"
Carne,Hamburguesas y picadas,Hamburguesa de lomo de vacuno,Paquete 2 ud. (240 g),"3,70 € /ud.",35884," 15,417 €/kg"
Carne,Hamburguesas y picadas,Preparado de carne picada vacuno y cerdo,Bandeja 500 g,"3,60 € /ud.",2869," 7,20 €/kg"
Carne,Hamburguesas y picadas,Preparado de carne picada vacuno y cerdo,Bandeja 1 kg,"6,50 € /ud.",3453," 6,50 €/kg"
Carne,Hamburguesas y picadas,Preparado de carne picada cerdo,Bandeja 500 g,"2,95 € /ud.",2867," 5,90 €/kg"
Carne,Hamburguesas y picadas,Preparado de carne picada cerdo,Bandeja 1 kg,"5,60 € /ud.",3451," 5,60 €/kg"
Carne,Hamburguesas y picadas,Preparado de carne picada vacuno,Bandeja 500 g,"3,95 € /ud.",2868," 7,90 €/kg"
Carne,Hamburguesas y picadas,Preparado de carne picada vacuno,Bandeja 1 kg,"7,30 € /ud.",3454," 7,30 €/kg"
Carne,Hamburguesas y picadas,Preparado de carne picada pollo y pavo,Bandeja 500 g,"3,70 € /ud.",2870," 7,40 €/kg"
Carne,Hamburguesas y picadas,Preparado de carne picada pollo y pavo,Bandeja 1 kg,"7,00 € /ud.",3452," 7,00 €/kg"
Carne,Hamburguesas y picadas,Albóndigas de cerdo,Bandeja 24 ud. (840 g),"4,55 € /ud.",2871," 5,417 €/kg"
Carne,Hamburguesas y picadas,Albóndigas de pollo,Bandeja 840 g,"6,20 € /ud.",23632," 7,381 €/kg"
Carne,Vacuno,Filetes de vacuno 1º B añojo para plancha o guisar,Bandeja 500 g aprox.,"6,65 € /ud.",2712," 13,30 €/kg"
Carne,Vacuno,Tacos de vacuno añojo para guisar,Bandeja 600 g aprox.,"7,38 € /ud.",2807," 12,30 €/kg"
Carne,Vacuno,Lomo de vacuno añojo para plancha,Bandeja 500 g aprox.,"9,10 € /ud.",2800," 18,20 €/kg"
Carne,Vacuno,Filetes de vacuno 1º B añojo para plancha o guisar,Bandeja 500 g aprox.,"6,65 € /ud.",2712," 13,30 €/kg"
Carne,Vacuno,Tacos de vacuno añojo para guisar,Bandeja 600 g aprox.,"7,38 € /ud.",2807," 12,30 €/kg"
Carne,Vacuno,Lomo de vacuno añojo para plancha,Bandeja 500 g aprox.,"9,10 € /ud.",2800," 18,20 €/kg"
Carne,Vacuno,Filetes de vacuno al ajillo,Bandeja 450 g aprox.,"7,11 € /ud.",2834," 15,79 €/kg"
Carne,Vacuno,Solomillo de vacuno añojo para plancha,Bandeja 300 g aprox.,"11,07 € /ud.",2804," 36,90 €/kg"
Carne,Vacuno,Carpaccio de vacuno,Bandeja 110 g,"3,75 € /ud.",2632," 34,091 €/kg"
Carne,Vacuno,Filetes de vacuno añojo para plancha,Bandeja 500 g aprox.,"7,50 € /ud.",2900," 14,99 €/kg"
Carne,Vacuno,Entrecot de vacuno añojo fino para barbacoa o plancha,Bandeja 500 g aprox.,"10,95 € /ud.",3461," 21,90 €/kg"
Carne,Vacuno,Entrecot de vacuno añojo grueso para barbacoa o plancha,Bandeja 380 g aprox.,"8,32 € /ud.",3460," 21,90 €/kg"
Carne,Vacuno,Churrasco de vacuno añojo para barbacoa o plancha,Bandeja 500 g aprox.,"5,95 € /ud.",3737," 11,90 €/kg"
Carne,Vacuno,Filetes hígado de vacuno añojo,Bandeja 600 g aprox.,"5,52 € /ud.",2861," 9,20 €/kg"
Carne,Vacuno,Filetes de vacuno añojo para empanar,Bandeja 500 g aprox.,"7,40 € /ud.",4157," 14,80 €/kg"
Carne,Vacuno,Chuletón de vacuno añojo para barbacoa o plancha,Bandeja 550 g aprox.,"10,45 € /ud.",2155," 19,00 €/kg"
Carne,Vacuno,Callos de vacuno,Bandeja 550 g aprox.,"5,45 € /ud.",3743," 9,90 €/kg"
Carne,Vacuno,Filetes de vacuno añojo fricandó para plancha o guisar,Bandeja 500 g aprox.,"6,50 € /ud.",3738," 12,99 €/kg"
Carne,Empanados y elaborados,Nuggets de pollo Hacendado ultracongelados,Paquete 500 g,"2,70 € /ud.",63323," 5,40 €/kg"
Carne,Empanados y elaborados,Delicias de pollo Hacendado ultracongeladas,Paquete 500 g,"3,75 € /ud.",63322," 7,50 €/kg"
Carne,Empanados y elaborados,Croquetas de cocido Hacendado ultracongeladas,Paquete 350 g,"1,90 € /ud.",13496," 5,429 €/kg"
Carne,Empanados y elaborados,Nuggets de pavo Hacendado ultracongelados,Paquete 400 g,"3,20 € /ud.",63007," 8,00 €/kg"
Carne,Empanados y elaborados,Pollo marinado rebozado Crispy American Style Hacendado ultracongeladas,Paquete 500 g,"4,90 € /ud.",60306," 9,80 €/kg"
Carne,Empanados y elaborados,Brochetas de pollo,Bandeja 370 g aprox.,"3,20 € /ud.",35902," 8,66 €/kg"
Carne,Empanados y elaborados,Flautas de pollo y queso,Bandeja 280 g,"2,00 € /ud.",2137," 7,327 €/kg"
Carne,Empanados y elaborados,Flautas de bacón y queso,Bandeja 280 g,"2,00 € /ud.",2169," 7,247 €/kg"
Carne,Empanados y elaborados,Lomo de cerdo adobado,Bandeja 470 g aprox.,"3,38 € /ud.",2715," 7,20 €/kg"
Carne,Empanados y elaborados,Lomo de cerdo adobado familiar,Bandeja 900 g aprox.,"6,08 € /ud.",5046," 6,75 €/kg"
Carne,Empanados y elaborados,San Jacobos de cerdo sin gluten,Bandeja 400 g aprox.,"2,52 € /ud.",52957," 6,30 €/kg"
Carne,Empanados y elaborados,Pechugas de pollo finas hierbas marinadas,Bandeja 650 g aprox.,"4,81 € /ud.",2833," 7,40 €/kg"
Carne,Empanados y elaborados,Medallones pechuga de pollo marinado,Bandeja 650 g aprox.,"4,52 € /ud.",2831," 6,95 €/kg"
Carne,Empanados y elaborados,Pechugas de pollo marinadas empanadas sin gluten,Bandeja 360 g aprox.,"2,83 € /ud.",21227," 7,87 €/kg"
Carne,Empanados y elaborados,Pinchos de cerdo sin varilla,Bandeja 510 g aprox.,"4,18 € /ud.",2839," 8,20 €/kg"
Carne,Empanados y elaborados,Medallones preparado de solomillo cerdo provenzal,Bandeja 400 g aprox.,"4,14 € /ud.",4152," 10,35 €/kg"
Carne,Empanados y elaborados,Filetes de vacuno al ajillo,Bandeja 450 g aprox.,"7,11 € /ud.",2834," 15,79 €/kg"
Carne,Empanados y elaborados,Alas de pollo adobadas,Bandeja 680 g aprox.,"3,20 € /ud.",2832," 4,70 €/kg"
Carne,Empanados y elaborados,Fiambre de magro de cerdo adobado,Paquete 370 g,"2,68 € /ud.",23308," 7,244 €/kg"
Carne,Empanados y elaborados,Chuletas de pavo al ajillo,Bandeja 600 g aprox.,"4,14 € /ud.",2837," 6,90 €/kg"
Carne,Empanados y elaborados,Costilla de cerdo ibérico adobada,Bandeja 600 g aprox.,"4,11 € /ud.",1564," 6,85 €/kg"
Carne,Empanados y elaborados,Brochetas de pavo,Bandeja 500 g aprox.,"4,35 € /ud.",4156," 8,70 €/kg"
Carne,Empanados y elaborados,Filetes lomo al ajillo,Bandeja 500 g aprox.,"3,88 € /ud.",3440," 7,75 €/kg"
Carne,Empanados y elaborados,Pechugas de pavo pimentón,Bandeja 580 g aprox.,"4,92 € /ud.",2836," 8,49 €/kg"
Carne,Empanados y elaborados,Fiambre de pechuga de pavo adobada,Bandeja 370 g,"3,51 € /ud.",23306," 9,487 €/kg"
Carne,Empanados y elaborados,Contramuslos de pollo marinados con piel,Bandeja 600 g aprox.,"4,35 € /ud.",2970," 7,25 €/kg"
Carne,Empanados y elaborados,Tacos de pavo al ajillo,Bandeja 600 g aprox.,"3,81 € /ud.",3443," 6,35 €/kg"
Carne,Empanados y elaborados,Chuletas de cerdo sajonia,Bandeja 290 g aprox.,"2,77 € /ud.",23305," 9,55 €/kg"
Carne,Empanados y elaborados,Lomo de cerdo ibérico adobado,Paquete 220 g aprox.,"4,82 € /ud.",1886," 21,90 €/kg"
Carne,Empanados y elaborados,Callos preparados de ternera Rogusa,Paquete 500 g,"3,75 € /ud.",2179," 7,50 €/kg"
Carne,Empanados y elaborados,Oreja de cerdo cocida adobada Rogusa,Paquete 500 g,"4,25 € /ud.",2185," 8,50 €/kg"
Carne,Empanados y elaborados,Pincho amarillo de cerdo con perejil,Bandeja 500 g aprox.,"4,10 € /ud.",3455," 8,20 €/kg"
Carne,Empanados y elaborados,Pinchos de pollo adobados,Bandeja 500 g aprox.,"3,98 € /ud.",3456," 7,95 €/kg"
Carne,Empanados y elaborados,Lagrimitas de pollo al limón empanadas sin gluten,Bandeja 340 g aprox.,"2,92 € /ud.",21235," 8,60 €/kg"
Carne,Empanados y elaborados,Fiambre lomo de cerdo adobado,Bandeja 370 g,"3,50 € /ud.",23309," 9,46 €/kg"
Carne,Empanados y elaborados,Pechugas de pollo rellenas de jamón y queso empanadas sin gluten,Bandeja 450 g aprox.,"4,55 € /ud.",21257," 10,10 €/kg"
Carne,Empanados y elaborados,Solomillos de pollo marinados empanados sin gluten,Bandeja 465 g aprox.,"4,16 € /ud.",52514," 8,95 €/kg"
Carne,Empanados y elaborados,Libritos de cerdo rellenos de pimiento verde y jamón curado empanados sin gluten,Bandeja 380 g aprox.,"3,84 € /ud.",21272," 10,10 €/kg"
Carne,Empanados y elaborados,Lomo de cerdo marinado empanado,Bandeja 400 g aprox.,"3,30 € /ud.",52718," 8,25 €/kg"
Cereales y galletas,Cereales,Cereales rellenos de leche Hacendado,Caja 500 g,"2,60 €2,50 € /ud.",9264," 5,00 €/kg"
Cereales y galletas,Cereales,Mini cereales rellenos de leche Hacendado,Caja 5 bolsitas (175 g),"1,95 €1,90 € /ud.",9333," 10,858 €/kg"
Cereales y galletas,Cereales,Cereales rellenos de chocolate y avellana Hacendado,Paquete 500 g,"2,15 €2,10 € /ud.",9377," 4,20 €/kg"
Cereales y galletas,Cereales,Cereales estrellas de maíz Stars Hacendado con miel,Caja 400 g,"2,10 € /ud.",80515," 5,25 €/kg"
Cereales y galletas,Cereales,Cereales copos de maíz Corn Flakes Hacendado 0% azúcares añadidos,Caja 500 g,"1,50 € /ud.",22966," 3,00 €/kg"
Cereales y galletas,Cereales,Cereales de arroz inflado Choco Rice Hacendado con chocolate,Caja 500 g,"2,10 € /ud.",9592," 4,20 €/kg"
Cereales y galletas,Cereales,Cereales copos de maíz Corn Flakes Kellogg's,Caja 500 g,"3,00 € /ud.",9210," 6,00 €/kg"
Cereales y galletas,Cereales,Cereales de arroz inflado Choco Krispies Kellogg's con chocolate,Caja 420 g,"3,55 € /ud.",35987," 8,453 €/kg"
Cereales y galletas,Cereales,Cereales copos de trigo Chocodays Hacendado con chocolate,Caja 500 g,"1,80 € /ud.",9508," 3,60 €/kg"
Cereales y galletas,Cereales,Cereales copos de maíz Corn Flakes Harvest Home sin gluten,Caja 375 g,"2,59 € /ud.",9216," 6,907 €/kg"
Cereales y galletas,Cereales,Cereales rellenos de crema de cacao y avellana Hacendado sin gluten,Paquete 400 g,"2,25 € /ud.",9547," 5,625 €/kg"
Cereales y galletas,Cereales,Copos de avena Brüggen,Caja 500 g,"0,95 € /ud.",9222," 1,90 €/kg"
Cereales y galletas,Cereales,Cereales copos de trigo integral y arroz Special K Classic,Caja 450 g,"3,25 € /ud.",35707," 7,223 €/kg"
Cereales y galletas,Cereales,Muesli Crunchy Hacendado con chocolate,Paquete 500 g,"2,10 € /ud.",9355," 4,20 €/kg"
Cereales y galletas,Cereales,Cereales copos de trigo integral y arroz Hacendado 0% azúcares añadidos,Caja 500 g,"2,05 €2,00 € /ud.",9488," 4,00 €/kg"
Cereales y galletas,Cereales,Cereales copos de trigo espelta integral Hacendado 0% azúcares añadidos,Paquete 400 g,"1,75 €1,70 € /ud.",9571," 4,25 €/kg"
Cereales y galletas,Cereales,Cereales integrales copos de trigo Chocapic Nestlé con chocolate,Caja 625 g,"3,95 €3,35 € /ud.",9257," 5,36 €/kg"
Cereales y galletas,Cereales,Muesli Crunchy Hacendado con frutos secos,Paquete 500 g,"2,10 € /ud.",9357," 4,20 €/kg"
Cereales y galletas,Cereales,Muesli Crunchy Hacendado 0% azúcares añadidos 0% edulcorantes,Paquete 500 g,"2,00 € /ud.",35892," 4,00 €/kg"
Cereales y galletas,Cereales,Cereales copos de trigo integral y arroz Hacendado bañados en chocolate con leche,Caja 375 g,"2,35 € /ud.",9487," 6,267 €/kg"
Cereales y galletas,Cereales,Cereales copos tostados de trigo integral y arroz Hacendado con chocolate,Caja 425 g,"2,00 € /ud.",52772," 4,706 €/kg"
Cereales y galletas,Cereales,Muesli Crunchy Hacendado con fruta,Paquete 500 g,"2,10 € /ud.",9356," 4,20 €/kg"
Cereales y galletas,Cereales,Avena molida Hacendado,Paquete 500 g,"1,11 € /ud.",16807," 2,22 €/kg"
Cereales y galletas,Cereales,Cereales All-Bran Kellogg's con chocolate,Caja 375 g,"3,50 € /ud.",9394," 9,334 €/kg"
Cereales y galletas,Cereales,Salvado de avena Hacendado,Paquete 500 g,"1,65 € /ud.",16808," 3,30 €/kg"
Cereales y galletas,Cereales,Cereales y semillas granola Hacendado con frutos secos,Paquete 400 g,"2,40 € /ud.",9474," 6,00 €/kg"
Cereales y galletas,Cereales,Cereales con salvado de trigo Fibra Sticks Hacendado,Caja 500 g,"1,80 € /ud.",60236," 3,60 €/kg"
Cereales y galletas,Cereales,Muesli Hacendado con frutas,Paquete 1 kg,"2,30 € /ud.",9491," 2,30 €/kg"
Cereales y galletas,Cereales,Muesli Hacendado 50% frutas y frutos secos,Paquete 500 g,"1,95 € /ud.",9492," 3,90 €/kg"
Cereales y galletas,Cereales,Salvado de trigo integral Hacendado,Paquete 250 g,"1,35 € /ud.",29340," 5,40 €/kg"
Cereales y galletas,Cereales,"Muesli Hacendado con quinoa, chía y chocolate negro",Paquete 400 g,"2,25 € /ud.",9536," 5,625 €/kg"
Cereales y galletas,Cereales,Cereales Cereal Mix Hacendado 0% azúcares añadidos,Paquete 375 g,"2,40 € /ud.",9532," 6,40 €/kg"
Cereales y galletas,Cereales,Cereales avena Crunchy Hacendado,Caja 400 g,"2,00 €1,90 € /ud.",15611," 4,75 €/kg"
Cereales y galletas,Cereales,Copos crujientes de cereales Granola Hacendado con trozos de fresas,Paquete 400 g,"2,40 € /ud.",70087," 6,00 €/kg"
Cereales y galletas,Cereales,Barritas de cereales Hacendado chocolate con leche,Caja 6 barritas (120 g),"1,40 € /ud.",9350," 11,667 €/kg"
Cereales y galletas,Cereales,Barritas de cereales Hacendado con chocolate blanco,Caja 6 barritas (127 g),"1,30 € /ud.",73249," 10,237 €/kg"
Cereales y galletas,Cereales,Barritas de cereales muesli Hacendado con chocolate,Caja 6 barritas (138 g),"1,40 € /ud.",9349," 10,145 €/kg"
Cereales y galletas,Cereales,Barritas de cereales con frutos secos Hacendado,Caja 6 barritas (150 g),"1,65 € /ud.",52493," 11,00 €/kg"
Cereales y galletas,Cereales,Barritas Sustitutivo de comida Belladieta sabor avena y chocolate con leche,Caja 4 barritas (120 g),"3,10 € /ud.",86259," 25,834 €/kg"
Cereales y galletas,Cereales,Barritas con proteínas Enervit Sport sabor coco y chocolate,Caja 3 barritas (120 g),"3,15 €2,75 € /ud.",9445," 22,917 €/kg"
Cereales y galletas,Cereales,Barrita con proteínas Enervit Sport sabor chocolate negro,Caja 3 barritas (180 g),"4,90 € /ud.",23670," 27,223 €/kg"
Cereales y galletas,Cereales,Barritas de espelta Hacendado sabor manzana,Caja 6 barritas (120 g),"1,50 € /ud.",35917," 12,50 €/kg"
Cereales y galletas,Cereales,Barritas de avena Hacendado con chocolate negro,Caja 6 paquetes (252 g),"2,35 € /ud.",35916," 9,326 €/kg"
Cereales y galletas,Cereales,Barritas de galleta rellenas de arándanos Hacendado,Caja 5 barritas (125 g),"1,50 € /ud.",52494," 12,00 €/kg"
Cereales y galletas,Cereales,Barritas 100% fruta de manzana y plátano Hacendado,Caja 3 barritas (90 g),"1,75 € /ud.",52495," 19,445 €/kg"
Cereales y galletas,Cereales,Barritas de cereales Hacendado con cacahuetes sabor caramelo,Caja 4 barritas (138 g),"1,70 € /ud.",52496," 12,319 €/kg"
Cereales y galletas,Galletas,Galletas María dorada Hacendado,Paquete 4 ud. (800 g),"1,60 €1,55 € /ud.",14132," 1,938 €/kg"
Cereales y galletas,Galletas,Galletas Divertidas con cereales Hacendado,Caja 10 paquetes (411 g),"2,15 €2,05 € /ud.",22688," 4,988 €/kg"
Cereales y galletas,Galletas,Galletas tostadas Tosta Rica,Caja 3 paquetes (570 g),"3,00 € /ud.",14087," 5,264 €/kg"
Cereales y galletas,Galletas,Galletas tostadas Animadas Hacendado,Paquete 3 ud. (600 g),"1,70 €1,60 € /ud.",14080," 2,667 €/kg"
Cereales y galletas,Galletas,Galletas tostadas Hacendado,Paquete 4 ud. (800 g),"1,55 € /ud.",14325," 1,938 €/kg"
Cereales y galletas,Galletas,Galletas Relieve Hacendado,Paquete 3 ud. (645 g),"1,50 € /ud.",14197," 2,326 €/kg"
Cereales y galletas,Galletas,Galletas María dorada Hacendado 0% azúcares añadidos,Caja 2 paquetes (400 g),"1,55 € /ud.",13502," 3,875 €/kg"
Cereales y galletas,Galletas,Galletas María Fontaneda,Caja 4 paquetes (800 g),"3,30 € /ud.",14010," 4,125 €/kg"
Cereales y galletas,Galletas,Galletas María sin gluten y sin lactosa Hacendado,Paquete 205 g,"1,55 € /ud.",14235," 7,561 €/kg"
Cereales y galletas,Galletas,Galletas tradicionales Hacendado,Caja 2 paquetes (600 g),"2,20 €2,15 € /ud.",14423," 3,584 €/kg"
Cereales y galletas,Galletas,Galletas María Hacendado,Paquete 4 ud. (800 g),"1,60 €1,55 € /ud.",14102," 1,938 €/kg"
Cereales y galletas,Galletas,Galletas canela Hacendado,Caja 2 paquetes (500 g),"1,70 €1,60 € /ud.",14430," 3,20 €/kg"
Cereales y galletas,Galletas,Galletas Digestive Hacendado,Paquete 2 ud. (800 g),"1,80 €1,75 € /ud.",14214," 2,188 €/kg"
Cereales y galletas,Galletas,Galletas Digestive avena Hacendado,Paquete 425 g,"1,15 € /ud.",14213," 2,706 €/kg"
Cereales y galletas,Galletas,Galletas Digestive 0% azúcares añadidos Hacendado,Paquete 400 g,"1,45 € /ud.",14200," 3,625 €/kg"
Cereales y galletas,Galletas,Galletas Cereales & fibra Hacendado,Paquete 285 g,"1,25 € /ud.",14198," 4,386 €/kg"
Cereales y galletas,Galletas,Galletas de espelta Hacendado 0% azúcares añadidos,Paquete 200 g,"1,25 € /ud.",14242," 6,25 €/kg"
Cereales y galletas,Galletas,Galletas Digestive fibra 23% Hacendado,Paquete 400 g,"1,70 € /ud.",14113," 4,25 €/kg"
Cereales y galletas,Galletas,Galletas María Integral Hacendado,Paquete 4 ud. (800 g),"1,65 €1,60 € /ud.",14006," 2,00 €/kg"
Cereales y galletas,Galletas,Galletas Digestive avena Hacendado,Caja 8 paquetes (384 g),"1,85 € /ud.",14210," 4,818 €/kg"
Cereales y galletas,Galletas,Galletas Cookies Hacendado,Paquete 225 g,"1,20 €1,15 € /ud.",14212," 5,112 €/kg"
Cereales y galletas,Galletas,Galletas rebuenas Hacendado rellenas de chocolate,Paquete 500 g,"1,20 € /ud.",14157," 2,40 €/kg"
Cereales y galletas,Galletas,Galletas mini Oreo,Caja 4 paquetes (160 g),"1,95 €1,65 € /ud.",14030," 10,313 €/kg"
Cereales y galletas,Galletas,Galletas Chocominis sabor chocolate Hacendado,Caja 500 g,"2,05 €1,95 € /ud.",14159," 3,90 €/kg"
Cereales y galletas,Galletas,Galletas Digestive chocolate con leche Hacendado,Paquete 300 g,"1,05 € /ud.",14131," 3,50 €/kg"
Cereales y galletas,Galletas,Galletas Roditas bañadas con chocolate blanco Hacendado,Caja 4 paquetes (300 g),"1,75 € /ud.",13811," 5,834 €/kg"
Cereales y galletas,Galletas,Galletas mini caritas Hacendado con crema de cacao,Caja 8 paquetes (329 g),"1,35 € /ud.",14085," 4,104 €/kg"
Cereales y galletas,Galletas,Galletas Caocream Hacendado rellenas de crema,Caja 10 paquetes (440 g),"1,60 €1,55 € /ud.",15597," 3,523 €/kg"
Cereales y galletas,Galletas,Galletas Choco negro con chocolatina Hacendado,Caja 4 paquetes (150 g),"1,25 € /ud.",14639," 8,334 €/kg"
Cereales y galletas,Galletas,Barritas de galleta bañadas en chocolate con leche Chips Ahoy,Caja 5 barritas (140 g),"1,25 € /ud.",14133," 8,929 €/kg"
Cereales y galletas,Galletas,Galletas mini cookies Hacendado,Caja 4 paquetes (160 g),"1,30 € /ud.",14161," 8,125 €/kg"
Cereales y galletas,Galletas,Galletas con chocolate y crema de leche Hacendado,Caja 8 paquetes (268 g),"2,30 € /ud.",14038," 8,583 €/kg"
Cereales y galletas,Galletas,Galletas Caocream chocolate blanco Hacendado rellenas de crema,Caja 6 paquetes (252 g),"1,35 € /ud.",14153," 5,358 €/kg"
Cereales y galletas,Galletas,Galletas rellenas de chocolate Hacendado 0% azúcares añadidos,Paquete 250 g,"1,40 € /ud.",15844," 5,60 €/kg"
Cereales y galletas,Galletas,Barquillos rellenos sabor nata Hacendado,Paquete 210 g,"1,00 € /ud.",14576," 4,762 €/kg"
Cereales y galletas,Galletas,Barquillos rellenos de chocolate Hacendado,Paquete 210 g,"1,00 € /ud.",14135," 4,762 €/kg"
Cereales y galletas,Galletas,Galletas con chocolate blanco Hacendado,"Caja 6 paquetes (235,8 g)","1,25 € /ud.",14151," 5,297 €/kg"
Cereales y galletas,Galletas,Galletas Digestive avena chocolate con leche Hacendado,Paquete 280 g,"1,30 € /ud.",52594," 4,643 €/kg"
Cereales y galletas,Galletas,Barquillos rellenos de nata Hacendado 0% azúcares añadidos,Paquete 210 g,"1,10 € /ud.",14136," 5,239 €/kg"
Cereales y galletas,Galletas,Galletas cookies sin gluten y sin lactosa Hacendado,Paquete 200 g,"1,95 € /ud.",14637," 9,75 €/kg"
Cereales y galletas,Galletas,Galletas Choco leche con chocolatina Hacendado,Caja 4 paquetes (150 g),"1,25 € /ud.",14641," 8,334 €/kg"
Cereales y galletas,Galletas,Galletas María choco Hacendado,Paquete 265 g,"1,10 € /ud.",14203," 4,151 €/kg"
Cereales y galletas,Galletas,Tartaletes con relleno de fresa Hacendado,Paquete 150 g,"1,10 €1,05 € /ud.",14173," 7,00 €/kg"
Cereales y galletas,Galletas,Barquillos con crema de avellanas Hacendado,Paquete 250 g,"1,50 € /ud.",14241," 6,00 €/kg"
Cereales y galletas,Galletas,Galletas Diverkao Hacendado,Caja 8 paquetes (312 g),"1,55 € /ud.",13600," 4,968 €/kg"
Cereales y galletas,Galletas,Tubitos bañados chocolate negro Hacendado,Bote 150 g,"2,10 € /ud.",14555," 14,00 €/kg"
Cereales y galletas,Galletas,Rosquillas de chocolate con leche y coco Hacendado,Caja 300 g,"1,65 € /ud.",13656," 5,50 €/kg"
Cereales y galletas,Galletas,Galletas Crunchy Choc Hacendado,Caja 520 g,"2,40 € /ud.",23064," 4,616 €/kg"
Cereales y galletas,Galletas,Galletas Divertidas chocolate con leche Hacendado,Caja 6 paquetes (251 g),"1,90 € /ud.",52592," 7,57 €/kg"
Cereales y galletas,Galletas,Galletas Choco con relleno de crema de cacao Hacendado recubiertas de chocolate con leche,Paquete 145 g,"1,60 € /ud.",52876," 11,035 €/kg"
Cereales y galletas,Galletas,Galletas Cream Cookies Hacendado,Paquete 160 g,"1,45 € /ud.",52877," 9,063 €/kg"
Cereales y galletas,Galletas,Galletas caramelizadas Lotus Biscoff,Paquete 12 ud. (186 g),"1,50 € /ud.",14140," 8,022 €/kg"
Cereales y galletas,Galletas,Galletas con mantequilla Hacendado,Caja 125 g,"1,05 € /ud.",14577," 8,40 €/kg"
Cereales y galletas,Galletas,Surtido de galletas y barquillos Hacendado,Paquete 500 g,"2,00 € /ud.",14711," 4,00 €/kg"
Cereales y galletas,Galletas,Galletas de mantequilla y chocolate Hacendado,Caja 340 g,"2,85 € /ud.",13790," 8,383 €/kg"
Cereales y galletas,Galletas,Galletas de mantequilla Hacendado Belgas,Caja 6 paquetes (180 g),"1,60 € /ud.",14581," 8,889 €/kg"
Cereales y galletas,Galletas,Surtido de pastas artesanas Hacendado,Caja 1 bandeja (500 g),"2,30 € /ud.",14587," 4,60 €/kg"
Cereales y galletas,Galletas,Obleas redondas Hacendado,Paquete 24 ud. (255 g),"2,45 € /ud.",14645," 9,608 €/kg"
Cereales y galletas,Galletas,Obleas para helado Hacendado,Paquete 24 ud. (52 g),"0,70 € /ud.",15953," 13,462 €/kg"
Cereales y galletas,Galletas,Tubitos Hacendado,Bote 175 g,"2,00 € /ud.",36205," 11,429 €/kg"
Cereales y galletas,Tortitas,Tortitas de maíz Hacendado,Paquete 4 packs (120 g),"1,10 € /ud.",14158," 9,167 €/kg"
Cereales y galletas,Tortitas,Tortitas de maíz con chocolate Hacendado,Paquete 4 packs (130 g),"1,65 € /ud.",14015," 12,693 €/kg"
Cereales y galletas,Tortitas,Tortitas de arroz con chocolate blanco sabor yogur Hacendado,Paquete 4 packs (120 g),"1,65 € /ud.",14141," 13,75 €/kg"
Cereales y galletas,Tortitas,Tortitas de arroz con chocolate con leche Hacendado,Paquete 4 packs (130 g),"1,65 € /ud.",14142," 12,693 €/kg"
Cereales y galletas,Tortitas,Tortitas de legumbres y arroz Hacendado,Paquete 4 packs (109 g),"1,75 € /ud.",86483," 16,056 €/kg"
Cereales y galletas,Tortitas,Tortitas de arroz integral Vitalday Gullón,"Paquete 4 packs (115,2 g)","1,10 € /ud.",52873," 9,549 €/kg"
Charcutería y quesos,Aves y jamón cocido,Pechuga de pavo 92% Hacendado lonchas,Paquete 200 g,"2,55 € /ud.",5710," 12,75 €/kg"
Charcutería y quesos,Aves y jamón cocido,Pechuga de pavo bajo en sal Hacendado finas lonchas,2 paquetes x 200 g,"3,37 € /pack",86786," 8,425 €/kg"
Charcutería y quesos,Aves y jamón cocido,Pechuga de pavo bajo en sal Hacendado finas lonchas,Paquete 225 g,"2,22 € /ud.",60243," 9,867 €/kg"
Charcutería y quesos,Aves y jamón cocido,Pechuga de pavo Hacendado finas lonchas,2 paquetes x 200 g,"3,37 € /pack",67972," 8,425 €/kg"
Charcutería y quesos,Aves y jamón cocido,Pechuga de pavo finas lonchas Hacendado,Paquete 200 g,"2,07 €2,00 € /ud.",60244," 10,00 €/kg"
Charcutería y quesos,Aves y jamón cocido,Salchichón de pavo extra Hacendado lonchas,"4 paquetes x 37,5 g","2,38 € /pack",59159," 15,867 €/kg"
Charcutería y quesos,Aves y jamón cocido,Pechuga de pavo 0% m.g Hacendado al corte,Paquete 200 g,"2,09 € /ud.",59230," 10,45 €/kg"
Charcutería y quesos,Aves y jamón cocido,Lomo de pavo Hacendado lonchas,4 paquetes x 25 g,"2,49 € /pack",59138," 24,90 €/kg"
Charcutería y quesos,Aves y jamón cocido,Longaniza de pavo extra Hacendado lonchas,"4 paquetes x 31,25 g","2,38 € /pack",59165," 19,04 €/kg"
Charcutería y quesos,Aves y jamón cocido,Tiras de pechuga pollo al horno Hacendado,Paquete 140 g,"2,05 € /ud.",56652," 14,643 €/kg"
Charcutería y quesos,Aves y jamón cocido,Jamón de pavo Hacendado finas lonchas,Paquete 225 g,"1,66 € /ud.",56619," 7,378 €/kg"
Charcutería y quesos,Aves y jamón cocido,Dados de pavo Hacendado,2 paquetes x 100 g,"2,16 € /pack",59222," 10,80 €/kg"
Charcutería y quesos,Aves y jamón cocido,Tiras de pechuga de pollo al natural Hacendado,Paquete 140 g,"2,05 € /ud.",56661," 14,643 €/kg"
Charcutería y quesos,Aves y jamón cocido,Longaniza de pollo extra Hacendado sticks para picar,Paquete 50 g,"1,10 € /ud.",59081," 22,00 €/kg"
Charcutería y quesos,Aves y jamón cocido,Pechuga de pollo braseada Hacendado finas lonchas,Paquete 200 g,"2,15 € /ud.",56169," 10,75 €/kg"
Charcutería y quesos,Aves y jamón cocido,Mortadela de pavo Hacendado finas lonchas,Paquete 150 g,"1,19 € /ud.",59336," 7,934 €/kg"
Charcutería y quesos,Aves y jamón cocido,Pechuga de pavo al horno de leña Campofrío lonchas,Paquete 125 g,"1,75 € /ud.",53140," 14,00 €/kg"
Charcutería y quesos,Aves y jamón cocido,Pechuga de pollo Hacendado finas lonchas,Paquete 200 g,"2,11 € /ud.",56156," 10,55 €/kg"
Charcutería y quesos,Aves y jamón cocido,Pechuga de pavo 0% m.g Hacendado,Pieza 500 g,"3,25 € /ud.",59217," 6,50 €/kg"
Charcutería y quesos,Aves y jamón cocido,Pechuga de pollo Hacendado al corte,Paquete 200 g,"2,11 € /ud.",56162," 10,55 €/kg"
Charcutería y quesos,Aves y jamón cocido,Pechuga de pavo Noel lonchas muy finas,Paquete 200 g,"2,07 € /ud.",59283," 10,35 €/kg"
Charcutería y quesos,Aves y jamón cocido,Pollo relleno asado al horno La Carloteña lonchas,Paquete 150 g,"2,25 € /ud.",56084," 15,00 €/kg"
Charcutería y quesos,Aves y jamón cocido,Jamón de pavo Hacendado,Pieza 500 g,"2,46 € /ud.",59218," 4,92 €/kg"
Charcutería y quesos,Aves y jamón cocido,Longaniza de pavo Imperial extra Hacendado,Pieza 235 g,"3,76 € /ud.",55136," 16,00 €/kg"
Charcutería y quesos,Aves y jamón cocido,Pechuga de pavo bajo en sal Hacendado,Pieza 500 g,"3,62 € /ud.",59227," 7,24 €/kg"
Charcutería y quesos,Aves y jamón cocido,Pollo relleno con trufa y pistachos La Carloteña lonchas,Paquete 125 g,"2,15 € /ud.",56173," 17,20 €/kg"
Charcutería y quesos,Aves y jamón cocido,Cabeza de cerdo finas lonchas Hacendado,Paquete 150 g,"1,80 € /ud.",59364," 12,00 €/kg"
Charcutería y quesos,Aves y jamón cocido,Pechuguita de pollo asada La Carloteña lonchas,Paquete 125 g,"2,60 € /ud.",22332," 20,80 €/kg"
Charcutería y quesos,Aves y jamón cocido,Maxi pavo Hacendado finas lonchas,Paquete 400 g,"2,75 €2,65 € /ud.",22430," 6,625 €/kg"
Charcutería y quesos,Aves y jamón cocido,Mortadela de pavo con aceitunas Hacendado finas lonchas,Paquete 150 g,"1,25 € /ud.",40365," 8,334 €/kg"
Charcutería y quesos,Aves y jamón cocido,Jamón cocido extra Hacendado finas lonchas,2 paquetes x 225 g,"3,45 € /pack",86074," 7,667 €/kg"
Charcutería y quesos,Aves y jamón cocido,Jamón cocido extra Hacendado finas lonchas,Paquete 200 g,"2,17 €2,05 € /ud.",60329," 10,25 €/kg"
Charcutería y quesos,Aves y jamón cocido,Jamón cocido extra Hacendado lonchas,Paquete 200 g,"2,04 € /ud.",59249," 10,20 €/kg"
Charcutería y quesos,Aves y jamón cocido,Jamón cocido Hacendado lonchas,Paquete 200 g,"2,41 € /ud.",59256," 12,05 €/kg"
Charcutería y quesos,Aves y jamón cocido,Jamón cocido extra sándwich Hacendado lonchas,Paquete 250 g,"2,11 € /ud.",59215," 8,44 €/kg"
Charcutería y quesos,Aves y jamón cocido,Maxi york Hacendado finas lonchas,Paquete 500 g,"2,38 € /ud.",56115," 4,76 €/kg"
Charcutería y quesos,Aves y jamón cocido,Jamón cocido extra Noel lonchas,Paquete 200 g,"2,29 € /ud.",59143," 11,45 €/kg"
Charcutería y quesos,Aves y jamón cocido,Jamón cocido jugoso Hacendado,Paquete 225 g,"1,82 € /ud.",59233," 8,089 €/kg"
Charcutería y quesos,Aves y jamón cocido,Jamón cocido braseado Noel lonchas,Paquete 200 g,"2,24 € /ud.",59164," 11,20 €/kg"
Charcutería y quesos,Aves y jamón cocido,Jamón cocido Noel lonchas,Paquete 120 g,"2,39 €2,30 € /ud.",59167," 19,167 €/kg"
Charcutería y quesos,Aves y jamón cocido,Fiambre magro sándwich Hacendado lonchas,Paquete 300 g,"1,85 € /ud.",59253," 6,167 €/kg"
Charcutería y quesos,Aves y jamón cocido,Jamón cocido bajo en sal Hacendado finas lonchas,Paquete 225 g,"2,23 € /ud.",59212," 9,912 €/kg"
Charcutería y quesos,Aves y jamón cocido,Lacón cortado a mano Noel,Paquete 250 g,"3,49 € /ud.",86238," 13,96 €/kg"
Charcutería y quesos,Aves y jamón cocido,Magro de cerdo cocido Coren,Lata 240 g,"2,69 € /ud.",52051," 11,209 €/kg"
Charcutería y quesos,Aves y jamón cocido,Maxi york Hacendado,Pieza 2 kg,"6,24 € /ud.",59223," 3,12 €/kg"
Charcutería y quesos,Aves y jamón cocido,Lacón al horno Noel lonchas,Paquete 200 g,"2,19 € /ud.",59216," 10,95 €/kg"
Charcutería y quesos,Aves y jamón cocido,Maxi lomo Hacendado finas lonchas,Paquete 400 g,"2,60 € /ud.",56128," 6,50 €/kg"
Charcutería y quesos,Bacón y salchichas,Bacón Hacendado cintas,2 paquetes x 125 g,"2,10 € /pack",59066," 8,40 €/kg"
Charcutería y quesos,Bacón y salchichas,Bacón Oscar Mayer lonchas,Paquete 150 g,"2,29 € /ud.",53500," 15,267 €/kg"
Charcutería y quesos,Bacón y salchichas,Bacón ahumado Monells lonchas,Paquete 210 g,"2,02 € /ud.",59169," 9,62 €/kg"
Charcutería y quesos,Bacón y salchichas,Bacón ahumado sin corteza Monells,Pieza 310 g aprox.,"2,82 € /ud.",59170," 9,10 €/kg"
Charcutería y quesos,Bacón y salchichas,Panceta salada ibérica La Hacienda del ibérico,Paquete 360 g aprox.,"2,70 € /ud.",58220," 7,50 €/kg"
Charcutería y quesos,Bacón y salchichas,Panceta curada sin corteza La Selva lonchas,Paquete 200 g,"2,25 € /ud.",29606," 11,25 €/kg"
Charcutería y quesos,Bacón y salchichas,Salchichas cocidas estilo Frankfurt Hacendado de pollo y cerdo sabor ahumado,4 paquetes x 176 g,"1,85 € /pack",53141," 2,628 €/kg"
Charcutería y quesos,Bacón y salchichas,Salchichas cocidas Hacendado de pollo y pavo sabor ahumado,2 paquetes x 200 g,"1,30 € /pack",53056," 3,25 €/kg"
Charcutería y quesos,Bacón y salchichas,Salchichas cocidas Schara de cerdo ahumadas,2 paquetes x 170 g,"3,95 € /pack",53012," 11,618 €/kg"
Charcutería y quesos,Bacón y salchichas,Salchichas cocidas estilo Viena con queso Hacendado de pollo y cerdo sabor ahumado,2 paquetes x 200 g,"1,40 € /pack",53030," 3,50 €/kg"
Charcutería y quesos,Bacón y salchichas,"Salchichas cocidas con leche Campofrío de pollo, cerdo y pavo",Paquete 170 g,"1,05 € /ud.",52884," 6,177 €/kg"
Charcutería y quesos,Bacón y salchichas,Salchichas cocidas hot dog bocadillo Oscar Mayer Classic de pollo y cerdo sabor ahumado,Paquete 275 g,"1,75 € /ud.",53015," 6,364 €/kg"
Charcutería y quesos,Bacón y salchichas,Salchichas cocidas estilo Frankfurt con queso Hacendado de pollo y cerdo sabor ahumado,4 paquetes x 160 g,"1,85 € /pack",53100," 2,891 €/kg"
Charcutería y quesos,Bacón y salchichas,Salchichas cocidas bocata Hacendado de pollo y pavo sabor ahumado,2 paquetes x 200 g,"1,82 € /pack",53059," 4,55 €/kg"
Charcutería y quesos,Bacón y salchichas,Salchichas cocidas bocata gourmet Hacendado de cerdo sabor ahumado,2 paquetes x 175 g,"2,20 € /pack",53143," 6,286 €/kg"
Charcutería y quesos,Bacón y salchichas,Salchichas cocidas bocata estilo Bratwurst Hacendado,2 paquetes x 200 g,"2,35 € /pack",53058," 5,875 €/kg"
Charcutería y quesos,Bacón y salchichas,Salchichas cocidas pikante Schara de cerdo ahumadas,Paquete 170 g,"2,93 € /ud.",53127," 17,236 €/kg"
Charcutería y quesos,Bacón y salchichas,Salchichas cocidas bocata queso Hacendado,2 paquetes x 175 g,"1,86 € /pack",53048," 5,315 €/kg"
Charcutería y quesos,Bacón y salchichas,Salchichas cocidas bocata Hacendado,2 paquetes x 175 g,"1,62 € /pack",53032," 4,629 €/kg"
Charcutería y quesos,Bacón y salchichas,Salchichas cocidas Frankfurt La Selva,Tarro 460 g (280 g escurrido),"2,25 € /ud.",53041," 8,036 €/kg"
Charcutería y quesos,Bacón y salchichas,Salchichas cocidas de pavo sabor ahumado Hacendado,2 paquetes x 200 g,"2,35 € /pack",53147," 5,875 €/kg"
Charcutería y quesos,Bacón y salchichas,Salchichas cocidas de pollo Hacendado,2 paquetes x 250 g,"1,65 € /pack",53042," 3,30 €/kg"
Charcutería y quesos,Bacón y salchichas,Salchichas cocidas estilo Frankfurt Campofrío sabor ahumado,4 paquetes x 140 g,"2,25 € /pack",53007," 4,018 €/kg"
Charcutería y quesos,Chopped y mortadela,Chopped cerdo Hacendado lonchas,Paquete 250 g,"1,39 € /ud.",59333," 5,56 €/kg"
Charcutería y quesos,Chopped y mortadela,Chopped cocido en lata Hacendado finas lonchas,Paquete 150 g,"1,71 € /ud.",59340," 11,40 €/kg"
Charcutería y quesos,Chopped y mortadela,Chopped Hacendado,Pieza 500 g,"2,25 € /ud.",59332," 4,50 €/kg"
Charcutería y quesos,Chopped y mortadela,Mortadela Hacendado lonchas,Paquete 250 g,"1,25 € /ud.",59334," 5,00 €/kg"
Charcutería y quesos,Chopped y mortadela,Mortadela con aceitunas Hacendado lonchas,Paquete 250 g,"1,25 € /ud.",59335," 5,00 €/kg"
Charcutería y quesos,Chopped y mortadela,Mortadela italiana Hacendado finas lonchas,Paquete 150 g,"1,75 € /ud.",59343," 11,667 €/kg"
Charcutería y quesos,Chopped y mortadela,Mortadela Hacendado,Pieza 900 g,"3,60 € /ud.",40361," 4,00 €/kg"
Charcutería y quesos,Chopped y mortadela,Galantina con aceituna y pimiento Hacendado finas lonchas,Paquete 150 g,"1,55 € /ud.",59341," 10,334 €/kg"
Charcutería y quesos,Chopped y mortadela,Galantina con pistacho y trufa Hacendado finas lonchas,Paquete 150 g,"1,85 € /ud.",16861," 12,334 €/kg"
Charcutería y quesos,Chopped y mortadela,Mortadela de pavo Hacendado finas lonchas,Paquete 150 g,"1,19 € /ud.",59336," 7,934 €/kg"
Charcutería y quesos,Chopped y mortadela,Cabeza de cerdo trufa con pistachos Hacendado finas lonchas,Paquete 150 g,"2,25 € /ud.",16862," 15,00 €/kg"
Charcutería y quesos,Chopped y mortadela,Mortadela de pavo con aceitunas Hacendado finas lonchas,Paquete 150 g,"1,25 € /ud.",40365," 8,334 €/kg"
Charcutería y quesos,Embutido curado,Fuet espetec extra Hacendado,1 ud.,"2,57 € /ud.",55108," 2,57 €/ud"
Charcutería y quesos,Embutido curado,Salchichón extra Hacendado lonchas,4 paquetes x 60 g,"2,11 € /pack",59085," 8,792 €/kg"
Charcutería y quesos,Embutido curado,Sticks longaniza extra Hacendado,Paquete 50 g,"1,10 € /ud.",59078," 22,00 €/kg"
Charcutería y quesos,Embutido curado,Salchichón extra Hacendado lonchas,4 paquetes x 45 g,"2,27 € /pack",59130," 12,612 €/kg"
Charcutería y quesos,Embutido curado,Longaniza de payés extra Hacendado lonchas,"4 paquetes x 31,25 g","2,07 € /pack",59254," 16,56 €/kg"
Charcutería y quesos,Embutido curado,Salami extra Hacendado lonchas,4 paquetes x 60 g,"1,97 € /pack",59090," 8,209 €/kg"
Charcutería y quesos,Embutido curado,Salchichón extra pimienta Hacendado finas lonchas,Paquete 100 g,"1,82 € /ud.",59077," 18,20 €/kg"
Charcutería y quesos,Embutido curado,Salchichón de cebo ibérico cortado a máquina,Paquete 90 g aprox.,"2,30 € /ud.",58267," 25,60 €/kg"
Charcutería y quesos,Embutido curado,Salchichón de bellota ibérico cular cortado a máquina,Paquete 90 g aprox.,"2,92 € /ud.",58391," 32,50 €/kg"
Charcutería y quesos,Embutido curado,Salchichón ibérico extra La Hacienda del ibérico lonchas,"4 paquetes x 31,25 g","2,03 € /pack",60698," 16,24 €/kg"
Charcutería y quesos,Embutido curado,Longaniza de pavo Imperial extra Hacendado,Pieza 235 g,"3,76 € /ud.",55136," 16,00 €/kg"
Charcutería y quesos,Embutido curado,Longaniza clásica extra Hacendado,1 ud.,"2,80 € /ud.",55125," 2,80 €/ud"
Charcutería y quesos,Embutido curado,Longaniza de payés extra Hacendado,1 ud.,"4,98 € /ud.",55130," 4,98 €/ud"
Charcutería y quesos,Embutido curado,Salami montañés extra El Pozo,1 ud.,"1,85 € /ud.",55028," 1,85 €/ud"
Charcutería y quesos,Embutido curado,Salchichón cular ibérico extra La Hacienda del ibérico,Pieza 500 g aprox.,"6,98 € /ud.",58159," 13,95 €/kg"
Charcutería y quesos,Embutido curado,Mini salchichón ibérico extra La Hacienda del ibérico,Pieza 200 g,"2,65 € /ud.",58248," 13,25 €/kg"
Charcutería y quesos,Embutido curado,Salchichón cular ibérico extra La Hacienda del ibérico,Pieza 820 g aprox.,"11,44 € /ud.",58266," 13,95 €/kg"
Charcutería y quesos,Embutido curado,Salchichón de bellota ibérico cular Juan del Roble,"Pieza 1,1 kg aprox.","24,09 € /ud.",58390," 21,90 €/kg"
Charcutería y quesos,Embutido curado,Longaniza de pavo extra Hacendado lonchas,"4 paquetes x 31,25 g","2,38 € /pack",59165," 19,04 €/kg"
Charcutería y quesos,Embutido curado,Salchichón de pavo extra Hacendado lonchas,"4 paquetes x 37,5 g","2,38 € /pack",59159," 15,867 €/kg"
Charcutería y quesos,Embutido curado,Sticks de salami extra Hacendado,Paquete 50 g,"1,10 € /ud.",15530," 22,00 €/kg"
Charcutería y quesos,Embutido curado,Pepperoni en lonchas Hacendado,Paquete 75 g,"1,60 € /ud.",60964," 21,334 €/kg"
Charcutería y quesos,Embutido curado,Chorizo Pamplona extra Hacendado lonchas,"4 paquetes x 56,25 g","2,06 €1,95 € /pack",59166," 8,667 €/kg"
Charcutería y quesos,Embutido curado,Chorizo extra Hacendado lonchas,4 paquetes x 60 g,"2,19 € /pack",59086," 9,125 €/kg"
Charcutería y quesos,Embutido curado,Chorizo de pavo extra Hacendado lonchas,"4 paquetes x 37,5 g","2,38 € /pack",59158," 15,867 €/kg"
Charcutería y quesos,Embutido curado,Chorizo ibérico La Hacienda del ibérico lonchas,"4 paquetes x 31,25 g","2,03 € /pack",60699," 16,24 €/kg"
Charcutería y quesos,Embutido curado,Chorizo picante extra Hacendado,Pieza 280 g,"2,49 € /ud.",54210," 8,893 €/kg"
Charcutería y quesos,Embutido curado,Taquitos de chorizo extra Revilla,2 paquetes x 100 g,"2,55 € /pack",55135," 12,75 €/kg"
Carne,Vacuno,Filetes de vacuno 1º B añojo para plancha o guisar,Bandeja 500 g aprox.,"6,65 € /ud.",2712," 13,30 €/kg"
Carne,Vacuno,Tacos de vacuno añojo para guisar,Bandeja 600 g aprox.,"7,38 € /ud.",2807," 12,30 €/kg"
Carne,Vacuno,Filetes de vacuno 1º B añojo para plancha o guisar,Bandeja 500 g aprox.,"6,65 € /ud.",2712," 13,30 €/kg"
Carne,Vacuno,Tacos de vacuno añojo para guisar,Bandeja 600 g aprox.,"7,38 € /ud.",2807," 12,30 €/kg"
Carne,Vacuno,Lomo de vacuno añojo para plancha,Bandeja 500 g aprox.,"9,10 € /ud.",2800," 18,20 €/kg"
Carne,Vacuno,Filetes de vacuno al ajillo,Bandeja 450 g aprox.,"7,11 € /ud.",2834," 15,79 €/kg"
Carne,Vacuno,Solomillo de vacuno añojo para plancha,Bandeja 300 g aprox.,"11,07 € /ud.",2804," 36,90 €/kg"
Carne,Vacuno,Carpaccio de vacuno,Bandeja 110 g,"3,75 € /ud.",2632," 34,091 €/kg"
Carne,Vacuno,Filetes de vacuno añojo para plancha,Bandeja 500 g aprox.,"7,50 € /ud.",2900," 14,99 €/kg"
Carne,Vacuno,Entrecot de vacuno añojo fino para barbacoa o plancha,Bandeja 500 g aprox.,"10,95 € /ud.",3461," 21,90 €/kg"
Carne,Vacuno,Entrecot de vacuno añojo grueso para barbacoa o plancha,Bandeja 380 g aprox.,"8,32 € /ud.",3460," 21,90 €/kg"
Carne,Vacuno,Churrasco de vacuno añojo para barbacoa o plancha,Bandeja 500 g aprox.,"5,95 € /ud.",3737," 11,90 €/kg"
Carne,Vacuno,Filetes hígado de vacuno añojo,Bandeja 600 g aprox.,"5,52 € /ud.",2861," 9,20 €/kg"
Carne,Vacuno,Filetes de vacuno añojo para empanar,Bandeja 500 g aprox.,"7,40 € /ud.",4157," 14,80 €/kg"
Carne,Vacuno,Chuletón de vacuno añojo para barbacoa o plancha,Bandeja 550 g aprox.,"10,45 € /ud.",2155," 19,00 €/kg"
Carne,Vacuno,Callos de vacuno,Bandeja 550 g aprox.,"5,45 € /ud.",3743," 9,90 €/kg"
Carne,Vacuno,Filetes de vacuno añojo fricandó para plancha o guisar,Bandeja 500 g aprox.,"6,50 € /ud.",3738," 12,99 €/kg"
Carne,Empanados y elaborados,Nuggets de pollo Hacendado ultracongelados,Paquete 500 g,"2,70 € /ud.",63323," 5,40 €/kg"
Carne,Empanados y elaborados,Delicias de pollo Hacendado ultracongeladas,Paquete 500 g,"3,75 € /ud.",63322," 7,50 €/kg"
Carne,Empanados y elaborados,Croquetas de cocido Hacendado ultracongeladas,Paquete 350 g,"1,90 € /ud.",13496," 5,429 €/kg"
Carne,Empanados y elaborados,Nuggets de pavo Hacendado ultracongelados,Paquete 400 g,"3,20 € /ud.",63007," 8,00 €/kg"
Carne,Empanados y elaborados,Pollo marinado rebozado Crispy American Style Hacendado ultracongeladas,Paquete 500 g,"4,90 € /ud.",60306," 9,80 €/kg"
Carne,Empanados y elaborados,Brochetas de pollo,Bandeja 370 g aprox.,"3,20 € /ud.",35902," 8,66 €/kg"
Carne,Empanados y elaborados,Flautas de pollo y queso,Bandeja 280 g,"2,00 € /ud.",2137," 7,327 €/kg"
Carne,Empanados y elaborados,Flautas de bacón y queso,Bandeja 280 g,"2,00 € /ud.",2169," 7,247 €/kg"
Carne,Empanados y elaborados,Lomo de cerdo adobado,Bandeja 470 g aprox.,"3,38 € /ud.",2715," 7,20 €/kg"
Carne,Empanados y elaborados,Lomo de cerdo adobado familiar,Bandeja 900 g aprox.,"6,08 € /ud.",5046," 6,75 €/kg"
Carne,Empanados y elaborados,San Jacobos de cerdo sin gluten,Bandeja 400 g aprox.,"2,52 € /ud.",52957," 6,30 €/kg"
Carne,Empanados y elaborados,Pechugas de pollo finas hierbas marinadas,Bandeja 650 g aprox.,"4,81 € /ud.",2833," 7,40 €/kg"
Carne,Empanados y elaborados,Medallones pechuga de pollo marinado,Bandeja 650 g aprox.,"4,52 € /ud.",2831," 6,95 €/kg"
Carne,Empanados y elaborados,Pechugas de pollo marinadas empanadas sin gluten,Bandeja 360 g aprox.,"2,83 € /ud.",21227," 7,87 €/kg"
Carne,Empanados y elaborados,Pinchos de cerdo sin varilla,Bandeja 510 g aprox.,"4,18 € /ud.",2839," 8,20 €/kg"
Carne,Empanados y elaborados,Medallones preparado de solomillo cerdo provenzal,Bandeja 400 g aprox.,"4,14 € /ud.",4152," 10,35 €/kg"
Carne,Empanados y elaborados,Filetes de vacuno al ajillo,Bandeja 450 g aprox.,"7,11 € /ud.",2834," 15,79 €/kg"
Carne,Empanados y elaborados,Alas de pollo adobadas,Bandeja 680 g aprox.,"3,20 € /ud.",2832," 4,70 €/kg"
Carne,Empanados y elaborados,Fiambre de magro de cerdo adobado,Paquete 370 g,"2,68 € /ud.",23308," 7,244 €/kg"
Carne,Empanados y elaborados,Chuletas de pavo al ajillo,Bandeja 600 g aprox.,"4,14 € /ud.",2837," 6,90 €/kg"
Carne,Empanados y elaborados,Costilla de cerdo ibérico adobada,Bandeja 600 g aprox.,"4,11 € /ud.",1564," 6,85 €/kg"
Carne,Empanados y elaborados,Brochetas de pavo,Bandeja 500 g aprox.,"4,35 € /ud.",4156," 8,70 €/kg"
Carne,Empanados y elaborados,Filetes lomo al ajillo,Bandeja 500 g aprox.,"3,88 € /ud.",3440," 7,75 €/kg"
Carne,Empanados y elaborados,Pechugas de pavo pimentón,Bandeja 580 g aprox.,"4,92 € /ud.",2836," 8,49 €/kg"
Carne,Empanados y elaborados,Fiambre de pechuga de pavo adobada,Bandeja 370 g,"3,51 € /ud.",23306," 9,487 €/kg"
Carne,Empanados y elaborados,Contramuslos de pollo marinados con piel,Bandeja 600 g aprox.,"4,35 € /ud.",2970," 7,25 €/kg"
Carne,Empanados y elaborados,Tacos de pavo al ajillo,Bandeja 600 g aprox.,"3,81 € /ud.",3443," 6,35 €/kg"
Carne,Empanados y elaborados,Chuletas de cerdo sajonia,Bandeja 290 g aprox.,"2,77 € /ud.",23305," 9,55 €/kg"
Carne,Empanados y elaborados,Lomo de cerdo ibérico adobado,Paquete 220 g aprox.,"4,82 € /ud.",1886," 21,90 €/kg"
Carne,Empanados y elaborados,Callos preparados de ternera Rogusa,Paquete 500 g,"3,75 € /ud.",2179," 7,50 €/kg"
Carne,Empanados y elaborados,Oreja de cerdo cocida adobada Rogusa,Paquete 500 g,"4,25 € /ud.",2185," 8,50 €/kg"
Carne,Empanados y elaborados,Pincho amarillo de cerdo con perejil,Bandeja 500 g aprox.,"4,10 € /ud.",3455," 8,20 €/kg"
Carne,Empanados y elaborados,Pinchos de pollo adobados,Bandeja 500 g aprox.,"3,98 € /ud.",3456," 7,95 €/kg"
Carne,Empanados y elaborados,Lagrimitas de pollo al limón empanadas sin gluten,Bandeja 340 g aprox.,"2,92 € /ud.",21235," 8,60 €/kg"
Carne,Empanados y elaborados,Fiambre lomo de cerdo adobado,Bandeja 370 g,"3,50 € /ud.",23309," 9,46 €/kg"
Carne,Empanados y elaborados,Pechugas de pollo rellenas de jamón y queso empanadas sin gluten,Bandeja 450 g aprox.,"4,55 € /ud.",21257," 10,10 €/kg"
Carne,Empanados y elaborados,Solomillos de pollo marinados empanados sin gluten,Bandeja 465 g aprox.,"4,16 € /ud.",52514," 8,95 €/kg"
Carne,Empanados y elaborados,Libritos de cerdo rellenos de pimiento verde y jamón curado empanados sin gluten,Bandeja 380 g aprox.,"3,84 € /ud.",21272," 10,10 €/kg"
Carne,Empanados y elaborados,Lomo de cerdo marinado empanado,Bandeja 400 g aprox.,"3,30 € /ud.",52718," 8,25 €/kg"
Cereales y galletas,Cereales,Cereales rellenos de leche Hacendado,Caja 500 g,"2,60 €2,50 € /ud.",9264," 5,00 €/kg"
Cereales y galletas,Cereales,Mini cereales rellenos de leche Hacendado,Caja 5 bolsitas (175 g),"1,95 €1,90 € /ud.",9333," 10,858 €/kg"
Cereales y galletas,Cereales,Cereales rellenos de chocolate y avellana Hacendado,Paquete 500 g,"2,15 €2,10 € /ud.",9377," 4,20 €/kg"
Cereales y galletas,Cereales,Cereales estrellas de maíz Stars Hacendado con miel,Caja 400 g,"2,10 € /ud.",80515," 5,25 €/kg"
Cereales y galletas,Cereales,Cereales copos de maíz Corn Flakes Hacendado 0% azúcares añadidos,Caja 500 g,"1,50 € /ud.",22966," 3,00 €/kg"
Cereales y galletas,Cereales,Cereales de arroz inflado Choco Rice Hacendado con chocolate,Caja 500 g,"2,10 € /ud.",9592," 4,20 €/kg"
Cereales y galletas,Cereales,Cereales copos de maíz Corn Flakes Kellogg's,Caja 500 g,"3,00 € /ud.",9210," 6,00 €/kg"
Cereales y galletas,Cereales,Cereales de arroz inflado Choco Krispies Kellogg's con chocolate,Caja 420 g,"3,55 € /ud.",35987," 8,453 €/kg"
Cereales y galletas,Cereales,Cereales copos de trigo Chocodays Hacendado con chocolate,Caja 500 g,"1,80 € /ud.",9508," 3,60 €/kg"
Cereales y galletas,Cereales,Cereales copos de maíz Corn Flakes Harvest Home sin gluten,Caja 375 g,"2,59 € /ud.",9216," 6,907 €/kg"
Cereales y galletas,Cereales,Cereales rellenos de crema de cacao y avellana Hacendado sin gluten,Paquete 400 g,"2,25 € /ud.",9547," 5,625 €/kg"
Cereales y galletas,Cereales,Copos de avena Brüggen,Caja 500 g,"0,95 € /ud.",9222," 1,90 €/kg"
Cereales y galletas,Cereales,Cereales copos de trigo integral y arroz Special K Classic,Caja 450 g,"3,25 € /ud.",35707," 7,223 €/kg"
Cereales y galletas,Cereales,Muesli Crunchy Hacendado con chocolate,Paquete 500 g,"2,10 € /ud.",9355," 4,20 €/kg"
Cereales y galletas,Cereales,Cereales copos de trigo integral y arroz Hacendado 0% azúcares añadidos,Caja 500 g,"2,05 €2,00 € /ud.",9488," 4,00 €/kg"
Cereales y galletas,Cereales,Cereales copos de trigo espelta integral Hacendado 0% azúcares añadidos,Paquete 400 g,"1,75 €1,70 € /ud.",9571," 4,25 €/kg"
Cereales y galletas,Cereales,Cereales integrales copos de trigo Chocapic Nestlé con chocolate,Caja 625 g,"3,95 €3,35 € /ud.",9257," 5,36 €/kg"
Cereales y galletas,Cereales,Muesli Crunchy Hacendado con frutos secos,Paquete 500 g,"2,10 € /ud.",9357," 4,20 €/kg"
Cereales y galletas,Cereales,Muesli Crunchy Hacendado 0% azúcares añadidos 0% edulcorantes,Paquete 500 g,"2,00 € /ud.",35892," 4,00 €/kg"
Cereales y galletas,Cereales,Cereales copos de trigo integral y arroz Hacendado bañados en chocolate con leche,Caja 375 g,"2,35 € /ud.",9487," 6,267 €/kg"
Cereales y galletas,Cereales,Cereales copos tostados de trigo integral y arroz Hacendado con chocolate,Caja 425 g,"2,00 € /ud.",52772," 4,706 €/kg"
Cereales y galletas,Cereales,Muesli Crunchy Hacendado con fruta,Paquete 500 g,"2,10 € /ud.",9356," 4,20 €/kg"
Cereales y galletas,Cereales,Avena molida Hacendado,Paquete 500 g,"1,11 € /ud.",16807," 2,22 €/kg"
Cereales y galletas,Cereales,Cereales All-Bran Kellogg's con chocolate,Caja 375 g,"3,50 € /ud.",9394," 9,334 €/kg"
Cereales y galletas,Cereales,Salvado de avena Hacendado,Paquete 500 g,"1,65 € /ud.",16808," 3,30 €/kg"
Cereales y galletas,Cereales,Cereales y semillas granola Hacendado con frutos secos,Paquete 400 g,"2,40 € /ud.",9474," 6,00 €/kg"
Cereales y galletas,Cereales,Cereales con salvado de trigo Fibra Sticks Hacendado,Caja 500 g,"1,80 € /ud.",60236," 3,60 €/kg"
Cereales y galletas,Cereales,Muesli Hacendado con frutas,Paquete 1 kg,"2,30 € /ud.",9491," 2,30 €/kg"
Cereales y galletas,Cereales,Muesli Hacendado 50% frutas y frutos secos,Paquete 500 g,"1,95 € /ud.",9492," 3,90 €/kg"
Cereales y galletas,Cereales,Salvado de trigo integral Hacendado,Paquete 250 g,"1,35 € /ud.",29340," 5,40 €/kg"
Cereales y galletas,Cereales,"Muesli Hacendado con quinoa, chía y chocolate negro",Paquete 400 g,"2,25 € /ud.",9536," 5,625 €/kg"
Cereales y galletas,Cereales,Cereales Cereal Mix Hacendado 0% azúcares añadidos,Paquete 375 g,"2,40 € /ud.",9532," 6,40 €/kg"
Cereales y galletas,Cereales,Cereales avena Crunchy Hacendado,Caja 400 g,"2,00 €1,90 € /ud.",15611," 4,75 €/kg"
Cereales y galletas,Cereales,Copos crujientes de cereales Granola Hacendado con trozos de fresas,Paquete 400 g,"2,40 € /ud.",70087," 6,00 €/kg"
Cereales y galletas,Cereales,Barritas de cereales Hacendado chocolate con leche,Caja 6 barritas (120 g),"1,40 € /ud.",9350," 11,667 €/kg"
Cereales y galletas,Cereales,Barritas de cereales Hacendado con chocolate blanco,Caja 6 barritas (127 g),"1,30 € /ud.",73249," 10,237 €/kg"
Cereales y galletas,Cereales,Barritas de cereales muesli Hacendado con chocolate,Caja 6 barritas (138 g),"1,40 € /ud.",9349," 10,145 €/kg"
Cereales y galletas,Cereales,Barritas de cereales con frutos secos Hacendado,Caja 6 barritas (150 g),"1,65 € /ud.",52493," 11,00 €/kg"
Cereales y galletas,Cereales,Barritas Sustitutivo de comida Belladieta sabor avena y chocolate con leche,Caja 4 barritas (120 g),"3,10 € /ud.",86259," 25,834 €/kg"
Cereales y galletas,Cereales,Barritas con proteínas Enervit Sport sabor coco y chocolate,Caja 3 barritas (120 g),"3,15 €2,75 € /ud.",9445," 22,917 €/kg"
Cereales y galletas,Cereales,Barrita con proteínas Enervit Sport sabor chocolate negro,Caja 3 barritas (180 g),"4,90 € /ud.",23670," 27,223 €/kg"
Cereales y galletas,Cereales,Barritas de espelta Hacendado sabor manzana,Caja 6 barritas (120 g),"1,50 € /ud.",35917," 12,50 €/kg"
Cereales y galletas,Cereales,Barritas de avena Hacendado con chocolate negro,Caja 6 paquetes (252 g),"2,35 € /ud.",35916," 9,326 €/kg"
Cereales y galletas,Cereales,Barritas de galleta rellenas de arándanos Hacendado,Caja 5 barritas (125 g),"1,50 € /ud.",52494," 12,00 €/kg"
Cereales y galletas,Cereales,Barritas 100% fruta de manzana y plátano Hacendado,Caja 3 barritas (90 g),"1,75 € /ud.",52495," 19,445 €/kg"
Cereales y galletas,Cereales,Barritas de cereales Hacendado con cacahuetes sabor caramelo,Caja 4 barritas (138 g),"1,70 € /ud.",52496," 12,319 €/kg"
Cereales y galletas,Galletas,Galletas María dorada Hacendado,Paquete 4 ud. (800 g),"1,60 €1,55 € /ud.",14132," 1,938 €/kg"
Cereales y galletas,Galletas,Galletas Divertidas con cereales Hacendado,Caja 10 paquetes (411 g),"2,15 €2,05 € /ud.",22688," 4,988 €/kg"
Cereales y galletas,Galletas,Galletas tostadas Tosta Rica,Caja 3 paquetes (570 g),"3,00 € /ud.",14087," 5,264 €/kg"
Cereales y galletas,Galletas,Galletas tostadas Animadas Hacendado,Paquete 3 ud. (600 g),"1,70 €1,60 € /ud.",14080," 2,667 €/kg"
Cereales y galletas,Galletas,Galletas tostadas Hacendado,Paquete 4 ud. (800 g),"1,55 € /ud.",14325," 1,938 €/kg"
Cereales y galletas,Galletas,Galletas Relieve Hacendado,Paquete 3 ud. (645 g),"1,50 € /ud.",14197," 2,326 €/kg"
Cereales y galletas,Galletas,Galletas María dorada Hacendado 0% azúcares añadidos,Caja 2 paquetes (400 g),"1,55 € /ud.",13502," 3,875 €/kg"
Cereales y galletas,Galletas,Galletas María Fontaneda,Caja 4 paquetes (800 g),"3,30 € /ud.",14010," 4,125 €/kg"
Cereales y galletas,Galletas,Galletas María sin gluten y sin lactosa Hacendado,Paquete 205 g,"1,55 € /ud.",14235," 7,561 €/kg"
Cereales y galletas,Galletas,Galletas tradicionales Hacendado,Caja 2 paquetes (600 g),"2,20 €2,15 € /ud.",14423," 3,584 €/kg"
Cereales y galletas,Galletas,Galletas María Hacendado,Paquete 4 ud. (800 g),"1,60 €1,55 € /ud.",14102," 1,938 €/kg"
Cereales y galletas,Galletas,Galletas canela Hacendado,Caja 2 paquetes (500 g),"1,70 €1,60 € /ud.",14430," 3,20 €/kg"
Cereales y galletas,Galletas,Galletas Digestive Hacendado,Paquete 2 ud. (800 g),"1,80 €1,75 € /ud.",14214," 2,188 €/kg"
Cereales y galletas,Galletas,Galletas Digestive avena Hacendado,Paquete 425 g,"1,15 € /ud.",14213," 2,706 €/kg"
Cereales y galletas,Galletas,Galletas Digestive 0% azúcares añadidos Hacendado,Paquete 400 g,"1,45 € /ud.",14200," 3,625 €/kg"
Cereales y galletas,Galletas,Galletas Cereales & fibra Hacendado,Paquete 285 g,"1,25 € /ud.",14198," 4,386 €/kg"
Cereales y galletas,Galletas,Galletas de espelta Hacendado 0% azúcares añadidos,Paquete 200 g,"1,25 € /ud.",14242," 6,25 €/kg"
Cereales y galletas,Galletas,Galletas Digestive fibra 23% Hacendado,Paquete 400 g,"1,70 € /ud.",14113," 4,25 €/kg"
Cereales y galletas,Galletas,Galletas María Integral Hacendado,Paquete 4 ud. (800 g),"1,65 €1,60 € /ud.",14006," 2,00 €/kg"
Cereales y galletas,Galletas,Galletas Digestive avena Hacendado,Caja 8 paquetes (384 g),"1,85 € /ud.",14210," 4,818 €/kg"
Cereales y galletas,Galletas,Galletas Cookies Hacendado,Paquete 225 g,"1,20 €1,15 € /ud.",14212," 5,112 €/kg"
Cereales y galletas,Galletas,Galletas rebuenas Hacendado rellenas de chocolate,Paquete 500 g,"1,20 € /ud.",14157," 2,40 €/kg"
Cereales y galletas,Galletas,Galletas mini Oreo,Caja 4 paquetes (160 g),"1,95 €1,65 € /ud.",14030," 10,313 €/kg"
Cereales y galletas,Galletas,Galletas Chocominis sabor chocolate Hacendado,Caja 500 g,"2,05 €1,95 € /ud.",14159," 3,90 €/kg"
Cereales y galletas,Galletas,Galletas Digestive chocolate con leche Hacendado,Paquete 300 g,"1,05 € /ud.",14131," 3,50 €/kg"
Cereales y galletas,Galletas,Galletas Roditas bañadas con chocolate blanco Hacendado,Caja 4 paquetes (300 g),"1,75 € /ud.",13811," 5,834 €/kg"
Cereales y galletas,Galletas,Galletas mini caritas Hacendado con crema de cacao,Caja 8 paquetes (329 g),"1,35 € /ud.",14085," 4,104 €/kg"
Cereales y galletas,Galletas,Galletas Caocream Hacendado rellenas de crema,Caja 10 paquetes (440 g),"1,60 €1,55 € /ud.",15597," 3,523 €/kg"
Cereales y galletas,Galletas,Galletas Choco negro con chocolatina Hacendado,Caja 4 paquetes (150 g),"1,25 € /ud.",14639," 8,334 €/kg"
Cereales y galletas,Galletas,Barritas de galleta bañadas en chocolate con leche Chips Ahoy,Caja 5 barritas (140 g),"1,25 € /ud.",14133," 8,929 €/kg"
Cereales y galletas,Galletas,Galletas mini cookies Hacendado,Caja 4 paquetes (160 g),"1,30 € /ud.",14161," 8,125 €/kg"
Cereales y galletas,Galletas,Galletas con chocolate y crema de leche Hacendado,Caja 8 paquetes (268 g),"2,30 € /ud.",14038," 8,583 €/kg"
Cereales y galletas,Galletas,Galletas Caocream chocolate blanco Hacendado rellenas de crema,Caja 6 paquetes (252 g),"1,35 € /ud.",14153," 5,358 €/kg"
Cereales y galletas,Galletas,Galletas rellenas de chocolate Hacendado 0% azúcares añadidos,Paquete 250 g,"1,40 € /ud.",15844," 5,60 €/kg"
Cereales y galletas,Galletas,Barquillos rellenos sabor nata Hacendado,Paquete 210 g,"1,00 € /ud.",14576," 4,762 €/kg"
Cereales y galletas,Galletas,Barquillos rellenos de chocolate Hacendado,Paquete 210 g,"1,00 € /ud.",14135," 4,762 €/kg"
Cereales y galletas,Galletas,Galletas con chocolate blanco Hacendado,"Caja 6 paquetes (235,8 g)","1,25 € /ud.",14151," 5,297 €/kg"
Cereales y galletas,Galletas,Galletas Digestive avena chocolate con leche Hacendado,Paquete 280 g,"1,30 € /ud.",52594," 4,643 €/kg"
Cereales y galletas,Galletas,Barquillos rellenos de nata Hacendado 0% azúcares añadidos,Paquete 210 g,"1,10 € /ud.",14136," 5,239 €/kg"
Cereales y galletas,Galletas,Galletas cookies sin gluten y sin lactosa Hacendado,Paquete 200 g,"1,95 € /ud.",14637," 9,75 €/kg"
Cereales y galletas,Galletas,Galletas Choco leche con chocolatina Hacendado,Caja 4 paquetes (150 g),"1,25 € /ud.",14641," 8,334 €/kg"
Cereales y galletas,Galletas,Galletas María choco Hacendado,Paquete 265 g,"1,10 € /ud.",14203," 4,151 €/kg"
Cereales y galletas,Galletas,Tartaletes con relleno de fresa Hacendado,Paquete 150 g,"1,10 €1,05 € /ud.",14173," 7,00 €/kg"
Cereales y galletas,Galletas,Barquillos con crema de avellanas Hacendado,Paquete 250 g,"1,50 € /ud.",14241," 6,00 €/kg"
Cereales y galletas,Galletas,Galletas Diverkao Hacendado,Caja 8 paquetes (312 g),"1,55 € /ud.",13600," 4,968 €/kg"
Cereales y galletas,Galletas,Tubitos bañados chocolate negro Hacendado,Bote 150 g,"2,10 € /ud.",14555," 14,00 €/kg"
Cereales y galletas,Galletas,Rosquillas de chocolate con leche y coco Hacendado,Caja 300 g,"1,65 € /ud.",13656," 5,50 €/kg"
Cereales y galletas,Galletas,Galletas Crunchy Choc Hacendado,Caja 520 g,"2,40 € /ud.",23064," 4,616 €/kg"
Cereales y galletas,Galletas,Galletas Divertidas chocolate con leche Hacendado,Caja 6 paquetes (251 g),"1,90 € /ud.",52592," 7,57 €/kg"
Cereales y galletas,Galletas,Galletas Choco con relleno de crema de cacao Hacendado recubiertas de chocolate con leche,Paquete 145 g,"1,60 € /ud.",52876," 11,035 €/kg"
Cereales y galletas,Galletas,Galletas Cream Cookies Hacendado,Paquete 160 g,"1,45 € /ud.",52877," 9,063 €/kg"
Cereales y galletas,Galletas,Galletas caramelizadas Lotus Biscoff,Paquete 12 ud. (186 g),"1,50 € /ud.",14140," 8,022 €/kg"
Cereales y galletas,Galletas,Galletas con mantequilla Hacendado,Caja 125 g,"1,05 € /ud.",14577," 8,40 €/kg"
Cereales y galletas,Galletas,Surtido de galletas y barquillos Hacendado,Paquete 500 g,"2,00 € /ud.",14711," 4,00 €/kg"
Cereales y galletas,Galletas,Galletas de mantequilla y chocolate Hacendado,Caja 340 g,"2,85 € /ud.",13790," 8,383 €/kg"
Cereales y galletas,Galletas,Galletas de mantequilla Hacendado Belgas,Caja 6 paquetes (180 g),"1,60 € /ud.",14581," 8,889 €/kg"
Cereales y galletas,Galletas,Surtido de pastas artesanas Hacendado,Caja 1 bandeja (500 g),"2,30 € /ud.",14587," 4,60 €/kg"
Cereales y galletas,Galletas,Obleas redondas Hacendado,Paquete 24 ud. (255 g),"2,45 € /ud.",14645," 9,608 €/kg"
Cereales y galletas,Galletas,Obleas para helado Hacendado,Paquete 24 ud. (52 g),"0,70 € /ud.",15953," 13,462 €/kg"
Cereales y galletas,Galletas,Tubitos Hacendado,Bote 175 g,"2,00 € /ud.",36205," 11,429 €/kg"
Cereales y galletas,Tortitas,Tortitas de maíz Hacendado,Paquete 4 packs (120 g),"1,10 € /ud.",14158," 9,167 €/kg"
Cereales y galletas,Tortitas,Tortitas de maíz con chocolate Hacendado,Paquete 4 packs (130 g),"1,65 € /ud.",14015," 12,693 €/kg"
Cereales y galletas,Tortitas,Tortitas de arroz con chocolate blanco sabor yogur Hacendado,Paquete 4 packs (120 g),"1,65 € /ud.",14141," 13,75 €/kg"
Cereales y galletas,Tortitas,Tortitas de arroz con chocolate con leche Hacendado,Paquete 4 packs (130 g),"1,65 € /ud.",14142," 12,693 €/kg"
Cereales y galletas,Tortitas,Tortitas de legumbres y arroz Hacendado,Paquete 4 packs (109 g),"1,75 € /ud.",86483," 16,056 €/kg"
Cereales y galletas,Tortitas,Tortitas de arroz integral Vitalday Gullón,"Paquete 4 packs (115,2 g)","1,10 € /ud.",52873," 9,549 €/kg"
Charcutería y quesos,Aves y jamón cocido,Pechuga de pavo 92% Hacendado lonchas,Paquete 200 g,"2,55 € /ud.",5710," 12,75 €/kg"
Charcutería y quesos,Aves y jamón cocido,Pechuga de pavo bajo en sal Hacendado finas lonchas,2 paquetes x 200 g,"3,37 € /pack",86786," 8,425 €/kg"
Charcutería y quesos,Aves y jamón cocido,Pechuga de pavo bajo en sal Hacendado finas lonchas,Paquete 225 g,"2,22 € /ud.",60243," 9,867 €/kg"
Charcutería y quesos,Aves y jamón cocido,Pechuga de pavo Hacendado finas lonchas,2 paquetes x 200 g,"3,37 € /pack",67972," 8,425 €/kg"
Charcutería y quesos,Aves y jamón cocido,Pechuga de pavo finas lonchas Hacendado,Paquete 200 g,"2,07 €2,00 € /ud.",60244," 10,00 €/kg"
Charcutería y quesos,Aves y jamón cocido,Salchichón de pavo extra Hacendado lonchas,"4 paquetes x 37,5 g","2,38 € /pack",59159," 15,867 €/kg"
Charcutería y quesos,Aves y jamón cocido,Pechuga de pavo 0% m.g Hacendado al corte,Paquete 200 g,"2,09 € /ud.",59230," 10,45 €/kg"
Charcutería y quesos,Aves y jamón cocido,Lomo de pavo Hacendado lonchas,4 paquetes x 25 g,"2,49 € /pack",59138," 24,90 €/kg"
Charcutería y quesos,Aves y jamón cocido,Longaniza de pavo extra Hacendado lonchas,"4 paquetes x 31,25 g","2,38 € /pack",59165," 19,04 €/kg"
Charcutería y quesos,Aves y jamón cocido,Tiras de pechuga pollo al horno Hacendado,Paquete 140 g,"2,05 € /ud.",56652," 14,643 €/kg"
Charcutería y quesos,Aves y jamón cocido,Jamón de pavo Hacendado finas lonchas,Paquete 225 g,"1,66 € /ud.",56619," 7,378 €/kg"
Charcutería y quesos,Aves y jamón cocido,Dados de pavo Hacendado,2 paquetes x 100 g,"2,16 € /pack",59222," 10,80 €/kg"
Charcutería y quesos,Aves y jamón cocido,Tiras de pechuga de pollo al natural Hacendado,Paquete 140 g,"2,05 € /ud.",56661," 14,643 €/kg"
Charcutería y quesos,Aves y jamón cocido,Longaniza de pollo extra Hacendado sticks para picar,Paquete 50 g,"1,10 € /ud.",59081," 22,00 €/kg"
Charcutería y quesos,Aves y jamón cocido,Pechuga de pollo braseada Hacendado finas lonchas,Paquete 200 g,"2,15 € /ud.",56169," 10,75 €/kg"
Charcutería y quesos,Aves y jamón cocido,Mortadela de pavo Hacendado finas lonchas,Paquete 150 g,"1,19 € /ud.",59336," 7,934 €/kg"
Charcutería y quesos,Aves y jamón cocido,Pechuga de pavo al horno de leña Campofrío lonchas,Paquete 125 g,"1,75 € /ud.",53140," 14,00 €/kg"
Charcutería y quesos,Aves y jamón cocido,Pechuga de pollo Hacendado finas lonchas,Paquete 200 g,"2,11 € /ud.",56156," 10,55 €/kg"
Charcutería y quesos,Aves y jamón cocido,Pechuga de pavo 0% m.g Hacendado,Pieza 500 g,"3,25 € /ud.",59217," 6,50 €/kg"
Charcutería y quesos,Aves y jamón cocido,Pechuga de pollo Hacendado al corte,Paquete 200 g,"2,11 € /ud.",56162," 10,55 €/kg"
Charcutería y quesos,Aves y jamón cocido,Pechuga de pavo Noel lonchas muy finas,Paquete 200 g,"2,07 € /ud.",59283," 10,35 €/kg"
Charcutería y quesos,Aves y jamón cocido,Pollo relleno asado al horno La Carloteña lonchas,Paquete 150 g,"2,25 € /ud.",56084," 15,00 €/kg"
Charcutería y quesos,Aves y jamón cocido,Jamón de pavo Hacendado,Pieza 500 g,"2,46 € /ud.",59218," 4,92 €/kg"
Charcutería y quesos,Aves y jamón cocido,Longaniza de pavo Imperial extra Hacendado,Pieza 235 g,"3,76 € /ud.",55136," 16,00 €/kg"
Charcutería y quesos,Aves y jamón cocido,Pechuga de pavo bajo en sal Hacendado,Pieza 500 g,"3,62 € /ud.",59227," 7,24 €/kg"
Charcutería y quesos,Aves y jamón cocido,Pollo relleno con trufa y pistachos La Carloteña lonchas,Paquete 125 g,"2,15 € /ud.",56173," 17,20 €/kg"
Charcutería y quesos,Aves y jamón cocido,Cabeza de cerdo finas lonchas Hacendado,Paquete 150 g,"1,80 € /ud.",59364," 12,00 €/kg"
Charcutería y quesos,Aves y jamón cocido,Pechuguita de pollo asada La Carloteña lonchas,Paquete 125 g,"2,60 € /ud.",22332," 20,80 €/kg"
Charcutería y quesos,Aves y jamón cocido,Maxi pavo Hacendado finas lonchas,Paquete 400 g,"2,75 €2,65 € /ud.",22430," 6,625 €/kg"
Charcutería y quesos,Aves y jamón cocido,Mortadela de pavo con aceitunas Hacendado finas lonchas,Paquete 150 g,"1,25 € /ud.",40365," 8,334 €/kg"
Charcutería y quesos,Aves y jamón cocido,Jamón cocido extra Hacendado finas lonchas,2 paquetes x 225 g,"3,45 € /pack",86074," 7,667 €/kg"
Charcutería y quesos,Aves y jamón cocido,Jamón cocido extra Hacendado finas lonchas,Paquete 200 g,"2,17 €2,05 € /ud.",60329," 10,25 €/kg"
Charcutería y quesos,Aves y jamón cocido,Jamón cocido extra Hacendado lonchas,Paquete 200 g,"2,04 € /ud.",59249," 10,20 €/kg"
Charcutería y quesos,Aves y jamón cocido,Jamón cocido Hacendado lonchas,Paquete 200 g,"2,41 € /ud.",59256," 12,05 €/kg"
Charcutería y quesos,Aves y jamón cocido,Jamón cocido extra sándwich Hacendado lonchas,Paquete 250 g,"2,11 € /ud.",59215," 8,44 €/kg"
Charcutería y quesos,Aves y jamón cocido,Maxi york Hacendado finas lonchas,Paquete 500 g,"2,38 € /ud.",56115," 4,76 €/kg"
Charcutería y quesos,Aves y jamón cocido,Jamón cocido extra Noel lonchas,Paquete 200 g,"2,29 € /ud.",59143," 11,45 €/kg"
Charcutería y quesos,Aves y jamón cocido,Jamón cocido jugoso Hacendado,Paquete 225 g,"1,82 € /ud.",59233," 8,089 €/kg"
Charcutería y quesos,Aves y jamón cocido,Jamón cocido braseado Noel lonchas,Paquete 200 g,"2,24 € /ud.",59164," 11,20 €/kg"
Charcutería y quesos,Aves y jamón cocido,Jamón cocido Noel lonchas,Paquete 120 g,"2,39 €2,30 € /ud.",59167," 19,167 €/kg"
Charcutería y quesos,Aves y jamón cocido,Fiambre magro sándwich Hacendado lonchas,Paquete 300 g,"1,85 € /ud.",59253," 6,167 €/kg"
Charcutería y quesos,Aves y jamón cocido,Jamón cocido bajo en sal Hacendado finas lonchas,Paquete 225 g,"2,23 € /ud.",59212," 9,912 €/kg"
Charcutería y quesos,Aves y jamón cocido,Lacón cortado a mano Noel,Paquete 250 g,"3,49 € /ud.",86238," 13,96 €/kg"
Charcutería y quesos,Aves y jamón cocido,Magro de cerdo cocido Coren,Lata 240 g,"2,69 € /ud.",52051," 11,209 €/kg"
Charcutería y quesos,Aves y jamón cocido,Maxi york Hacendado,Pieza 2 kg,"6,24 € /ud.",59223," 3,12 €/kg"
Charcutería y quesos,Aves y jamón cocido,Lacón al horno Noel lonchas,Paquete 200 g,"2,19 € /ud.",59216," 10,95 €/kg"
Charcutería y quesos,Aves y jamón cocido,Maxi lomo Hacendado finas lonchas,Paquete 400 g,"2,60 € /ud.",56128," 6,50 €/kg"
Charcutería y quesos,Bacón y salchichas,Bacón Hacendado cintas,2 paquetes x 125 g,"2,10 € /pack",59066," 8,40 €/kg"
Charcutería y quesos,Bacón y salchichas,Bacón Oscar Mayer lonchas,Paquete 150 g,"2,29 € /ud.",53500," 15,267 €/kg"
Charcutería y quesos,Bacón y salchichas,Bacón ahumado Monells lonchas,Paquete 210 g,"2,02 € /ud.",59169," 9,62 €/kg"
Charcutería y quesos,Bacón y salchichas,Bacón ahumado sin corteza Monells,Pieza 310 g aprox.,"2,82 € /ud.",59170," 9,10 €/kg"
Congelados,Arroz y pasta,Arroz tres delicias Hacendado ultracongelado,Paquete 1 kg,"2,90 €2,75 € /ud.",86905," 2,75 €/kg"
Congelados,Arroz y pasta,Arroz precocido Hacendado ultracongelado,Paquete 6 bolsitas (1 kg),"2,02 €1,95 € /ud.",61302," 1,95 €/kg"
Congelados,Arroz y pasta,Risotto de setas Hacendado ultracongelados,Paquete 350 g,"2,00 € /ud.",22720," 5,715 €/kg"
Congelados,Arroz y pasta,Arroz negro Hacendado ultracongelado,Paquete 600 g,"3,10 €3,00 € /ud.",35541," 5,00 €/kg"
Congelados,Arroz y pasta,Arroz con verduras Hacendado ultracongelado,Paquete 600 g,"1,78 € /ud.",61305," 2,967 €/kg"
Congelados,Arroz y pasta,Arroz con pollo Hacendado ultracongelado,Paquete 600 g,"2,60 €2,50 € /ud.",35797," 4,167 €/kg"
Congelados,Arroz y pasta,Lasaña boloñesa familiar Hacendado ultracongelada,"Bandeja 1,1 kg","5,90 € /ud.",35767," 5,364 €/kg"
Congelados,Arroz y pasta,Lasaña a la boloñesa Hacendado ultracongelada,Caja 2 bandejas (600 g),"3,30 €3,25 € /ud.",86597," 5,417 €/kg"
Congelados,Arroz y pasta,Canelones de carne Hacendado ultracongelados,"Caja 12 ud. (1,1 kg)","6,00 €5,80 € /ud.",86601," 5,273 €/kg"
Congelados,Arroz y pasta,Canelones de carne Hacendado ultracongelados,Caja 2 bandejas (600 g),"3,30 €3,25 € /ud.",86600," 5,417 €/kg"
Congelados,Arroz y pasta,Lasaña de atún Hacendado ultracongelada,Caja 2 bandejas (600 g),"3,50 € /ud.",86598," 5,834 €/kg"
Congelados,Arroz y pasta,Lasaña de verduras Hacendado ultracongelada,Caja 2 ud. (600 g),"3,30 € /ud.",86599," 5,50 €/kg"
Congelados,Arroz y pasta,Gnocchi de pollo y verduras Hacendado ultracongelados,Paquete 600 g,"3,15 € /ud.",61354," 5,25 €/kg"
Congelados,Arroz y pasta,Sopa con wonton de langostino y fideos Hacendado ultracongelada,Bol 309 g,"4,15 € /ud.",62026," 13,431 €/kg"
Congelados,Carne,Jamoncitos de pollo congelados,Paquete 1 kg,"3,10 € /ud.",25183," 3,10 €/kg"
Congelados,Carne,Alas de pollo congeladas,Paquete 1 kg,"3,40 € /ud.",25184," 3,40 €/kg"
Congelados,Carne,Medallones preparado de solomillo cerdo congelados marinados,Paquete 300 g aprox.,"3,11 € /ud.",4176," 10,36 €/kg"
Congelados,Carne,Solomillo de pavo marinado congelado,Paquete 350 g aprox.,"2,76 € /ud.",25353," 7,90 €/kg"
Congelados,Carne,Cuartos traseros de pollo congelados,Paquete 2 kg,"5,80 € /ud.",25182," 2,90 €/kg"
Congelados,Carne,Solomillo de cerdo marinado congelado,Paquete 800 g aprox.,"6,24 € /ud.",2228," 7,80 €/kg"
Congelados,Carne,Chuletas de cordero palo o riñonada congeladas,Paquete 600 g aprox.,"11,37 € /ud.",5186," 18,95 €/kg"
Congelados,Carne,Paletilla de cordero entera congelada,"Pieza 1,2 kg aprox.","17,40 € /ud.",4022," 14,50 €/kg"
Congelados,Carne,Chuletas de cabrito congeladas,Paquete 430 g aprox.,"11,14 € /ud.",5034," 25,90 €/kg"
Congelados,Carne,Pierna de cabrito congelada,Pieza 530 g aprox.,"8,48 € /ud.",4599," 16,00 €/kg"
Congelados,Carne,Pechugas de pollo enteras congeladas,Paquete 1 kg aprox.,"5,65 € /ud.",30006," 5,65 €/kg"
Congelados,Carne,Alas de pollo barbacoa congeladas,Paquete 750 g,"3,68 € /ud.",52426," 4,907 €/kg"
Congelados,Helados,Helado mini surtido Hacendado,Caja 12 ud. (684 ml),"2,80 € /ud.",64001," 4,094 €/L"
Congelados,Helados,Helado sándwich de nata Hacendado,Caja 8 ud. (800 ml),"2,20 € /ud.",64146," 2,75 €/L"
Congelados,Helados,Helado almendrado Hacendado,Caja 6 ud. (720 ml),"2,75 € /ud.",64000," 3,82 €/L"
Congelados,Helados,Helado mini sándwich nata Hacendado,Caja 6 ud. (480 ml),"2,30 € /ud.",64450," 4,792 €/L"
Congelados,Helados,Helado mini bombón almendrado Hacendado,Caja 8 ud. (480 ml),"2,70 € /ud.",64066," 5,625 €/L"
Congelados,Helados,Helado sándwich super nata Hacendado,Caja 6 ud. (870 ml),"2,70 € /ud.",64200," 3,104 €/L"
Congelados,Helados,Helado mini bombón Hacendado sin azúcares añadidos,Caja 8 ud. (456 ml),"2,60 € /ud.",64102," 5,702 €/L"
Congelados,Helados,Helado mini sándwich vainilla y cookie Hacendado,Caja 6 ud. (510 ml),"2,80 € /ud.",64520," 5,491 €/L"
Congelados,Helados,Helado mini nocciola Hacendado,Caja 8 ud. (480 ml),"2,90 € /ud.",64499," 6,042 €/L"
Congelados,Helados,Helado mochi sabor coco Hacendado,Caja 6 ud. (216 ml),"2,80 € /ud.",64491," 12,963 €/L"
Congelados,Helados,Helado mini chocolate Hacendado,Caja 8 ud. (480 ml),"2,90 € /ud.",64061," 6,042 €/L"
Congelados,Helados,Helado vegetal mini a base de anacardo con crema de pistacho Hacendado,Caja 4 ud. (326 ml),"2,95 € /ud.",23850," 9,219 €/L"
Congelados,Helados,Helado Mochi mango Hacendado,Caja 6 ud. (216 ml),"2,80 € /ud.",64492," 12,963 €/L"
Congelados,Helados,Helado negro Hacendado,Caja 6 ud. (720 ml),"2,75 € /ud.",64248," 3,82 €/L"
Congelados,Helados,Medios cocos helados Hacendado,Caja 2 ud. (350 ml),"2,40 € /ud.",64166," 6,858 €/L"
Congelados,Helados,Helado mini cucurucho nata Hacendado,Caja 12 ud. (444 ml),"2,80 € /ud.",64246," 6,307 €/L"
Congelados,Helados,Helado cucurucho de vainilla Hacendado,Caja 6 ud. (720 ml),"2,20 € /ud.",86236," 3,056 €/L"
Congelados,Helados,Helado cucurucho de nata,Caja 6 ud. (720 ml),"2,20 € /ud.",64196," 3,056 €/L"
Congelados,Helados,Helado cucurucho choco nata Hacendado,Caja 6 ud. (720 ml),"2,20 € /ud.",64251," 3,056 €/L"
Congelados,Helados,Granizado de limón Hacendado,6 ud. x 200 ml,"2,60 € /pack",64705," 2,167 €/L"
Congelados,Helados,Helado de horchata Hacendado,Caja 10 ud. (750 ml),"2,25 € /ud.",64179," 3,00 €/L"
Congelados,Helados,Helado de vainilla Hacendado,Tarrina 1 L,"2,30 € /ud.",64518," 2,30 €/L"
Congelados,Helados,Helado de chocolate Hacendado,Tarrina 1 L,"2,90 € /ud.",64400," 2,90 €/L"
Congelados,Helados,Helado nata montada Hacendado,Bote 500 ml,"2,10 € /ud.",10198," 4,20 €/L"
Congelados,Helados,Helado turrón Hacendado,Bote 500 ml,"3,05 € /ud.",64445," 6,10 €/L"
Congelados,Helados,Helado chocolate y cookies Hacendado,Bote 500 ml,"2,85 € /ud.",64424," 5,70 €/L"
Congelados,Helados,Helado vainilla praliné con nueces pecán Hacendado,Tarrina 950 ml,"3,25 € /ud.",52560," 3,422 €/L"
Congelados,Helados,Helado caramelo con salsa de caramelo salado y trozos de caramelo Hacendado,Bote 500 ml,"3,05 € /ud.",22996," 6,10 €/L"
Congelados,Helados,Sorbete con limón Hacendado,Tarrina 1 L,"2,35 € /ud.",64509," 2,35 €/L"
Congelados,Helados,Helado capuccino Hacendado,Tarrina 950 ml,"2,90 € /ud.",52563," 3,053 €/L"
Congelados,Helados,Helado vainilla y nueces de macadamia Hacendado,Bote 500 ml,"2,85 € /ud.",64435," 5,70 €/L"
Congelados,Helados,Helado tarta de queso Hacendado con fresas,Bote 500 ml,"2,85 € /ud.",64436," 5,70 €/L"
Congelados,Helados,Helado sabor huevo de chocolate Hacendado,Tarrina 950 ml,"3,25 € /ud.",52561," 3,422 €/L"
Congelados,Helados,Helado vegetal de chocolate Hacendado con trozos de chocolate,Bote 500 ml,"3,05 € /ud.",23852," 6,10 €/L"
Congelados,Helados,"Helado +Proteínas sabor plátano con trozos de brownie Hacendado 24,6 g proteínas",Bote 500 ml,"2,85 € /ud.",86481," 5,70 €/L"
Congelados,Helados,Helado nutticream Hacendado,Bote 500 ml,"3,05 € /ud.",35531," 6,10 €/L"
Congelados,Helados,Tarta helada nata y chocolate Hacendado,Caja 1 L,"1,95 € /ud.",70711," 1,95 €/L"
Congelados,Helados,"Barra de helado sabor vainilla, chocolate y nata Hacendado",Caja 10 raciones (1 L),"1,85 € /ud.",64214," 1,85 €/L"
Congelados,Helados,Obleas para helado Hacendado,Paquete 24 ud. (52 g),"0,70 € /ud.",15953," 13,462 €/kg"
Congelados,Helados,Tubitos bañados chocolate negro Hacendado,Bote 150 g,"2,10 € /ud.",14555," 14,00 €/kg"
Congelados,Helados,Tubitos Hacendado,Bote 175 g,"2,00 € /ud.",36205," 11,429 €/kg"
Congelados,Hielo,Cubos de hielo,5 paquetes x 2 kg,"4,25 € /pack",64133," 0,425 €/kg"
Congelados,Hielo,Cubos de hielo,Paquete 2 kg,"0,85 € /ud.",64126," 0,425 €/kg"
Congelados,Hielo,Hielo cocktail,Paquete 2 kg,"1,20 € /ud.",64139," 0,60 €/kg"
Congelados,Marisco,Preparado de paella y sopa Hacendado ultracongelado,Paquete 685 g escurrido,"3,95 € /ud.",62048," 5,767 €/kg"
Congelados,Marisco,Gambón congelado,Granel 150 g aprox.,"1,49 € /150 g",24147," 9,95 €/kg"
Congelados,Marisco,Gambón grande congelado,Caja 2 kg,"19,90 €17,90 € /ud.",24260," 8,95 €/kg"
Congelados,Marisco,Alistado pequeño congelado,Granel 150 g aprox.,"2,18 € /150 g",24708," 14,50 €/kg"
Congelados,Marisco,Alistado pequeño Hacendado congelado,Caja 1 kg aprox.,"13,50 € /ud.",24707," 13,50 €/kg"
Congelados,Marisco,Alistado mediano Hacendado ultracongelado,Caja 500 g,"15,50 € /ud.",62704," 31,00 €/kg"
Congelados,Marisco,Langostino crudo ultracongelado,Caja 600 g escurrido,"6,95 € /ud.",24712," 11,584 €/kg"
Congelados,Marisco,Gamba arrocera Hacendado congelada,Granel 150 g aprox.,"2,24 € /150 g",24701," 14,95 €/kg"
Congelados,Marisco,Gamba blanca pequeña Hacendado congelada,Caja 1 kg aprox.,"13,95 € /ud.",24700," 13,95 €/kg"
Congelados,Marisco,Gamba blanca cocida Hacendado ultracongelada,Bandeja 350 g,"5,55 € /ud.",24278," 15,858 €/kg"
Congelados,Marisco,Carabinero Hacendado congelado,Caja 500 g aprox.,"50,00 € /ud.",24710," 100,00 €/kg"
Congelados,Marisco,Langostino cocido y pelado Hacendado ultracongelado,Bandeja 220 g escurrido,"4,75 € /ud.",24477," 21,591 €/kg"
Congelados,Marisco,Gamba pelada cruda tamaño mediano Hacendado ultracongelada,Paquete 360 g escurrido,"4,95 € /ud.",24181," 13,75 €/kg"
Congelados,Marisco,Langostino crudo y pelado Hacendado ultracongelado,Bandeja 220 g escurrido,"3,95 € /ud.",24486," 17,955 €/kg"
Congelados,Marisco,Camarón boreal cocido y pelado Royal Greenland ultracongelado,Paquete 200 g,"4,25 € /ud.",24267," 21,25 €/kg"
Congelados,Marisco,Gamba pelada cruda tamaño grande Hacendado ultracongelada,Paquete 360 g escurrido,"5,95 € /ud.",24230," 16,528 €/kg"
Congelados,Marisco,Colas de gambón crudo Hacendado congelado,Bandeja 250 g,"6,55 € /ud.",24102," 26,20 €/kg"
Congelados,Marisco,Cigala mediana Hacendado ultracongelada,Caja 500 g,"10,65 € /ud.",24032," 21,30 €/kg"
Congelados,Marisco,Bogavante americano mediano crudo Hacendado congelado,Pieza 450 g escurrido,"14,85 € /ud.",62386," 33,00 €/kg"
Congelados,Marisco,Bocas de cangrejo pequeñas congeladas,Granel 150 g aprox.,"2,97 € /150 g",24487," 19,80 €/kg"
Congelados,Marisco,Bocas de cangrejo pequeñas Hacendado congeladas,Caja 500 g,"8,95 € /ud.",24387," 17,90 €/kg"
Congelados,Marisco,Buey de mar cocido Hacendado congelado,Pieza 715 g,"10,96 € /ud.",62320," 15,33 €/kg"
Congelados,Marisco,Nécora cocida Hacendado congelada,Caja 500 g escurrido,"6,15 € /ud.",24120," 12,30 €/kg"
Congelados,Marisco,Palitos de surimi Hacendado ultracongelados,Paquete 32 ud. (600 g),"2,35 € /ud.",62403," 3,917 €/kg"
Congelados,Marisco,Carne de mejillón de Chile cocido Hacendado ultracongelado,Paquete 275 g escurrido,"2,45 €2,40 € /ud.",62396," 8,728 €/kg"
Congelados,Marisco,Mejillón de Chile entero cocido Hacendado ultracongelado,Caja 450 g,"3,25 € /ud.",62401," 7,223 €/kg"
Congelados,Marisco,Almeja Hacendado congelada,Paquete 450 g,"1,70 € /ud.",60874," 3,778 €/kg"
Congelados,Pescado,Filetes de merluza del cabo sin piel Hacendado ultracongelados,Paquete 600 g escurrido,"5,10 € /ud.",62228," 8,50 €/kg"
Congelados,Pescado,Rodaja de emperador Hacendado ultracongelado,Pieza 200 g aprox. escurrido,"3,18 € /ud.",24345," 17,667 €/kg"
Congelados,Pescado,Filetes de bacalao Maredeus ultracongelado,Paquete 375 g escurrido,"5,50 €5,30 € /ud.",24016," 14,134 €/kg"
Congelados,Pescado,Tubo de pota argentina limpia congelado,Pieza 100 g aprox. escurrido,"1,29 € /ud.",24203," 12,90 €/kg"
Congelados,Pescado,Medallones de merluza Hacendado ultracongelados,Paquete 485 g escurrido,"4,50 € /ud.",62131," 9,279 €/kg"
Congelados,Pescado,Sepia limpia congelada,Pieza 400 g aprox. escurrido,"5,98 € /ud.",24200," 14,95 €/kg"
Congelados,Pescado,Filete de salmón rosado salvaje con piel Hacendado ultracongelado,Pieza 300 g aprox. escurrido,"3,58 € /ud.",24350," 11,95 €/kg"
Congelados,Pescado,Rodajas de merluza del cabo Hacendado ultracongeladas,Paquete 580 g escurrido,"5,00 € /ud.",62121," 8,621 €/kg"
Congelados,Pescado,Sepia limpia troceada Hacendado congelada,Paquete 360 g escurrido,"4,05 € /ud.",24274," 11,25 €/kg"
Congelados,Pescado,Calamar limpio troceado Hacendado congelado,Paquete 475 g escurrido,"5,10 € /ud.",24242," 10,737 €/kg"
Congelados,Pescado,Filetes de panga Hacendado ultracongelados,Paquete 900 g escurrido,"4,95 € /ud.",62191," 5,50 €/kg"
Congelados,Pescado,Lomos y centros de merluza del cabo Hacendado ultracongelados,Caja 400 g,"3,85 € /ud.",62113," 9,625 €/kg"
Congelados,Pescado,Anguriñas de surimi Pescanova ultracongeladas,Bandeja 260 g,"2,30 € /ud.",62499," 8,847 €/kg"
Congelados,Pescado,Porciones de bacalao sin piel MareDeus ultracongelado,Paquete 600 g escurrido,"7,40 €7,20 € /ud.",24025," 12,00 €/kg"
Congelados,Pescado,Rodaja de potón del Pacífico cocido Hacendado congelado,Paquete 475 g escurrido,"6,05 € /ud.",24234," 12,737 €/kg"
Congelados,Pescado,Rodaja de tintorera sin piel Hacendado ultracongelada,Pieza 450 g aprox. escurrido,"3,13 € /ud.",24383," 6,95 €/kg"
Congelados,Pescado,Porciones de merluza del cabo sin piel Hacendado ultracongeladas,Paquete 500 g,"4,60 € /ud.",62103," 9,20 €/kg"
Congelados,Pescado,Sepia limpia pequeña Hacendado congelada,Paquete 360 g escurrido,"4,00 € /ud.",24206," 11,112 €/kg"
Congelados,Pescado,Tacos de bacalao MareDeus ultracongelado,Paquete 400 g escurrido,"4,95 € /ud.",24024," 12,375 €/kg"
Congelados,Pescado,Pescadilla de merluza sin cabeza Hacendado ultracongelada,Paquete 1 kg escurrido,"5,00 € /ud.",62176," 5,00 €/kg"
Congelados,Pescado,Cola de rape del cabo Hacendado ultracongelada,Pieza 500 g aprox. escurrido,"8,48 € /ud.",24340," 16,95 €/kg"
Congelados,Pescado,Tiras de potón Hacendado congeladas,Paquete 400 g escurrido,"4,45 € /ud.",24341," 11,125 €/kg"
Congelados,Pescado,Tinta de sepia Nortindal congelada,Paquete 8 ud. (32 g),"2,05 € /ud.",24256," 6,407 €/100 g"
Congelados,Pescado,Filetes de merluza del cabo grandes sin piel Hacendado ultracongelados,Paquete 970 g escurrido,"9,90 € /ud.",62179," 10,207 €/kg"
Congelados,Pescado,Filete de fletán negro Hacendado congelado,Pieza 200 g aprox. escurrido,"3,60 € /ud.",24344," 18,00 €/kg"
Congelados,Pescado,Merluza del cabo sin cabeza Hacendado ultracongelada,Pieza 700 g aprox. escurrido,"4,86 € /ud.",24324," 6,95 €/kg"
Congelados,Pescado,Anillas de pota Hacendado congeladas,Paquete 360 g escurrido,"5,15 € /ud.",24249," 14,306 €/kg"
Congelados,Pescado,Pulpo crudo Hacendado congelado,Paquete 1 kg aprox.,"17,95 € /ud.",24208," 17,95 €/kg"
Congelados,Pescado,Chipirón puntilla Hacendado congelado,Paquete 450 g escurrido,"4,70 € /ud.",24291," 10,445 €/kg"
Congelados,Pescado,Lenguado negro entero Hacendado ultracongelado,Paquete 600 g escurrido,"7,70 € /ud.",62029," 12,834 €/kg"
Congelados,Pescado,Lomos de salmón sin piel y sin espinas Hacendado congelado,Paquete 2 ud. (250 g),"6,50 €6,40 € /ud.",24511," 25,60 €/kg"
Congelados,Pescado,Migas de bacalao sin espinas y sin piel MareDeus ultra congeladas,Paquete 300 g escurrido,"3,85 € /ud.",24023," 12,834 €/kg"
Congelados,Pescado,Gallos sin cabeza Hacendado ultracongelado,Paquete 600 g escurrido,"6,25 € /ud.",62000," 10,417 €/kg"
Congelados,Pescado,Calamar patagónico pequeño Hacendado ultracongelado,Paquete 500 g escurrido,"4,50 € /ud.",63432," 9,00 €/kg"
Congelados,Pescado,Rodajas de atún de aleta amarilla Hacendado congelado,Bandeja 250 g aprox.,"4,19 € /ud.",24357," 16,76 €/kg"
Congelados,Pescado,Calamar grande Hacendado congelado,Pieza 200 g aprox.,"3,19 € /ud.",24417," 15,95 €/kg"
Congelados,Pescado,Croquetas de merluza Hacendado ultracongelados,Paquete 350 g,"2,45 € /ud.",60954," 7,00 €/kg"
Congelados,Pescado,Lomo de bacalao MareDeus ultracongelado,Paquete 390 g aprox.,"6,35 € /ud.",62050," 16,28 €/kg"
Congelados,Pizzas,Pizzas tomate y queso Hacendado ultracongeladas,2 ud. x 285 g,"2,40 € /pack",63597," 4,211 €/kg"
Congelados,Pizzas,Pizza boloñesa Hacendado ultracongelada,400 g,"2,60 € /ud.",63559," 6,50 €/kg"
Congelados,Pizzas,Pizza masa fina 4 quesos Hacendado ultracongelada,390 g,"2,50 € /ud.",63340," 6,411 €/kg"
Congelados,Pizzas,Pizza atún Hacendado ultracongelada,390 g,"2,60 € /ud.",63501," 6,667 €/kg"
Congelados,Pizzas,Pizza Pepperoni barbacoa Hacendado ultracongelada,540 g,"3,50 € /ud.",22648," 6,482 €/kg"
Congelados,Pizzas,Pizza masa fina jamón Hacendado ultracongelada,400 g,"2,50 € /ud.",63339," 6,25 €/kg"
Congelados,Pizzas,Pizza americana rellena de cheddar Hacendado ultracongelada,540 g,"3,50 € /ud.",63643," 6,482 €/kg"
Congelados,Pizzas,Pizza 4 quesos sin gluten y sin lactosa Hacendado ultracongelada,410 g,"3,10 € /ud.",63623," 7,561 €/kg"
Congelados,Pizzas,Pizza masa fina carbonara Hacendado ultracongelada,390 g,"2,50 € /ud.",52511," 6,411 €/kg"
Congelados,Pizzas,Pizza masa fina Barbacoa Hacendado ultracongelada,390 g,"2,50 € /ud.",22649," 6,411 €/kg"
Congelados,Pizzas,Bases de pizza artesanas extrafinas y crujientes Hacendado ultracongeladas,Paquete 3 ud. (420 g),"1,90 € /ud.",63648," 4,524 €/kg"
Congelados,Pizzas,Bases de pizza sin gluten sin lactosa Hacendado ultracongeladas,Paquete 2 ud. (400 g),"4,00 € /ud.",63606," 10,00 €/kg"
Congelados,Rebozados,Nuggets de pollo Hacendado ultracongelados,Paquete 500 g,"2,70 € /ud.",63323," 5,40 €/kg"
Congelados,Rebozados,Croquetas de cocido Hacendado ultracongeladas,Paquete 350 g,"1,90 € /ud.",13496," 5,429 €/kg"
Congelados,Rebozados,Delicias de pollo Hacendado ultracongeladas,Paquete 500 g,"3,75 € /ud.",63322," 7,50 €/kg"
Congelados,Rebozados,San Jacobos empanados de york y queso Hacendado ultracongelados,Paquete 4 ud. (350 g),"1,30 €1,25 € /ud.",63321," 3,572 €/kg"
Congelados,Rebozados,Croquetas de jamón Hacendado ultracongeladas,Paquete 500 g,"1,25 € /ud.",63400," 2,50 €/kg"
Congelados,Rebozados,Relleno para kebab con carne de pollo asado Hacendado ultracongelado,Paquete 300 g,"3,25 € /ud.",13778," 10,834 €/kg"
Congelados,Rebozados,Nuggets de pavo Hacendado ultracongelados,Paquete 400 g,"3,20 € /ud.",63007," 8,00 €/kg"
Congelados,Rebozados,Croquetas caprichos de jamón Hacendado ultracongeladas,Paquete 500 g,"2,85 € /ud.",23127," 5,70 €/kg"
Congelados,Rebozados,Pollo marinado rebozado Crispy American Style Hacendado ultracongeladas,Paquete 500 g,"4,90 € /ud.",60306," 9,80 €/kg"
Congelados,Rebozados,Aritos de surimi a la romana Pescanova ultracongelados,Paquete 625 g,"2,95 € /ud.",63238," 4,72 €/kg"
Congelados,Rebozados,Merluza empanada pan fino Hacendado ultracongelada,Paquete 510 g,"4,20 €3,95 € /ud.",63140," 7,746 €/kg"
Congelados,Rebozados,Varitas de merluza empanadas Hacendado ultracongeladas,Paquete 400 g,"3,95 € /ud.",63170," 9,875 €/kg"
Congelados,Rebozados,Empanadillas de atún Hacendado ultracongeladas,Caja 500 g,"1,90 € /ud.",63407," 3,80 €/kg"
Congelados,Rebozados,Rabas empanadas Hacendado ultracongeladas,Paquete 500 g,"3,65 € /ud.",63161," 7,30 €/kg"
Congelados,Rebozados,Anillas de pota a la romana Hacendado ultracongeladas,Paquete 500 g,"4,30 € /ud.",63163," 8,60 €/kg"
Congelados,Rebozados,Muslitos de surimi Hacendado ultracongelados,Paquete 450 g,"2,60 € /ud.",62501," 5,778 €/kg"
Congelados,Rebozados,Palitos de merluza a la romana Hacendado ultracongelados,Paquete 500 g,"2,75 € /ud.",63151," 5,50 €/kg"
Congelados,Rebozados,Figuritas de merluza empanadas Hacendado ultracongeladas,Paquete 500 g,"3,60 € /ud.",63159," 7,20 €/kg"
Congelados,Rebozados,Chipirones enharinados Hacendado ultracongelado,Paquete 350 g,"4,95 € /ud.",63145," 14,143 €/kg"
Congelados,Rebozados,Langostino caballitos rebozados Hacendado ultracongelados,Paquete 300 g,"3,30 € /ud.",63144," 11,00 €/kg"
Congelados,Rebozados,Filetes de boquerón en tempura Hacendado ultracongelado,Paquete 400 g,"3,75 € /ud.",63114," 9,375 €/kg"
Congelados,Rebozados,Buñuelos de bacalao Hacendado ultracongelados,Paquete 400 g,"3,85 € /ud.",63425," 9,625 €/kg"
Congelados,Rebozados,Rollitos primavera Hacendado ultracongelados,Caja 6 rollitos (300 g),"1,60 € /ud.",63478," 5,334 €/kg"
Congelados,Rebozados,Croquetas de espinacas Hacendado ultracongeladas,Paquete 350 g,"2,00 € /ud.",63791," 5,715 €/kg"
Congelados,Rebozados,Fingers de queso Hacendado ultracongelados,Paquete 300 g,"2,40 € /ud.",63739," 8,00 €/kg"
Congelados,Rebozados,Tequeños de queso Hacendado ultracongelados,Caja 480 g,"4,90 € /ud.",13413," 10,209 €/kg"
Congelados,Tartas y churros,Tarta carrot cake Hacendado congelada,10 raciones (750 g),"11,00 € /ud.",87677," 14,667 €/kg"
Congelados,Tartas y churros,Tarta red velvet Hacendado congelada,10 raciones (700 g),"9,50 € /ud.",87607," 13,572 €/kg"
Congelados,Tartas y churros,Tarta dúo sabores Hacendado congelada,"12 raciones (1,09 kg)","11,00 € /ud.",87610," 10,092 €/kg"
Congelados,Tartas y churros,Tarta Ferrer bombón crujiente Hacendado congelada,8 raciones (710 g),"9,50 € /ud.",87609," 13,381 €/kg"
Congelados,Tartas y churros,Tarta tres chocolates Hacendado congelada,8 raciones (880 g),"8,90 € /ud.",87599," 10,114 €/kg"
Congelados,Tartas y churros,Mousse de queso Hacendado congelado,6 raciones (520 g),"7,50 € /ud.",87601," 14,424 €/kg"
Congelados,Tartas y churros,Tarta de tiramisú Hacendado congelada,6 raciones (500 g),"9,50 € /ud.",87603," 19,00 €/kg"
Congelados,Tartas y churros,Tarta de la abuela Hacendado congelada,10 raciones (825 g),"8,30 € /ud.",87692," 10,061 €/kg"
Congelados,Tartas y churros,Mousse de limón Hacendado congelado,9 raciones (805 g),"11,00 € /ud.",87604," 13,665 €/kg"
Congelados,Tartas y churros,Tarta San Marcos Hacendado congelada,"24 raciones (1,65 kg)","12,00 € /ud.",87598," 7,273 €/kg"
Congelados,Tartas y churros,Tarta selva negra Hacendado congelada,"30 raciones (1,9 kg)","13,90 € /ud.",87602," 7,316 €/kg"
Congelados,Tartas y churros,Trenza hojaldre de mantequilla Hacendado congelada,Bandeja 430 g,"7,50 €7,00 € /ud.",87616," 16,28 €/kg"
Congelados,Tartas y churros,Tarta Reina Hacendado congelada,8 raciones (670 g),"9,00 € /ud.",22551," 13,433 €/kg"
Congelados,Tartas y churros,Tarta crema avellana blanca Hacendado congelada,10 raciones (880 g),"9,50 € /ud.",67978," 10,796 €/kg"
Congelados,Tartas y churros,Tarta infantil Paw Patrol Hacendado congelada,8 raciones (635 g),"8,50 € /ud.",87683," 13,386 €/kg"
Congelados,Tartas y churros,Tarta infantil Barbie Hacendado congelada,"20 raciones (1,4 kg)","13,80 € /ud.",86224," 9,858 €/kg"
Congelados,Tartas y churros,Tarta infantil Justice League Hacendado congelada,"20 raciones (1,4 kg)","13,80 € /ud.",86226," 9,858 €/kg"
Congelados,Tartas y churros,Churros Hacendado ultracongelados,Paquete 24 ud. (500 g),"1,50 € /ud.",15545," 3,00 €/kg"
Congelados,Tartas y churros,Porras Hacendado congeladas,Paquete 6 ud. (240 g),"1,90 € /ud.",15137," 7,917 €/kg"
Congelados,Tartas y churros,Crepes Hacendado ultracongelados,Caja 8 ud. (400 g),"2,45 € /ud.",63528," 6,125 €/kg"
Congelados,Verdura,Mix de frutos rojos Hacendado ultracongeladas,Paquete 300 g,"1,50 € /ud.",61089," 5,00 €/kg"
Congelados,Verdura,Fresas enteras Hacendado ultracongeladas,Paquete 300 g,"1,64 € /ud.",61092," 5,467 €/kg"
Congelados,Verdura,Arándanos enteros Hacendado ultracongelados,Paquete 300 g,"1,97 € /ud.",61093," 6,567 €/kg"
Congelados,Verdura,Ensaladilla Hacendado ultracongelada,Paquete 1 kg,"1,20 € /ud.",61101," 1,20 €/kg"
Congelados,Verdura,Garrofón Hacendado ultracongelado,Paquete 450 g,"1,50 € /ud.",61270," 3,334 €/kg"
Congelados,Verdura,Guisante muy tierno Hacendado ultracongelado,Paquete 300 g,"1,01 € /ud.",61200," 3,367 €/kg"
Congelados,Verdura,Guisante fino Hacendado ultracongelado,Paquete 1 kg,"1,60 € /ud.",61215," 1,60 €/kg"
Congelados,Verdura,Judía verde plana Hacendado ultracongelada,Paquete 1 kg,"1,55 € /ud.",61283," 1,55 €/kg"
Congelados,Verdura,Cebolla troceada Hacendado ultracongelada,Paquete 450 g,"1,10 € /ud.",13568," 2,445 €/kg"
Congelados,Verdura,Judía verde redonda Hacendado ultracongelada,Paquete 1 kg,"1,55 € /ud.",61282," 1,55 €/kg"
Congelados,Verdura,Ajo tierno Hacendado ultracongelado,Paquete 300 g,"1,97 € /ud.",61288," 6,567 €/kg"
Congelados,Verdura,Alcachofa troceada Hacendado ultracongelada,Paquete 400 g,"2,55 € /ud.",13865," 6,375 €/kg"
Congelados,Verdura,Espinaca picada en porciones Hacendado ultracongelada,Paquete 500 g,"1,25 € /ud.",35781," 2,50 €/kg"
Congelados,Verdura,Menestra de verduras Hacendado ultracongelada,Paquete 1 kg,"1,65 € /ud.",52534," 1,65 €/kg"
Congelados,Verdura,"Relleno fajitas pollo, pimientos y cebolla Hacendado ultracongelado",Paquete 300 g,"1,95 € /ud.",86820," 6,50 €/kg"
Congelados,Verdura,Habitas muy tiernas Hacendado ultracongeladas,Paquete 300 g,"2,80 € /ud.",61285," 9,334 €/kg"
Congelados,Verdura,Haba fina Hacendado ultracongelada,Paquete 450 g,"1,20 €1,15 € /ud.",61233," 2,556 €/kg"
Congelados,Verdura,Haba baby Hacendado ultracongelada,Paquete 450 g,"1,68 € /ud.",61252," 3,734 €/kg"
Congelados,Verdura,Salteado de setas Hacendado ultracongeladas,Paquete 450 g,"1,65 € /ud.",61025," 3,667 €/kg"
Congelados,Verdura,Pimiento rojo y verde Hacendado ultracongelado,Paquete 450 g,"1,30 € /ud.",35221," 2,889 €/kg"
Congelados,Verdura,Salteado de verduras asadas Hacendado ultracongeladas,Paquete 400 g,"1,85 € /ud.",61027," 4,625 €/kg"
Congelados,Verdura,Parrillada de verduras Hacendado ultracongeladas,Paquete 400 g,"1,55 € /ud.",61034," 3,875 €/kg"
Congelados,Verdura,Maíz dulce Hacendado ultracongelado,Paquete 400 g,"1,20 € /ud.",61289," 3,00 €/kg"
Congelados,Verdura,"Salteado de gambas, espárragos verdes, ajos tiernos, champiñón y cebolla Hacendado ultracongelado",Paquete 450 g,"2,80 € /ud.",35900," 6,223 €/kg"
Congelados,Verdura,Brócoli Hacendado ultracongelado,Paquete 1 kg,"2,05 € /ud.",61261," 2,05 €/kg"
Congelados,Verdura,Salteado de pollo Hacendado ultracongelado,Paquete 450 g,"2,15 € /ud.",13404," 4,778 €/kg"
Congelados,Verdura,Salteado de patata y salchicha Hacendado ultracongelado,Paquete 450 g,"1,90 € /ud.",61053," 4,223 €/kg"
Congelados,Verdura,Ajo troceado Hacendado ultracongelado,Paquete 150 g,"1,00 € /ud.",61251," 6,667 €/kg"
Congelados,Verdura,Pimientos del piquillo rellenos de bacalao Hacendado ultracongelados,Paquete 185 g,"1,90 € /ud.",61371," 10,271 €/kg"
Congelados,Verdura,Tempura de verduras Hacendado ultracongelada,Paquete 400 g,"2,70 € /ud.",61300," 6,75 €/kg"
Congelados,Verdura,Pisto de verduras Hacendado ultracongelado,Paquete 450 g,"2,30 € /ud.",35653," 5,112 €/kg"
Congelados,Verdura,Zanahoria baby Hacendado ultracongelada,Paquete 400 g,"1,05 € /ud.",61291," 2,625 €/kg"
Congelados,Verdura,Rollitos primavera Hacendado ultracongelados,Caja 6 rollitos (300 g),"1,60 € /ud.",63478," 5,334 €/kg"
Congelados,Verdura,Croquetas de espinacas Hacendado ultracongeladas,Paquete 350 g,"2,00 € /ud.",63791," 5,715 €/kg"
Congelados,Verdura,"Coliflor, brócoli y zanahoria Hacendado ultracongelada",Paquete 1 kg,"2,10 € /ud.",61006," 2,10 €/kg"
Congelados,Verdura,Coles de Bruselas Hacendado ultracongeladas,Paquete 450 g,"1,55 € /ud.",61248," 3,445 €/kg"
Congelados,Verdura,Coliflor Hacendado ultracongelada,Paquete 1 kg,"2,05 € /ud.",61231," 2,05 €/kg"
Congelados,Verdura,Perejil troceado Hacendado ultracongelado,Paquete 75 g,"1,50 € /ud.",61250," 20,00 €/kg"
Congelados,Verdura,Edamame soja verde Hacendado ultracongelada,Paquete 500 g,"1,67 € /ud.",70740," 3,34 €/kg"
Congelados,Verdura,Wok de verduras asiático Hacendado ultracongelado,Paquete 600 g,"2,60 € /ud.",61363," 4,334 €/kg"
Congelados,Verdura,Wakame ensalada de alga marina Hacendado congelada,Paquete 125 g,"1,70 € /ud.",69383," 13,60 €/kg"
Congelados,Verdura,Espinacas a la crema Hacendado ultracongeladas,Paquete 450 g,"2,20 € /ud.",61368," 4,889 €/kg"
Congelados,Verdura,Salteado de verduras Hacendado ultracongelado,Paquete 600 g,"1,55 € /ud.",61065," 2,584 €/kg"
Congelados,Verdura,Migas de coliflor Hacendado ultracongeladas,Paquete 450 g,"1,70 € /ud.",35773," 3,778 €/kg"
Congelados,Verdura,Gyozas de pollo y verduras Hacendado congeladas,Paquete 10 ud. (230 g),"2,50 € /ud.",23155," 10,87 €/kg"
Charcutería y quesos,Bacón y salchichas,Bacón Hacendado cintas,2 paquetes x 125 g,"2,10 € /pack",59066," 8,40 €/kg"
Charcutería y quesos,Bacón y salchichas,Bacón Oscar Mayer lonchas,Paquete 150 g,"2,29 € /ud.",53500," 15,267 €/kg"
Charcutería y quesos,Bacón y salchichas,Bacón ahumado Monells lonchas,Paquete 210 g,"2,02 € /ud.",59169," 9,62 €/kg"
Charcutería y quesos,Bacón y salchichas,Bacón ahumado sin corteza Monells,Pieza 310 g aprox.,"2,82 € /ud.",59170," 9,10 €/kg"
Charcutería y quesos,Bacón y salchichas,Panceta salada ibérica La Hacienda del ibérico,Paquete 360 g aprox.,"2,70 € /ud.",58220," 7,50 €/kg"
Charcutería y quesos,Bacón y salchichas,Panceta curada sin corteza La Selva lonchas,Paquete 200 g,"2,25 € /ud.",29606," 11,25 €/kg"
Charcutería y quesos,Bacón y salchichas,Salchichas cocidas estilo Frankfurt Hacendado de pollo y cerdo sabor ahumado,4 paquetes x 176 g,"1,85 € /pack",53141," 2,628 €/kg"
Charcutería y quesos,Bacón y salchichas,Salchichas cocidas Hacendado de pollo y pavo sabor ahumado,2 paquetes x 200 g,"1,30 € /pack",53056," 3,25 €/kg"
Charcutería y quesos,Bacón y salchichas,Salchichas cocidas Schara de cerdo ahumadas,2 paquetes x 170 g,"3,95 € /pack",53012," 11,618 €/kg"
Charcutería y quesos,Bacón y salchichas,Salchichas cocidas estilo Viena con queso Hacendado de pollo y cerdo sabor ahumado,2 paquetes x 200 g,"1,40 € /pack",53030," 3,50 €/kg"
Charcutería y quesos,Bacón y salchichas,"Salchichas cocidas con leche Campofrío de pollo, cerdo y pavo",Paquete 170 g,"1,05 € /ud.",52884," 6,177 €/kg"
Charcutería y quesos,Bacón y salchichas,Salchichas cocidas hot dog bocadillo Oscar Mayer Classic de pollo y cerdo sabor ahumado,Paquete 275 g,"1,75 € /ud.",53015," 6,364 €/kg"
Charcutería y quesos,Bacón y salchichas,Salchichas cocidas estilo Frankfurt con queso Hacendado de pollo y cerdo sabor ahumado,4 paquetes x 160 g,"1,85 € /pack",53100," 2,891 €/kg"
Charcutería y quesos,Bacón y salchichas,Salchichas cocidas bocata Hacendado de pollo y pavo sabor ahumado,2 paquetes x 200 g,"1,82 € /pack",53059," 4,55 €/kg"
Charcutería y quesos,Bacón y salchichas,Salchichas cocidas bocata gourmet Hacendado de cerdo sabor ahumado,2 paquetes x 175 g,"2,20 € /pack",53143," 6,286 €/kg"
Charcutería y quesos,Bacón y salchichas,Salchichas cocidas bocata estilo Bratwurst Hacendado,2 paquetes x 200 g,"2,35 € /pack",53058," 5,875 €/kg"
Charcutería y quesos,Bacón y salchichas,Salchichas cocidas pikante Schara de cerdo ahumadas,Paquete 170 g,"2,93 € /ud.",53127," 17,236 €/kg"
Charcutería y quesos,Bacón y salchichas,Salchichas cocidas bocata queso Hacendado,2 paquetes x 175 g,"1,86 € /pack",53048," 5,315 €/kg"
Charcutería y quesos,Bacón y salchichas,Salchichas cocidas bocata Hacendado,2 paquetes x 175 g,"1,62 € /pack",53032," 4,629 €/kg"
Charcutería y quesos,Bacón y salchichas,Salchichas cocidas Frankfurt La Selva,Tarro 460 g (280 g escurrido),"2,25 € /ud.",53041," 8,036 €/kg"
Charcutería y quesos,Bacón y salchichas,Salchichas cocidas de pavo sabor ahumado Hacendado,2 paquetes x 200 g,"2,35 € /pack",53147," 5,875 €/kg"
Charcutería y quesos,Bacón y salchichas,Salchichas cocidas de pollo Hacendado,2 paquetes x 250 g,"1,65 € /pack",53042," 3,30 €/kg"
Charcutería y quesos,Bacón y salchichas,Salchichas cocidas estilo Frankfurt Campofrío sabor ahumado,4 paquetes x 140 g,"2,25 € /pack",53007," 4,018 €/kg"
Charcutería y quesos,Chopped y mortadela,Chopped cerdo Hacendado lonchas,Paquete 250 g,"1,39 € /ud.",59333," 5,56 €/kg"
Charcutería y quesos,Chopped y mortadela,Chopped cocido en lata Hacendado finas lonchas,Paquete 150 g,"1,71 € /ud.",59340," 11,40 €/kg"
Charcutería y quesos,Chopped y mortadela,Chopped Hacendado,Pieza 500 g,"2,25 € /ud.",59332," 4,50 €/kg"
Charcutería y quesos,Chopped y mortadela,Mortadela Hacendado lonchas,Paquete 250 g,"1,25 € /ud.",59334," 5,00 €/kg"
Charcutería y quesos,Chopped y mortadela,Mortadela con aceitunas Hacendado lonchas,Paquete 250 g,"1,25 € /ud.",59335," 5,00 €/kg"
Charcutería y quesos,Chopped y mortadela,Mortadela italiana Hacendado finas lonchas,Paquete 150 g,"1,75 € /ud.",59343," 11,667 €/kg"
Charcutería y quesos,Chopped y mortadela,Mortadela Hacendado,Pieza 900 g,"3,60 € /ud.",40361," 4,00 €/kg"
Charcutería y quesos,Chopped y mortadela,Galantina con aceituna y pimiento Hacendado finas lonchas,Paquete 150 g,"1,55 € /ud.",59341," 10,334 €/kg"
Charcutería y quesos,Chopped y mortadela,Galantina con pistacho y trufa Hacendado finas lonchas,Paquete 150 g,"1,85 € /ud.",16861," 12,334 €/kg"
Charcutería y quesos,Chopped y mortadela,Mortadela de pavo Hacendado finas lonchas,Paquete 150 g,"1,19 € /ud.",59336," 7,934 €/kg"
Charcutería y quesos,Chopped y mortadela,Cabeza de cerdo trufa con pistachos Hacendado finas lonchas,Paquete 150 g,"2,25 € /ud.",16862," 15,00 €/kg"
Charcutería y quesos,Chopped y mortadela,Mortadela de pavo con aceitunas Hacendado finas lonchas,Paquete 150 g,"1,25 € /ud.",40365," 8,334 €/kg"
Charcutería y quesos,Embutido curado,Fuet espetec extra Hacendado,1 ud.,"2,57 € /ud.",55108," 2,57 €/ud"
Charcutería y quesos,Embutido curado,Salchichón extra Hacendado lonchas,4 paquetes x 60 g,"2,11 € /pack",59085," 8,792 €/kg"
Charcutería y quesos,Embutido curado,Sticks longaniza extra Hacendado,Paquete 50 g,"1,10 € /ud.",59078," 22,00 €/kg"
Charcutería y quesos,Embutido curado,Salchichón extra Hacendado lonchas,4 paquetes x 45 g,"2,27 € /pack",59130," 12,612 €/kg"
Charcutería y quesos,Embutido curado,Longaniza de payés extra Hacendado lonchas,"4 paquetes x 31,25 g","2,07 € /pack",59254," 16,56 €/kg"
Charcutería y quesos,Embutido curado,Salami extra Hacendado lonchas,4 paquetes x 60 g,"1,97 € /pack",59090," 8,209 €/kg"
Charcutería y quesos,Embutido curado,Salchichón extra pimienta Hacendado finas lonchas,Paquete 100 g,"1,82 € /ud.",59077," 18,20 €/kg"
Charcutería y quesos,Embutido curado,Salchichón de cebo ibérico cortado a máquina,Paquete 90 g aprox.,"2,30 € /ud.",58267," 25,60 €/kg"
Charcutería y quesos,Embutido curado,Salchichón de bellota ibérico cular cortado a máquina,Paquete 90 g aprox.,"2,92 € /ud.",58391," 32,50 €/kg"
Charcutería y quesos,Embutido curado,Salchichón ibérico extra La Hacienda del ibérico lonchas,"4 paquetes x 31,25 g","2,03 € /pack",60698," 16,24 €/kg"
Charcutería y quesos,Embutido curado,Longaniza de pavo Imperial extra Hacendado,Pieza 235 g,"3,76 € /ud.",55136," 16,00 €/kg"
Charcutería y quesos,Embutido curado,Longaniza clásica extra Hacendado,1 ud.,"2,80 € /ud.",55125," 2,80 €/ud"
Charcutería y quesos,Embutido curado,Longaniza de payés extra Hacendado,1 ud.,"4,98 € /ud.",55130," 4,98 €/ud"
Charcutería y quesos,Embutido curado,Salami montañés extra El Pozo,1 ud.,"1,85 € /ud.",55028," 1,85 €/ud"
Charcutería y quesos,Embutido curado,Salchichón cular ibérico extra La Hacienda del ibérico,Pieza 500 g aprox.,"6,98 € /ud.",58159," 13,95 €/kg"
Charcutería y quesos,Embutido curado,Mini salchichón ibérico extra La Hacienda del ibérico,Pieza 200 g,"2,65 € /ud.",58248," 13,25 €/kg"
Charcutería y quesos,Embutido curado,Salchichón cular ibérico extra La Hacienda del ibérico,Pieza 820 g aprox.,"11,44 € /ud.",58266," 13,95 €/kg"
Charcutería y quesos,Embutido curado,Salchichón de bellota ibérico cular Juan del Roble,"Pieza 1,1 kg aprox.","24,09 € /ud.",58390," 21,90 €/kg"
Charcutería y quesos,Embutido curado,Longaniza de pavo extra Hacendado lonchas,"4 paquetes x 31,25 g","2,38 € /pack",59165," 19,04 €/kg"
Charcutería y quesos,Embutido curado,Salchichón de pavo extra Hacendado lonchas,"4 paquetes x 37,5 g","2,38 € /pack",59159," 15,867 €/kg"
Charcutería y quesos,Embutido curado,Sticks de salami extra Hacendado,Paquete 50 g,"1,10 € /ud.",15530," 22,00 €/kg"
Charcutería y quesos,Embutido curado,Pepperoni en lonchas Hacendado,Paquete 75 g,"1,60 € /ud.",60964," 21,334 €/kg"
Charcutería y quesos,Embutido curado,Chorizo Pamplona extra Hacendado lonchas,"4 paquetes x 56,25 g","2,06 €1,95 € /pack",59166," 8,667 €/kg"
Charcutería y quesos,Embutido curado,Chorizo extra Hacendado lonchas,4 paquetes x 60 g,"2,19 € /pack",59086," 9,125 €/kg"
Charcutería y quesos,Embutido curado,Chorizo de pavo extra Hacendado lonchas,"4 paquetes x 37,5 g","2,38 € /pack",59158," 15,867 €/kg"
Charcutería y quesos,Embutido curado,Chorizo ibérico La Hacienda del ibérico lonchas,"4 paquetes x 31,25 g","2,03 € /pack",60699," 16,24 €/kg"
Charcutería y quesos,Embutido curado,Chorizo picante extra Hacendado,Pieza 280 g,"2,49 € /ud.",54210," 8,893 €/kg"
Charcutería y quesos,Embutido curado,Taquitos de chorizo extra Revilla,2 paquetes x 100 g,"2,55 € /pack",55135," 12,75 €/kg"
Charcutería y quesos,Embutido curado,Chorizo extra Revilla lonchas,Paquete 65 g,"1,00 € /ud.",86174," 15,385 €/kg"
Charcutería y quesos,Embutido curado,Chorizo picante extra Hacendado lonchas,"4 paquetes x 56,25 g","2,42 € /pack",59250," 10,756 €/kg"
Charcutería y quesos,Embutido curado,Chorizo extra pimienta Hacendado finas lonchas,Paquete 100 g,"1,87 € /ud.",59080," 18,70 €/kg"
Charcutería y quesos,Embutido curado,Chorizo de bellota ibérico cular cortado a máquina,Paquete 90 g aprox.,"2,92 € /ud.",58388," 32,50 €/kg"
Charcutería y quesos,Embutido curado,Chorizo de cebo ibérico cortado a máquina,Paquete 90 g aprox.,"2,30 € /ud.",58265," 25,60 €/kg"
Charcutería y quesos,Embutido curado,Chorizo dulce extra Hacendado,Pieza 280 g,"2,49 € /ud.",54209," 8,893 €/kg"
Charcutería y quesos,Embutido curado,Mini chorizo ibérico extra La Hacienda del ibérico,Pieza 200 g,"2,65 € /ud.",58247," 13,25 €/kg"
Charcutería y quesos,Embutido curado,Chorizo de Tarancón Bricio,1 ud.,"3,30 €3,20 € /ud.",54105," 3,20 €/ud"
Charcutería y quesos,Embutido curado,Chorizo cular ibérico extra La Hacienda del ibérico,Pieza 500 g aprox.,"6,98 € /ud.",58160," 13,95 €/kg"
Charcutería y quesos,Embutido curado,Chorizo cular ibérico extra La Hacienda del ibérico,Pieza 980 g aprox.,"13,67 € /ud.",58264," 13,95 €/kg"
Charcutería y quesos,Embutido curado,Chorizo de bellota ibérico extra cular Juan del Roble,"Pieza 1,15 kg aprox.","25,18 € /ud.",58387," 21,90 €/kg"
Charcutería y quesos,Embutido curado,Chorizo sarta extra ahumado De León,Pieza 350 g,"4,30 € /ud.",23145," 12,286 €/kg"
Charcutería y quesos,Embutido curado,Chorizo sarta extra picante y ahumado De León,Pieza 350 g,"4,30 € /ud.",23146," 12,286 €/kg"
Charcutería y quesos,Embutido curado,Lomo embuchado Hacendado lonchas,"4 paquetes x 31,25 g","2,25 € /pack",59075," 18,00 €/kg"
Charcutería y quesos,Embutido curado,Cabecero de lomo Hacendado lonchas,"4 paquetes x 31,25 g","2,30 €2,25 € /pack",59076," 18,00 €/kg"
Charcutería y quesos,Embutido curado,Butifarra blanca Hacendado,Pieza 330 g aprox.,"3,29 € /ud.",56000," 9,98 €/kg"
Charcutería y quesos,Embutido curado,Butifarra blanca Hacendado lonchas,Paquete 150 g,"1,84 € /ud.",56038," 12,267 €/kg"
Charcutería y quesos,Embutido curado,Butifarra catalana Hacendado lonchas,Paquete 150 g,"1,84 € /ud.",56033," 12,267 €/kg"
Charcutería y quesos,Embutido curado,Lomo de cebo ibérico cortado a máquina,Paquete 90 g aprox.,"3,87 € /ud.",86788," 42,95 €/kg"
Charcutería y quesos,Embutido curado,Lomo de bellota ibérico cortado a máquina,Paquete 90 g aprox.,"5,13 € /ud.",58418," 57,00 €/kg"
Charcutería y quesos,Embutido curado,Surtido de ibéricos La Hacienda del ibérico,Paquete 200 g,"5,95 € /ud.",58230," 29,75 €/kg"
Charcutería y quesos,Embutido curado,Lomo Hacendado,Pieza 400 g aprox.,"7,16 € /ud.",54053," 17,89 €/kg"
Charcutería y quesos,Embutido curado,Caña de lomo cebo ibérico La Hacienda del ibérico,Pieza 500 g aprox.,"17,30 € /ud.",58166," 34,60 €/kg"
Charcutería y quesos,Embutido curado,Lomo de bellota ibérico Juan del Roble,"Pieza 1,9 kg aprox.","85,50 € /ud.",58417," 45,00 €/kg"
Charcutería y quesos,Embutido curado,Caña de lomo cebo ibérico Juan del Roble,"Pieza 1,09 kg aprox.","37,64 € /ud.",86595," 34,60 €/kg"
Charcutería y quesos,Embutido curado,Lomo de pavo Hacendado lonchas,4 paquetes x 25 g,"2,49 € /pack",59138," 24,90 €/kg"
Charcutería y quesos,Jamón serrano,Jamón serrano Incarlopsa lonchas extrafinas,Paquete 120 g,"2,55 €2,45 € /ud.",59151," 20,417 €/kg"
Charcutería y quesos,Jamón serrano,Mini taquitos de jamón Incarlopsa,2 paquetes x 90 g,"2,65 € /pack",59018," 14,723 €/kg"
Charcutería y quesos,Jamón serrano,Jamón serrano Incarlopsa lonchas,Paquete 240 g,"4,10 € /ud.",59124," 17,084 €/kg"
Charcutería y quesos,Jamón serrano,Jamón serrano cortado a máquina,Paquete 160 g aprox.,"3,68 € /ud.",15700," 23,00 €/kg"
Charcutería y quesos,Jamón serrano,Jamón gran reserva cortado a máquina,Paquete 160 g aprox.,"4,00 € /ud.",13526," 25,00 €/kg"
Charcutería y quesos,Jamón serrano,Jamón cebo ibérico cortado a máquina,Paquete 160 g aprox.,"8,24 € /ud.",22879," 51,50 €/kg"
Charcutería y quesos,Jamón serrano,Jamón serrano reserva cortado a cuchillo,Paquete 90 g aprox.,"3,51 € /ud.",58274," 39,00 €/kg"
Charcutería y quesos,Jamón serrano,Jamón cebo ibérico cortado a cuchillo,Paquete 90 g aprox.,"6,75 € /ud.",58278," 75,00 €/kg"
Charcutería y quesos,Jamón serrano,Jamón bellota ibérico cortado a cuchillo,Paquete 90 g aprox.,"12,15 € /ud.",58280," 135,00 €/kg"
Charcutería y quesos,Jamón serrano,Jamón bellota ibérico 100% cortado a cuchillo,Paquete 90 g aprox.,"14,40 € /ud.",58298," 160,00 €/kg"
Charcutería y quesos,Jamón serrano,Jamón serrano Jamcal medias lonchas,2 paquetes x 120 g,"4,15 € /pack",59280," 17,292 €/kg"
Charcutería y quesos,Jamón serrano,Paleta curada lonchas Paletas Marpa,2 ud. x 120 g,"4,10 € /pack",59173," 17,084 €/kg"
Charcutería y quesos,Jamón serrano,Jamón de Trevélez Antonio Álvarez lonchas extra finas,Paquete 120 g,"3,50 € /ud.",59028," 29,167 €/kg"
Charcutería y quesos,Jamón serrano,Taquitos de jamón Incarlopsa,2 paquetes x 100 g,"2,65 € /pack",59071," 13,25 €/kg"
Charcutería y quesos,Jamón serrano,Taco jamón curado Marpa,Pieza 220 g,"3,76 € /ud.",58328," 17,091 €/kg"
Charcutería y quesos,Jamón serrano,Hueso garrón Incarlopsa,290 g aprox.,"1,16 € /pack",58307," 4,00 €/kg"
Charcutería y quesos,Jamón serrano,Surtido de ibéricos La Hacienda del ibérico,Paquete 200 g,"5,95 € /ud.",58230," 29,75 €/kg"
Charcutería y quesos,Jamón serrano,Panceta salada ibérica La Hacienda del ibérico,Paquete 360 g aprox.,"2,70 € /ud.",58220," 7,50 €/kg"
Charcutería y quesos,Jamón serrano,Cecina ahumada natural Embutidos Pajariel lonchas,Paquete 100 g,"3,25 € /ud.",59101," 32,50 €/kg"
Charcutería y quesos,Jamón serrano,Codillo de jamón entero Incarlopsa,Pieza 900 g aprox.,"2,48 € /ud.",58306," 2,75 €/kg"
Charcutería y quesos,Jamón serrano,Paleta de cebo ibérica La Hacienda del ibérico,Paquete 100 g,"4,90 € /ud.",58215," 49,00 €/kg"
Charcutería y quesos,Jamón serrano,Jamón de Teruel El Ontanar lonchas,Paquete 120 g,"3,55 € /ud.",59269," 29,584 €/kg"
Charcutería y quesos,Jamón serrano,Jamón serrano gran reserva Costa Brava sin aditivos lonchas,Paquete 90 g,"2,30 € /ud.",15628," 25,556 €/kg"
Charcutería y quesos,Jamón serrano,Jamón serrano Incarlopsa,"Pieza 7,6 kg aprox.","58,00 € /ud.",58293," 7,632 €/kg"
Charcutería y quesos,Jamón serrano,Paleta de cebo ibérica La Hacienda del ibérico,Pieza 5 kg aprox.,"58,00 € /ud.",58154," 10,761 €/kg"
Charcutería y quesos,Jamón serrano,Paleta de cerdo curada Marpa,"Pieza 4,61 kg aprox.","30,00 € /ud.",58006," 6,505 €/kg"
Charcutería y quesos,Jamón serrano,Jamón de cebo ibérico La Hacienda del ibérico,"Pieza 8,5 kg aprox.","129,00 € /ud.",58294," 14,66 €/kg"
Charcutería y quesos,Jamón serrano,Jamón de bellota ibérico 50% La Hacienda del ibérico,Pieza 9 kg aprox.,"391,50 € /ud.",58286," 43,50 €/kg"
Charcutería y quesos,Jamón serrano,Jamón bellota ibérico 100% Covap,Pieza 9 kg aprox.,"481,50 € /ud.",58297," 53,50 €/kg"
Charcutería y quesos,Paté y sobrasada,Paté de cerdo La Piara tapa negra,3 latas x 87 g,"3,95 €3,25 € /pack",52108," 12,453 €/kg"
Charcutería y quesos,Paté y sobrasada,Paté de cerdo sabor suave Hacendado,3 latas x 80 g,"1,35 € /pack",52176," 5,625 €/kg"
Charcutería y quesos,Paté y sobrasada,Paté de cerdo con finas hierbas Hacendado,Tarro 160 g,"1,15 € /ud.",52307," 7,188 €/kg"
Charcutería y quesos,Paté y sobrasada,Paté de cerdo con pimienta Hacendado,Tarro 160 g,"1,15 € /ud.",52311," 7,188 €/kg"
Charcutería y quesos,Paté y sobrasada,Paté de cerdo con pimienta verde Hacendado,Bandeja 100 g,"1,45 € /ud.",52099," 14,50 €/kg"
Charcutería y quesos,Paté y sobrasada,Paté de atún Hacendado,3 latas x 80 g,"2,10 € /pack",13867," 8,75 €/kg"
Charcutería y quesos,Paté y sobrasada,Paté de cerdo campaña Hacendado,Tarro 160 g,"1,15 € /ud.",52334," 7,188 €/kg"
Charcutería y quesos,Paté y sobrasada,Paté de cerdo con finas hierbas Hacendado,Bandeja 100 g,"1,45 € /ud.",52100," 14,50 €/kg"
Charcutería y quesos,Paté y sobrasada,Crema para untar fiambre de jamón york Hacendado sabor ahumado,Tarrina 160 g,"1,40 € /ud.",59993," 8,75 €/kg"
Charcutería y quesos,Paté y sobrasada,Paté de salmón Hacendado,Tarro 160 g,"1,15 € /ud.",52336," 7,188 €/kg"
Charcutería y quesos,Paté y sobrasada,Paté de cerdo light Hacendado,2 latas x 80 g,"1,40 € /pack",52183," 8,75 €/kg"
Charcutería y quesos,Paté y sobrasada,Paté olivada Hacendado,Tarro 120 g,"1,75 € /ud.",52106," 14,584 €/kg"
Charcutería y quesos,Paté y sobrasada,Paté de jamón Hacendado,Tarro 160 g,"1,15 € /ud.",52335," 7,188 €/kg"
Charcutería y quesos,Paté y sobrasada,Paté de cerdo ibérico Hacendado,3 latas x 80 g,"1,75 € /pack",52178," 7,292 €/kg"
Charcutería y quesos,Paté y sobrasada,Paté de cerdo sabor intenso Hacendado,3 latas x 80 g,"1,75 € /pack",52177," 7,292 €/kg"
Charcutería y quesos,Paté y sobrasada,Paté de cerdo y pollo con trufa y arándanos Hacendado,Paquete 100 g,"1,85 € /ud.",52157," 18,50 €/kg"
Charcutería y quesos,Paté y sobrasada,Mousse de pato Hacendado,Bandeja 100 g,"1,90 € /ud.",52167," 19,00 €/kg"
Charcutería y quesos,Paté y sobrasada,Paté de cerdo Hacendado con cebolla caramelizada,Lata 130 g,"1,55 € /ud.",86785," 11,924 €/kg"
Charcutería y quesos,Paté y sobrasada,Foie gras entero de pato Hacendado,Paquete 100 g,"8,30 € /ud.",52170," 83,00 €/kg"
Charcutería y quesos,Paté y sobrasada,Bloc foie gras de pato Hacendado,Paquete 100 g,"5,25 € /ud.",52171," 52,50 €/kg"
Charcutería y quesos,Paté y sobrasada,Paté de Jabalí con boletus Hacendado,Tarro 120 g,"1,75 € /ud.",23891," 14,584 €/kg"
Charcutería y quesos,Paté y sobrasada,Paté de cerdo sabor picante Hacendado,2 latas x 80 g,"1,85 € /pack",52179," 11,563 €/kg"
Charcutería y quesos,Paté y sobrasada,Crema para untar de pollo Hacendado,2 latas x 80 g,"1,99 € /pack",52182," 12,438 €/kg"
Charcutería y quesos,Paté y sobrasada,Paté de pollo asado Hacendado,Tarro 160 g,"1,15 € /ud.",23596," 7,188 €/kg"
Charcutería y quesos,Paté y sobrasada,Sobrasada selecta L'Illa especialidades,Tarrina 250 g,"1,85 € /ud.",53116," 7,40 €/kg"
Charcutería y quesos,Paté y sobrasada,Sobrasada ibérica L'Illa especialidades,Tarrina 250 g,"2,25 € /ud.",53122," 9,00 €/kg"
Charcutería y quesos,Paté y sobrasada,Sobrasada de Mallorca Can Pere Joan,Pieza 1 ud.,"4,40 € /ud.",53160," 4,40 €/ud"
Charcutería y quesos,Paté y sobrasada,Sobrasada con miel L'Illa especialidades,Tarrina 200 g,"2,25 € /ud.",53146," 11,25 €/kg"
Charcutería y quesos,"Queso curado, semicurado y tierno",Queso curado mezcla Hacendado,"Pieza 1,63 kg aprox.","17,60 € /ud.",50968," 10,80 €/kg"
Charcutería y quesos,"Queso curado, semicurado y tierno",Queso curado mezcla Hacendado cortado en cuñitas,Pieza 330 g aprox.,"4,85 € /ud.",50966," 14,70 €/kg"
Charcutería y quesos,"Queso curado, semicurado y tierno",Queso curado mezcla Hacendado,Pieza 410 g aprox.,"4,71 € /ud.",50965," 11,50 €/kg"
Charcutería y quesos,"Queso curado, semicurado y tierno",Queso curado mezcla Hacendado,"Pieza 1,03 kg aprox.","11,63 € /ud.",50967," 11,25 €/kg"
Charcutería y quesos,"Queso curado, semicurado y tierno",Queso grana padano Zanetti,Pieza 230 g aprox.,"3,45 € /ud.",50008," 15,00 €/kg"
Charcutería y quesos,"Queso curado, semicurado y tierno",Queso viejo tostado mezcla Hacendado,"Pieza 1,64 kg aprox.","21,16 € /ud.",50985," 12,90 €/kg"
Charcutería y quesos,"Queso curado, semicurado y tierno",Queso viejo tostado mezcla Hacendado,Pieza 395 g aprox.,"5,43 € /ud.",50971," 13,75 €/kg"
Charcutería y quesos,"Queso curado, semicurado y tierno",Queso curado y cheddar Hacendado en dados,Paquete 125 g,"1,05 € /ud.",51111," 8,40 €/kg"
Charcutería y quesos,"Queso curado, semicurado y tierno",Queso viejo de oveja Hacendado,"Pieza 1,54 kg aprox.","21,64 € /ud.",50984," 14,05 €/kg"
Charcutería y quesos,"Queso curado, semicurado y tierno",Queso viejo de oveja Hacendado,Pieza 380 g aprox.,"6,10 € /ud.",50970," 16,05 €/kg"
Charcutería y quesos,"Queso curado, semicurado y tierno",Queso añejo fuerte de oveja Hacendado,Pieza 330 g aprox.,"5,59 € /ud.",50975," 16,95 €/kg"
Charcutería y quesos,"Queso curado, semicurado y tierno",Queso viejo intenso mezcla Hacendado,Pieza 330 g aprox.,"4,64 € /ud.",50974," 14,05 €/kg"
Charcutería y quesos,"Queso curado, semicurado y tierno",Tabla de quesos nacionales Hacendado,Bandeja 240 g,"4,95 € /ud.",50999," 20,625 €/kg"
Charcutería y quesos,"Queso curado, semicurado y tierno",Queso gruyère Natual,Pieza 200 g,"3,08 € /ud.",50025," 15,40 €/kg"
Charcutería y quesos,"Queso curado, semicurado y tierno",Queso viejo gouda Hacendado,Pieza 250 g,"3,75 € /ud.",50533," 15,00 €/kg"
Charcutería y quesos,"Queso curado, semicurado y tierno",Queso viejo ahumado de oveja Hacendado,Pieza 330 g aprox.,"5,53 € /ud.",50976," 16,75 €/kg"
Charcutería y quesos,"Queso curado, semicurado y tierno",Queso tetilla de vaca Hacendado,Pieza 780 g aprox.,"6,90 € /ud.",50928," 8,85 €/kg"
Charcutería y quesos,"Queso curado, semicurado y tierno",Queso Arzúa-Ulloa de vaca Punteiro,Pieza 780 g aprox.,"6,90 € /ud.",50929," 8,85 €/kg"
Charcutería y quesos,"Queso curado, semicurado y tierno",Queso curado cheddar Hacendado,Pieza 300 g,"3,00 € /ud.",51630," 10,00 €/kg"
Charcutería y quesos,"Queso curado, semicurado y tierno",Queso curado DOP manchego de oveja Hacendado,Pieza 350 g aprox.,"8,15 € /ud.",50589," 23,30 €/kg"
Charcutería y quesos,"Queso curado, semicurado y tierno",Queso viejo cremoso de oveja Hacendado,Pieza 300 g aprox.,"5,09 € /ud.",50969," 16,95 €/kg"
Charcutería y quesos,"Queso curado, semicurado y tierno",Queso añejo mezcla con aceite de oliva Hacendado,Pieza 305 g aprox.,"5,47 € /ud.",50963," 17,95 €/kg"
Charcutería y quesos,"Queso curado, semicurado y tierno",Queso grana padano Hacendado en escamas,Bote 100 g,"2,58 €2,48 € /ud.",23037," 24,80 €/kg"
Charcutería y quesos,"Queso curado, semicurado y tierno",Queso añejo picante mezcla Hacendado,Pieza 370 g aprox.,"6,31 € /ud.",50972," 17,05 €/kg"
Charcutería y quesos,"Queso curado, semicurado y tierno",Queso añejo seco de oveja Hacendado,Pieza 340 g aprox.,"5,95 € /ud.",50973," 17,50 €/kg"
Charcutería y quesos,"Queso curado, semicurado y tierno",Queso añejo ibérico mezcla Hacendado,Pieza 340 g aprox.,"5,87 € /ud.",50930," 17,25 €/kg"
Charcutería y quesos,"Queso curado, semicurado y tierno",Queso añejo fuerte de oveja Hacendado,"Pieza 1,4 kg","19,25 € /ud.",5837," 13,75 €/kg"
Charcutería y quesos,"Queso curado, semicurado y tierno",Queso semicurado mezcla Hacendado,"Pieza 1,54 kg aprox.","14,17 € /ud.",50946," 9,20 €/kg"
Charcutería y quesos,"Queso curado, semicurado y tierno",Queso semicurado mezcla Hacendado,"Pieza 1,08 kg aprox.","10,80 € /ud.",50945," 10,00 €/kg"
Charcutería y quesos,"Queso curado, semicurado y tierno",Queso semicurado mezcla Hacendado,Pieza 420 g aprox.,"4,24 € /ud.",50943," 10,10 €/kg"
Charcutería y quesos,"Queso curado, semicurado y tierno",Queso semicurado mezcla Hacendado cortado en cuñitas,Pieza 340 g aprox.,"4,64 € /ud.",50944," 13,65 €/kg"
Charcutería y quesos,"Queso curado, semicurado y tierno",Queso semicurado de cabra Hacendado,Pieza 390 g aprox.,"5,66 € /ud.",50942," 14,52 €/kg"
Charcutería y quesos,"Queso curado, semicurado y tierno",Queso semicurado sin lactosa mezcla Hacendado,Pieza 430 g aprox.,"5,42 € /ud.",50941," 12,60 €/kg"
Charcutería y quesos,"Queso curado, semicurado y tierno",Queso semicurado Mahón Menorca de vaca Hacendado,Pieza 400 g aprox.,"4,36 € /ud.",86747," 10,90 €/kg"
Charcutería y quesos,"Queso curado, semicurado y tierno",Queso emmental de vaca Hacendado,Pieza 350 g,"2,85 € /ud.",23561," 8,143 €/kg"
Charcutería y quesos,"Queso curado, semicurado y tierno",Queso tierno de vaca Hacendado cortado en cuñitas,Pieza 320 g aprox.,"2,50 € /ud.",50916," 7,80 €/kg"
Charcutería y quesos,"Queso curado, semicurado y tierno",Queso tierno tronchón mezcla Montesinos,Pieza 260 g aprox.,"3,07 € /ud.",50020," 11,82 €/kg"
Charcutería y quesos,"Queso curado, semicurado y tierno",Queso tierno mezcla Hacendado,"Pieza 1,22 kg aprox.","10,37 € /ud.",50919," 8,50 €/kg"
Charcutería y quesos,"Queso curado, semicurado y tierno",Queso tierno mezcla Hacendado,Pieza 350 g aprox.,"3,15 € /ud.",50917," 9,00 €/kg"
Charcutería y quesos,"Queso curado, semicurado y tierno",Queso tierno mezcla Hacendado cortado en cuñitas,Pieza 325 g aprox.,"3,93 € /ud.",50918," 12,10 €/kg"
Charcutería y quesos,"Queso curado, semicurado y tierno",Queso tierno bajo en sal mezcla Hacendado,Pieza 350 g aprox.,"3,66 € /ud.",50915," 10,45 €/kg"
Charcutería y quesos,"Queso curado, semicurado y tierno",Queso tierno maasdam de vaca Holland Corona,Pieza 400 g,"3,25 € /ud.",50480," 8,125 €/kg"
Charcutería y quesos,"Queso curado, semicurado y tierno",Queso tierno gouda de vaca Holland,Pieza 450 g,"3,30 € /ud.",50478," 7,334 €/kg"
Charcutería y quesos,"Queso curado, semicurado y tierno",Queso tierno bola Edam Holland Corona,Pieza 455 g,"3,70 € /ud.",50483," 8,132 €/kg"
Charcutería y quesos,"Queso curado, semicurado y tierno",Queso tierno de cabra Hacendado,Pieza 350 g aprox.,"4,72 € /ud.",50927," 13,50 €/kg"
Charcutería y quesos,"Queso lonchas, rallado y en porciones",Queso lonchas cremoso havarti de vaca Hacendado,Paquete 300 g,"2,80 € /ud.",50545," 9,334 €/kg"
Charcutería y quesos,"Queso lonchas, rallado y en porciones",Queso lonchas tierno mezcla Entrepinares,Paquete 250 g aprox.,"2,39 € /ud.",50385," 9,55 €/kg"
Charcutería y quesos,"Queso lonchas, rallado y en porciones",Queso light Havarti Hacendado lonchas,Paquete 300 g,"2,80 € /ud.",50546," 9,334 €/kg"
Charcutería y quesos,"Queso lonchas, rallado y en porciones",Queso lonchas semicurado mezcla Entrepinares,Paquete 210 g aprox.,"2,47 € /ud.",50148," 11,75 €/kg"
Charcutería y quesos,"Queso lonchas, rallado y en porciones",Queso lonchas fundido sándwich mezcla Hacendado,Paquete 200 g,"1,20 € /ud.",50371," 6,00 €/kg"
Charcutería y quesos,"Queso lonchas, rallado y en porciones",Queso lonchas light mezcla Entrepinares,Paquete 210 g aprox.,"2,41 € /ud.",50163," 11,50 €/kg"
Charcutería y quesos,"Queso lonchas, rallado y en porciones",Queso lonchas gouda de vaca Hacendado,Paquete 300 g,"2,15 € /ud.",50654," 7,167 €/kg"
Charcutería y quesos,"Queso lonchas, rallado y en porciones",Queso lonchas de cabra Entrepinares,Paquete 220 g aprox.,"3,14 € /ud.",50153," 14,25 €/kg"
Charcutería y quesos,"Queso lonchas, rallado y en porciones",Queso tierno de vaca Entrepinares lonchas,Paquete 300 g,"2,40 € /ud.",50543," 8,00 €/kg"
Charcutería y quesos,"Queso lonchas, rallado y en porciones",Queso lonchas fundido suave mezcla Hacendado,Paquete 555 g,"2,20 € /ud.",51182," 3,964 €/kg"
Charcutería y quesos,"Queso lonchas, rallado y en porciones",Queso lonchas edam de vaca Holland Corona,Paquete 300 g,"2,00 € /ud.",50459," 6,667 €/kg"
Charcutería y quesos,"Queso lonchas, rallado y en porciones",Queso lonchas mozzarella de vaca Hacendado,Paquete 200 g,"1,78 €1,70 € /ud.",51126," 8,50 €/kg"
Charcutería y quesos,"Queso lonchas, rallado y en porciones",Queso lonchas cheddar de vaca Hacendado,Paquete 200 g,"1,75 € /ud.",55017," 8,75 €/kg"
Charcutería y quesos,"Queso lonchas, rallado y en porciones",Queso lonchas emmental de vaca Hacendado,Paquete 200 g,"2,05 € /ud.",60710," 10,25 €/kg"
Charcutería y quesos,"Queso lonchas, rallado y en porciones",Queso lonchas sin lactosa de vaca Hacendado,Paquete 150 g,"1,92 € /ud.",50139," 12,80 €/kg"
Charcutería y quesos,"Queso lonchas, rallado y en porciones",Queso lonchas de oveja Entrepinares,Paquete 210 g aprox.,"2,99 € /ud.",50151," 14,25 €/kg"
Charcutería y quesos,"Queso lonchas, rallado y en porciones",Queso lonchas semicurado gouda de vaca Holland Corona,Paquete 300 g,"2,65 € /ud.",50471," 8,834 €/kg"
Charcutería y quesos,"Queso lonchas, rallado y en porciones",Queso El Caserio lonchas,Paquete 262 g,"2,55 € /ud.",5514," 9,733 €/kg"
Charcutería y quesos,"Queso lonchas, rallado y en porciones",Queso lonchas fundido burger mezcla Hacendado,Paquete 300 g,"1,75 € /ud.",51198," 5,834 €/kg"
Charcutería y quesos,"Queso lonchas, rallado y en porciones",Queso lonchas fundido light Hacendado,Paquete 300 g,"1,80 € /ud.",51199," 6,00 €/kg"
Charcutería y quesos,"Queso lonchas, rallado y en porciones",Queso lonchas raclette de vaca Entremont,Paquete 400 g,"4,62 € /ud.",50614," 11,55 €/kg"
Charcutería y quesos,"Queso lonchas, rallado y en porciones",Queso provolone de vaca Hacendado,Paquete 200 g,"2,35 € /ud.",4848," 11,75 €/kg"
Charcutería y quesos,"Queso lonchas, rallado y en porciones",Queso rallado emmental gratinar de vaca Hacendado,Paquete 200 g,"1,63 €1,58 € /ud.",51239," 7,90 €/kg"
Charcutería y quesos,"Queso lonchas, rallado y en porciones",Queso rallado mozzarella pizza-Roma de vaca Hacendado,Paquete 200 g,"1,54 € /ud.",51110," 7,70 €/kg"
Charcutería y quesos,"Queso lonchas, rallado y en porciones",Queso en polvo especial pasta mezcla Hacendado,Paquete 150 g,"1,25 € /ud.",51151," 8,334 €/kg"
Charcutería y quesos,"Queso lonchas, rallado y en porciones",Queso rallado 4 quesos Hacendado,Paquete 180 g,"1,65 € /ud.",51237," 9,167 €/kg"
Charcutería y quesos,"Queso lonchas, rallado y en porciones",Queso en polvo grana padano Hacendado,Paquete 100 g,"1,60 € /ud.",51146," 16,00 €/kg"
Charcutería y quesos,"Queso lonchas, rallado y en porciones",Queso rallado especial fundir mezcla Hacendado,Paquete 400 g,"2,05 € /ud.",23622," 5,125 €/kg"
Charcutería y quesos,Embutido curado,Fuet espetec extra Hacendado,1 ud.,"2,57 € /ud.",55108," 2,57 €/ud"
Charcutería y quesos,Embutido curado,Salchichón extra Hacendado lonchas,4 paquetes x 60 g,"2,11 € /pack",59085," 8,792 €/kg"
Charcutería y quesos,Embutido curado,Sticks longaniza extra Hacendado,Paquete 50 g,"1,10 € /ud.",59078," 22,00 €/kg"
Charcutería y quesos,Embutido curado,Salchichón extra Hacendado lonchas,4 paquetes x 45 g,"2,27 € /pack",59130," 12,612 €/kg"
Charcutería y quesos,Embutido curado,Longaniza de payés extra Hacendado lonchas,"4 paquetes x 31,25 g","2,07 € /pack",59254," 16,56 €/kg"
Charcutería y quesos,Embutido curado,Salami extra Hacendado lonchas,4 paquetes x 60 g,"1,97 € /pack",59090," 8,209 €/kg"
Charcutería y quesos,Embutido curado,Salchichón extra pimienta Hacendado finas lonchas,Paquete 100 g,"1,82 € /ud.",59077," 18,20 €/kg"
Charcutería y quesos,Embutido curado,Salchichón de cebo ibérico cortado a máquina,Paquete 90 g aprox.,"2,30 € /ud.",58267," 25,60 €/kg"
Charcutería y quesos,Embutido curado,Salchichón de bellota ibérico cular cortado a máquina,Paquete 90 g aprox.,"2,92 € /ud.",58391," 32,50 €/kg"
Charcutería y quesos,Embutido curado,Salchichón ibérico extra La Hacienda del ibérico lonchas,"4 paquetes x 31,25 g","2,03 € /pack",60698," 16,24 €/kg"
Charcutería y quesos,Embutido curado,Longaniza de pavo Imperial extra Hacendado,Pieza 235 g,"3,76 € /ud.",55136," 16,00 €/kg"
Charcutería y quesos,Embutido curado,Longaniza clásica extra Hacendado,1 ud.,"2,80 € /ud.",55125," 2,80 €/ud"
Charcutería y quesos,Embutido curado,Longaniza de payés extra Hacendado,1 ud.,"4,98 € /ud.",55130," 4,98 €/ud"
Charcutería y quesos,Embutido curado,Salami montañés extra El Pozo,1 ud.,"1,85 € /ud.",55028," 1,85 €/ud"
Charcutería y quesos,Embutido curado,Salchichón cular ibérico extra La Hacienda del ibérico,Pieza 500 g aprox.,"6,98 € /ud.",58159," 13,95 €/kg"
Charcutería y quesos,Embutido curado,Mini salchichón ibérico extra La Hacienda del ibérico,Pieza 200 g,"2,65 € /ud.",58248," 13,25 €/kg"
Charcutería y quesos,Embutido curado,Salchichón cular ibérico extra La Hacienda del ibérico,Pieza 820 g aprox.,"11,44 € /ud.",58266," 13,95 €/kg"
Charcutería y quesos,Embutido curado,Salchichón de bellota ibérico cular Juan del Roble,"Pieza 1,1 kg aprox.","24,09 € /ud.",58390," 21,90 €/kg"
Charcutería y quesos,Embutido curado,Longaniza de pavo extra Hacendado lonchas,"4 paquetes x 31,25 g","2,38 € /pack",59165," 19,04 €/kg"
Charcutería y quesos,Embutido curado,Salchichón de pavo extra Hacendado lonchas,"4 paquetes x 37,5 g","2,38 € /pack",59159," 15,867 €/kg"
Charcutería y quesos,Embutido curado,Sticks de salami extra Hacendado,Paquete 50 g,"1,10 € /ud.",15530," 22,00 €/kg"
Charcutería y quesos,Embutido curado,Pepperoni en lonchas Hacendado,Paquete 75 g,"1,60 € /ud.",60964," 21,334 €/kg"
Charcutería y quesos,Embutido curado,Chorizo Pamplona extra Hacendado lonchas,"4 paquetes x 56,25 g","2,06 €1,95 € /pack",59166," 8,667 €/kg"
Charcutería y quesos,Embutido curado,Chorizo extra Hacendado lonchas,4 paquetes x 60 g,"2,19 € /pack",59086," 9,125 €/kg"
Charcutería y quesos,Embutido curado,Chorizo de pavo extra Hacendado lonchas,"4 paquetes x 37,5 g","2,38 € /pack",59158," 15,867 €/kg"
Charcutería y quesos,Embutido curado,Chorizo ibérico La Hacienda del ibérico lonchas,"4 paquetes x 31,25 g","2,03 € /pack",60699," 16,24 €/kg"
Charcutería y quesos,Embutido curado,Chorizo picante extra Hacendado,Pieza 280 g,"2,49 € /ud.",54210," 8,893 €/kg"
Charcutería y quesos,Embutido curado,Taquitos de chorizo extra Revilla,2 paquetes x 100 g,"2,55 € /pack",55135," 12,75 €/kg"
Charcutería y quesos,Embutido curado,Chorizo extra Revilla lonchas,Paquete 65 g,"1,00 € /ud.",86174," 15,385 €/kg"
Charcutería y quesos,Embutido curado,Chorizo picante extra Hacendado lonchas,"4 paquetes x 56,25 g","2,42 € /pack",59250," 10,756 €/kg"
Charcutería y quesos,Embutido curado,Chorizo extra pimienta Hacendado finas lonchas,Paquete 100 g,"1,87 € /ud.",59080," 18,70 €/kg"
Charcutería y quesos,Embutido curado,Chorizo de bellota ibérico cular cortado a máquina,Paquete 90 g aprox.,"2,92 € /ud.",58388," 32,50 €/kg"
Charcutería y quesos,Embutido curado,Chorizo de cebo ibérico cortado a máquina,Paquete 90 g aprox.,"2,30 € /ud.",58265," 25,60 €/kg"
Charcutería y quesos,Embutido curado,Chorizo dulce extra Hacendado,Pieza 280 g,"2,49 € /ud.",54209," 8,893 €/kg"
Charcutería y quesos,Embutido curado,Mini chorizo ibérico extra La Hacienda del ibérico,Pieza 200 g,"2,65 € /ud.",58247," 13,25 €/kg"
Charcutería y quesos,Embutido curado,Chorizo de Tarancón Bricio,1 ud.,"3,30 €3,20 € /ud.",54105," 3,20 €/ud"
Charcutería y quesos,Embutido curado,Chorizo cular ibérico extra La Hacienda del ibérico,Pieza 500 g aprox.,"6,98 € /ud.",58160," 13,95 €/kg"
Charcutería y quesos,Embutido curado,Chorizo cular ibérico extra La Hacienda del ibérico,Pieza 980 g aprox.,"13,67 € /ud.",58264," 13,95 €/kg"
Charcutería y quesos,Embutido curado,Chorizo de bellota ibérico extra cular Juan del Roble,"Pieza 1,15 kg aprox.","25,18 € /ud.",58387," 21,90 €/kg"
Charcutería y quesos,Embutido curado,Chorizo sarta extra ahumado De León,Pieza 350 g,"4,30 € /ud.",23145," 12,286 €/kg"
Charcutería y quesos,Embutido curado,Chorizo sarta extra picante y ahumado De León,Pieza 350 g,"4,30 € /ud.",23146," 12,286 €/kg"
Charcutería y quesos,Embutido curado,Lomo embuchado Hacendado lonchas,"4 paquetes x 31,25 g","2,25 € /pack",59075," 18,00 €/kg"
Charcutería y quesos,Embutido curado,Cabecero de lomo Hacendado lonchas,"4 paquetes x 31,25 g","2,30 €2,25 € /pack",59076," 18,00 €/kg"
Charcutería y quesos,"Queso lonchas, rallado y en porciones",Queso lonchas cremoso havarti de vaca Hacendado,Paquete 300 g,"2,80 € /ud.",50545," 9,334 €/kg"
Charcutería y quesos,"Queso lonchas, rallado y en porciones",Queso lonchas tierno mezcla Entrepinares,Paquete 250 g aprox.,"2,39 € /ud.",50385," 9,55 €/kg"
Charcutería y quesos,"Queso lonchas, rallado y en porciones",Queso light Havarti Hacendado lonchas,Paquete 300 g,"2,80 € /ud.",50546," 9,334 €/kg"
Charcutería y quesos,"Queso lonchas, rallado y en porciones",Queso lonchas semicurado mezcla Entrepinares,Paquete 210 g aprox.,"2,47 € /ud.",50148," 11,75 €/kg"
Charcutería y quesos,"Queso lonchas, rallado y en porciones",Queso lonchas cremoso havarti de vaca Hacendado,Paquete 300 g,"2,80 € /ud.",50545," 9,334 €/kg"
Charcutería y quesos,"Queso lonchas, rallado y en porciones",Queso lonchas tierno mezcla Entrepinares,Paquete 250 g aprox.,"2,39 € /ud.",50385," 9,55 €/kg"
Charcutería y quesos,"Queso lonchas, rallado y en porciones",Queso light Havarti Hacendado lonchas,Paquete 300 g,"2,80 € /ud.",50546," 9,334 €/kg"
Charcutería y quesos,"Queso lonchas, rallado y en porciones",Queso lonchas semicurado mezcla Entrepinares,Paquete 210 g aprox.,"2,47 € /ud.",50148," 11,75 €/kg"
Charcutería y quesos,"Queso lonchas, rallado y en porciones",Queso lonchas fundido sándwich mezcla Hacendado,Paquete 200 g,"1,20 € /ud.",50371," 6,00 €/kg"
Charcutería y quesos,"Queso lonchas, rallado y en porciones",Queso lonchas light mezcla Entrepinares,Paquete 210 g aprox.,"2,41 € /ud.",50163," 11,50 €/kg"
Charcutería y quesos,"Queso lonchas, rallado y en porciones",Queso lonchas gouda de vaca Hacendado,Paquete 300 g,"2,15 € /ud.",50654," 7,167 €/kg"
Charcutería y quesos,"Queso lonchas, rallado y en porciones",Queso lonchas de cabra Entrepinares,Paquete 220 g aprox.,"3,14 € /ud.",50153," 14,25 €/kg"
Charcutería y quesos,"Queso lonchas, rallado y en porciones",Queso tierno de vaca Entrepinares lonchas,Paquete 300 g,"2,40 € /ud.",50543," 8,00 €/kg"
Charcutería y quesos,"Queso lonchas, rallado y en porciones",Queso lonchas fundido suave mezcla Hacendado,Paquete 555 g,"2,20 € /ud.",51182," 3,964 €/kg"
Charcutería y quesos,"Queso lonchas, rallado y en porciones",Queso lonchas edam de vaca Holland Corona,Paquete 300 g,"2,00 € /ud.",50459," 6,667 €/kg"
Charcutería y quesos,"Queso lonchas, rallado y en porciones",Queso lonchas mozzarella de vaca Hacendado,Paquete 200 g,"1,78 €1,70 € /ud.",51126," 8,50 €/kg"
Charcutería y quesos,"Queso lonchas, rallado y en porciones",Queso lonchas cheddar de vaca Hacendado,Paquete 200 g,"1,75 € /ud.",55017," 8,75 €/kg"
Charcutería y quesos,"Queso lonchas, rallado y en porciones",Queso lonchas emmental de vaca Hacendado,Paquete 200 g,"2,05 € /ud.",60710," 10,25 €/kg"
Charcutería y quesos,"Queso lonchas, rallado y en porciones",Queso lonchas sin lactosa de vaca Hacendado,Paquete 150 g,"1,92 € /ud.",50139," 12,80 €/kg"
Charcutería y quesos,"Queso lonchas, rallado y en porciones",Queso lonchas de oveja Entrepinares,Paquete 210 g aprox.,"2,99 € /ud.",50151," 14,25 €/kg"
Charcutería y quesos,"Queso lonchas, rallado y en porciones",Queso lonchas semicurado gouda de vaca Holland Corona,Paquete 300 g,"2,65 € /ud.",50471," 8,834 €/kg"
Charcutería y quesos,"Queso lonchas, rallado y en porciones",Queso El Caserio lonchas,Paquete 262 g,"2,55 € /ud.",5514," 9,733 €/kg"
Charcutería y quesos,"Queso lonchas, rallado y en porciones",Queso lonchas fundido burger mezcla Hacendado,Paquete 300 g,"1,75 € /ud.",51198," 5,834 €/kg"
Charcutería y quesos,"Queso lonchas, rallado y en porciones",Queso lonchas fundido light Hacendado,Paquete 300 g,"1,80 € /ud.",51199," 6,00 €/kg"
Charcutería y quesos,"Queso lonchas, rallado y en porciones",Queso lonchas raclette de vaca Entremont,Paquete 400 g,"4,62 € /ud.",50614," 11,55 €/kg"
Charcutería y quesos,"Queso lonchas, rallado y en porciones",Queso provolone de vaca Hacendado,Paquete 200 g,"2,35 € /ud.",4848," 11,75 €/kg"
Charcutería y quesos,"Queso lonchas, rallado y en porciones",Queso rallado emmental gratinar de vaca Hacendado,Paquete 200 g,"1,63 €1,58 € /ud.",51239," 7,90 €/kg"
Charcutería y quesos,"Queso lonchas, rallado y en porciones",Queso rallado mozzarella pizza-Roma de vaca Hacendado,Paquete 200 g,"1,54 € /ud.",51110," 7,70 €/kg"
Charcutería y quesos,"Queso lonchas, rallado y en porciones",Queso en polvo especial pasta mezcla Hacendado,Paquete 150 g,"1,25 € /ud.",51151," 8,334 €/kg"
Charcutería y quesos,"Queso lonchas, rallado y en porciones",Queso rallado 4 quesos Hacendado,Paquete 180 g,"1,65 € /ud.",51237," 9,167 €/kg"
Charcutería y quesos,"Queso lonchas, rallado y en porciones",Queso en polvo grana padano Hacendado,Paquete 100 g,"1,60 € /ud.",51146," 16,00 €/kg"
Charcutería y quesos,"Queso lonchas, rallado y en porciones",Queso rallado especial fundir mezcla Hacendado,Paquete 400 g,"2,05 € /ud.",23622," 5,125 €/kg"
Charcutería y quesos,"Queso lonchas, rallado y en porciones",Queso rallado especial fundir mezcla Hacendado,Paquete 200 g,"1,25 € /ud.",23621," 6,25 €/kg"
Charcutería y quesos,"Queso lonchas, rallado y en porciones",Queso rallado sin lactosa de vaca Hacendado,Paquete 150 g,"1,63 € /ud.",51105," 10,867 €/kg"
Charcutería y quesos,"Queso lonchas, rallado y en porciones",Queso rallado gouda de vaca Hacendado,Paquete 200 g,"1,44 € /ud.",52412," 7,20 €/kg"
Charcutería y quesos,"Queso lonchas, rallado y en porciones",Queso en porciones Hacendado,Caja 24 quesitos (375 g),"2,00 € /ud.",52405," 5,334 €/kg"
Charcutería y quesos,"Queso lonchas, rallado y en porciones",Queso en porciones sin lactosa Hacendado,Caja 8 quesitos (125 g),"1,74 € /ud.",51233," 13,92 €/kg"
Charcutería y quesos,"Queso lonchas, rallado y en porciones",Queso en porciones light Hacendado,Caja 16 quesitos (250 g),"1,49 € /ud.",51232," 5,96 €/kg"
Charcutería y quesos,"Queso lonchas, rallado y en porciones",Queso en porciones mini Babybel,Malla 8 quesitos (160 g),"3,41 € /ud.",51504," 21,313 €/kg"
Charcutería y quesos,"Queso lonchas, rallado y en porciones",Queso fundido con palitos La vaca que ríe,Caja 4 tarrinas (140 g),"2,39 € /ud.",51068," 17,072 €/kg"
Charcutería y quesos,Queso untable y fresco,Queso untar suave de vaca Hacendado,Tarrina 300 g,"1,29 € /ud.",51203," 4,30 €/kg"
Charcutería y quesos,Queso untable y fresco,Queso untar original Philadelphia,Tarrina 270 g,"2,74 € /ud.",51073," 10,149 €/kg"
Charcutería y quesos,Queso untable y fresco,Queso untar light Philadelphia,Tarrina 270 g,"2,74 € /ud.",51079," 10,149 €/kg"
Charcutería y quesos,Queso untable y fresco,Queso untar light de vaca Hacendado,Tarrina 300 g,"1,29 € /ud.",51223," 4,30 €/kg"
Charcutería y quesos,Queso untable y fresco,Crema de queso Camembert Hacendado,Tarrina 150 g,"1,59 € /ud.",51181," 10,60 €/kg"
Charcutería y quesos,Queso untable y fresco,Mousse de queso de vaca con ajo y finas hierbas Hacendado,Tarrina 150 g,"1,30 € /ud.",51167," 8,667 €/kg"
Charcutería y quesos,Queso untable y fresco,Queso untar de vaca con finas hierbas Hacendado,Tarrina 200 g,"1,54 € /ud.",51208," 7,70 €/kg"
Charcutería y quesos,Queso untable y fresco,Crema de queso suave Hacendado,Tarrina 125 g,"1,15 € /ud.",51132," 9,20 €/kg"
Charcutería y quesos,Queso untable y fresco,Queso untar con queso azul de vaca Hacendado,Tarrina 200 g,"1,68 € /ud.",51211," 8,40 €/kg"
Charcutería y quesos,Queso untable y fresco,Queso untar sin lactosa Hacendado,Tarrina 200 g,"1,68 € /ud.",51212," 8,40 €/kg"
Charcutería y quesos,Queso untable y fresco,Crema de queso viejo tostado mezcla Hacendado,Tarrina 150 g,"1,68 € /ud.",22780," 11,20 €/kg"
Charcutería y quesos,Queso untable y fresco,Queso fresco Burgos natural de vaca Hacendado,2 tarrinas x 250 g,"1,78 € /pack",51184," 3,56 €/kg"
Charcutería y quesos,Queso untable y fresco,Queso fresco Burgos natural de vaca Hacendado,"6 tarrinas x 62,5 g","1,56 € /pack",51026," 4,16 €/kg"
Charcutería y quesos,Queso untable y fresco,Mozzarella fresca de vaca Hacendado,Paquete 250 g (125 g escurrido),"0,95 € /ud.",51050," 7,60 €/kg"
Charcutería y quesos,Queso untable y fresco,Queso fresco Burgos desnatado 0% m.g de vaca Hacendado,"6 tarrinas x 62,5 g","1,56 € /pack",51074," 4,16 €/kg"
Charcutería y quesos,Queso untable y fresco,Queso feta mezcla Hacendado en dados,Tarrina 370 g (150 g escurrido),"2,35 € /ud.",51197," 15,667 €/kg"
Charcutería y quesos,Queso untable y fresco,Queso fresco de vaca Burgo de Arias,3 tarrinas x 72 g,"2,99 € /pack",51044," 13,843 €/kg"
Charcutería y quesos,Queso untable y fresco,Mozzarella fresca de vaca Hacendado en perlas,Tarrina 300 g (150 g escurrido),"1,91 € /ud.",51052," 12,734 €/kg"
Charcutería y quesos,Queso untable y fresco,Queso fresco de cabra Hacendado,Tarrina 250 g,"2,77 €2,67 € /ud.",51194," 10,68 €/kg"
Charcutería y quesos,Queso untable y fresco,Queso fresco batido desnatado 0% m.g Hacendado,Tarrina 500 g,"0,97 € /ud.",51071," 1,94 €/kg"
Charcutería y quesos,Queso untable y fresco,Queso fresco mascarpone de vaca Hacendado,Tarrina 250 g,"2,55 € /ud.",51072," 10,20 €/kg"
Charcutería y quesos,Queso untable y fresco,Queso fresco para ensaladas de vaca Hacendado en dados,Tarrina 200 g,"1,95 € /ud.",51065," 9,75 €/kg"
Charcutería y quesos,Queso untable y fresco,Queso fresco de vaca Hacendado,Tarrina 250 g,"1,65 € /ud.",51191," 6,60 €/kg"
Charcutería y quesos,Queso untable y fresco,Queso fresco batido desnatado 0% m.g Hacendado,4 tarrinas x 120 g,"1,45 € /pack",51021," 3,021 €/kg"
Charcutería y quesos,Queso untable y fresco,Mozzarella fresca di bufala campana Hacendado,Tarrina 280 g (125 g escurrido),"1,73 € /ud.",51201," 13,84 €/kg"
Charcutería y quesos,Queso untable y fresco,Queso fresco light de vaca Hacendado,Tarrina 250 g,"2,12 € /ud.",51192," 8,48 €/kg"
Charcutería y quesos,Queso untable y fresco,Queso fresco 0% m.g de vaca Burgo de Arias,3 tarrinas x 72 g,"2,99 € /pack",51043," 13,843 €/kg"
Charcutería y quesos,Queso untable y fresco,Requesón mezcla Montesinos,Tarrina 200 g,"1,00 € /ud.",51012," 5,00 €/kg"
Charcutería y quesos,Queso untable y fresco,Queso fresco Burgos sin lactosa de vaca Hacendado,"4 tarrinas x 62,5 g","1,68 € /pack",51130," 6,72 €/kg"
Charcutería y quesos,Queso untable y fresco,Queso fresco Burgos bajo en sal de vaca Hacendado,"4 tarrinas x 62,5 g","1,39 € /pack",51046," 5,56 €/kg"
Charcutería y quesos,Queso untable y fresco,Queso fresco Mató de vaca Hacendado,2 ud. x 100 g,"1,45 € /pack",51222," 7,25 €/kg"
Charcutería y quesos,Queso untable y fresco,Queso fresco sin lactosa de vaca Hacendado,Tarrina 250 g,"2,40 € /ud.",51193," 9,60 €/kg"
Charcutería y quesos,Queso untable y fresco,Queso ricotta mezcla Hacendado,Tarrina 200 g,"1,80 € /ud.",51228," 9,00 €/kg"
Charcutería y quesos,Queso untable y fresco,Mozzarella fresca light de vaca Hacendado,Paquete 250 g (125 g escurrido),"1,04 € /ud.",51230," 8,32 €/kg"
Charcutería y quesos,Queso untable y fresco,Burrata fresca Hacendado,Tarrina 250 g (150 g escurrido),"2,20 € /ud.",51218," 14,667 €/kg"
Charcutería y quesos,Queso untable y fresco,Queso fresco cottage semidesnatado de vaca Hacendado,Tarrina 200 g,"1,20 € /ud.",60963," 6,00 €/kg"
Charcutería y quesos,Queso untable y fresco,Queso rulo de cabra Hacendado,Paquete 200 g,"2,40 €2,35 € /ud.",50021," 11,75 €/kg"
Charcutería y quesos,Queso untable y fresco,Queso roquefort de oveja Hacendado,Pieza 100 g,"1,75 € /ud.",86276," 17,50 €/kg"
Charcutería y quesos,Queso untable y fresco,Queso camembert de vaca Marcillat,Caja 240 g,"1,83 € /ud.",51621," 7,625 €/kg"
Charcutería y quesos,Queso untable y fresco,Queso azul Danés Danablu de vaca Viking,Pieza 100 g,"1,50 € /ud.",51641," 15,00 €/kg"
Charcutería y quesos,Queso untable y fresco,Queso azul de vaca Hacendado,Pieza 180 g,"2,10 € /ud.",51627," 11,667 €/kg"
Charcutería y quesos,Queso untable y fresco,Queso de cabra Président en medallones,Paquete 200 g,"3,32 € /ud.",51149," 16,60 €/kg"
Charcutería y quesos,Queso untable y fresco,Queso de cabra Montesinos,2 tarrinas x 100 g,"3,17 €3,07 € /pack",50633," 15,35 €/kg"
Charcutería y quesos,Queso untable y fresco,Queso rulo con piña y almendra Liptana,Bandeja 100 g,"1,39 € /ud.",51619," 13,90 €/kg"
Charcutería y quesos,Queso untable y fresco,Queso brie marcillat de vaca Plaisir de Roy,Pieza 200 g,"1,60 € /ud.",50619," 8,00 €/kg"
"Conservas, caldos y cremas",Atún y otras conservas de pescado,Atún en aceite de girasol Hacendado,Lata 900 g (650 g escurrido),"6,65 €6,45 € /ud.",18086," 9,924 €/kg"
"Conservas, caldos y cremas",Atún y otras conservas de pescado,Atún claro en aceite de girasol Hacendado,6 latas x 60 g,"4,40 €4,20 € /pack",18055," 11,667 €/kg"
"Conservas, caldos y cremas",Atún y otras conservas de pescado,Atún claro en aceite de girasol Hacendado,3 latas x 60 g,"2,65 € /pack",18092," 14,723 €/kg"
"Conservas, caldos y cremas",Atún y otras conservas de pescado,Atún en aceite de oliva Hacendado,Lata 900 g (650 g escurrido),"8,40 € /ud.",18030," 12,924 €/kg"
"Conservas, caldos y cremas",Atún y otras conservas de pescado,Atún claro en aceite de oliva Hacendado,6 latas x 60 g,"5,45 € /pack",18002," 15,139 €/kg"
"Conservas, caldos y cremas",Atún y otras conservas de pescado,Atún claro en aceite de oliva Hacendado,Lata 111 g (82 g escurrido),"1,60 € /ud.",18071," 19,513 €/kg"
"Conservas, caldos y cremas",Atún y otras conservas de pescado,Atún claro bajo en sal en aceite de oliva Hacendado,3 latas x 60 g,"3,00 € /pack",18008," 16,667 €/kg"
"Conservas, caldos y cremas",Atún y otras conservas de pescado,Atún claro al natural Hacendado,6 latas x 60 g,"4,35 € /pack",18018," 12,084 €/kg"
"Conservas, caldos y cremas",Atún y otras conservas de pescado,Atún claro en escabeche blanco Hacendado,6 latas x 60 g,"4,70 € /pack",18031," 13,056 €/kg"
"Conservas, caldos y cremas",Atún y otras conservas de pescado,Atún claro en aceite de oliva Hacendado,Bote 195 g (140 g escurrido),"3,85 € /ud.",18054," 27,50 €/kg"
"Conservas, caldos y cremas",Atún y otras conservas de pescado,Atún en salsa de tomate Hacendado,3 latas x 52 g,"2,00 € /pack",18037," 12,821 €/kg"
"Conservas, caldos y cremas",Atún y otras conservas de pescado,Ventresca de atún claro en aceite de oliva Hacendado,Lata 111 g (78 g escurrido),"3,50 € /ud.",18011," 44,872 €/kg"
"Conservas, caldos y cremas",Atún y otras conservas de pescado,Migas de bonito del norte en aceite de oliva Hacendado,3 latas x 52 g,"2,50 € /pack",16812," 16,026 €/kg"
"Conservas, caldos y cremas",Atún y otras conservas de pescado,Bonito del norte en aceite de oliva Hacendado,2 latas x 73 g,"3,30 € /pack",18116," 22,603 €/kg"
"Conservas, caldos y cremas",Atún y otras conservas de pescado,Filetes de bonito del norte en aceite de oliva Hacendado,Tarro 400 g (280 g escurrido),"7,40 € /ud.",18102," 26,429 €/kg"
"Conservas, caldos y cremas",Atún y otras conservas de pescado,Filetes de caballa del sur en aceite de oliva Hacendado,2 latas x 65 g,"2,20 € /pack",18310," 16,924 €/kg"
"Conservas, caldos y cremas",Atún y otras conservas de pescado,Filetes de caballa del sur en tomate Hacendado,2 latas x 65 g,"1,65 €1,55 € /pack",18313," 11,924 €/kg"
"Conservas, caldos y cremas",Atún y otras conservas de pescado,Filetes de caballa del sur bajo contenido en sal Hacendado en aceite de oliva,2 latas x 65 g,"2,50 € /pack",18311," 19,231 €/kg"
"Conservas, caldos y cremas",Atún y otras conservas de pescado,Filetes de melva en aceite de oliva Hacendado,Lata 120 g (80 g escurrido),"2,10 € /ud.",18107," 26,25 €/kg"
"Conservas, caldos y cremas",Atún y otras conservas de pescado,Filetes de melva canutera con pimientos del piquillo Hacendado en aceite de oliva,Lata 90 g (65 g escurrido),"1,85 € /ud.",18114," 28,462 €/kg"
"Conservas, caldos y cremas",Atún y otras conservas de pescado,Sardinas en aceite de oliva Hacendado,2 latas x 86 g,"1,90 € /pack",18252," 11,047 €/kg"
"Conservas, caldos y cremas",Atún y otras conservas de pescado,Sardinillas en aceite de oliva Hacendado,2 latas x 65 g,"2,05 € /pack",18210," 15,77 €/kg"
"Conservas, caldos y cremas",Atún y otras conservas de pescado,Sardinillas reducidas en sal en aceite de oliva Hacendado,2 latas x 65 g,"2,05 € /pack",18214," 15,77 €/kg"
"Conservas, caldos y cremas",Atún y otras conservas de pescado,Sardinillas en tomate Hacendado,2 latas x 65 g,"1,50 € /pack",18209," 11,539 €/kg"
"Conservas, caldos y cremas",Atún y otras conservas de pescado,Sardinillas en aceite de girasol Hacendado,2 latas x 65 g,"1,50 € /pack",18213," 11,539 €/kg"
"Conservas, caldos y cremas",Atún y otras conservas de pescado,Sardinillas picantes en aceite de girasol Hacendado,2 latas x 65 g,"1,65 € /pack",18212," 12,693 €/kg"
"Conservas, caldos y cremas",Atún y otras conservas de pescado,Sardinillas en escabeche Hacendado,2 latas x 65 g,"1,75 € /pack",18211," 13,462 €/kg"
"Conservas, caldos y cremas",Atún y otras conservas de pescado,Calamar en salsa americana Hacendado,3 latas x 59 g,"1,85 € /pack",18713," 10,452 €/kg"
"Conservas, caldos y cremas",Atún y otras conservas de pescado,Calamar en tinta Hacendado,3 latas x 59 g,"2,00 € /pack",18714," 11,30 €/kg"
"Conservas, caldos y cremas",Atún y otras conservas de pescado,Tacos de pota al ajillo Hacendado,3 latas x 54 g,"2,95 € /pack",18729," 18,21 €/kg"
"Conservas, caldos y cremas",Atún y otras conservas de pescado,Salmón al natural Hacendado,3 latas x 50 g,"3,80 €3,65 € /pack",18817," 24,334 €/kg"
"Conservas, caldos y cremas",Atún y otras conservas de pescado,Chipirones rellenos enteros en aceite de girasol Hacendado,Lata 115 g (72 g escurrido),"2,20 € /ud.",23560," 30,556 €/kg"
"Conservas, caldos y cremas",Berberechos y mejillones,Berberecho al natural XS Hacendado,Lata 185 g (90 g escurrido),"2,60 € /ud.",18509," 28,889 €/kg"
"Conservas, caldos y cremas",Berberechos y mejillones,Berberechos al natural S Hacendado,Lata 111 g (63 g escurrido),"2,70 € /ud.",18553," 42,858 €/kg"
"Conservas, caldos y cremas",Berberechos y mejillones,Berberechos al natural M Hacendado,Lata 111 g (63 g escurrido),"3,70 €3,60 € /ud.",18564," 57,143 €/kg"
"Conservas, caldos y cremas",Berberechos y mejillones,Berberechos al natural L Hacendado,Lata 111 g (63 g escurrido),"5,45 € /ud.",18565," 86,508 €/kg"
"Conservas, caldos y cremas",Berberechos y mejillones,Almejones al natural Cono sur,Lata 111 g (63 g escurrido),"1,20 € /ud.",18552," 19,048 €/kg"
"Conservas, caldos y cremas",Berberechos y mejillones,Concha fina al natural Marinara,Lata 90 g (55 g escurrido),"1,95 €1,75 € /ud.",18554," 31,819 €/kg"
"Conservas, caldos y cremas",Berberechos y mejillones,Zamburiñas en salsa de vieira Hacendado,Lata 110 g (63 g escurrido),"1,95 € /ud.",23531," 30,953 €/kg"
"Conservas, caldos y cremas",Berberechos y mejillones,Almejas del Pacífico Hacendado al natural,Lata 111 g (63 g escurrido),"1,80 € /ud.",23135," 28,572 €/kg"
"Conservas, caldos y cremas",Berberechos y mejillones,Almejas blancas del norte al natural Hacendado,Lata 185 g (90 g escurrido),"1,50 € /ud.",18579," 16,667 €/kg"
"Conservas, caldos y cremas",Berberechos y mejillones,Mejillones en escabeche Hacendado pequeños,2 latas x 106 g,"2,30 € /pack",18615," 10,85 €/kg"
"Conservas, caldos y cremas",Berberechos y mejillones,Mejillones en escabeche Hacendado pequeños,Lata 111 g (69 g escurrido),"1,80 € /ud.",18619," 26,087 €/kg"
"Conservas, caldos y cremas",Berberechos y mejillones,Mejillones en escabeche Hacendado medianos,Lata 111 g (69 g escurrido),"2,40 € /ud.",18602," 34,783 €/kg"
"Conservas, caldos y cremas",Berberechos y mejillones,Mejillones al natural Hacendado pequeños,Lata 111 g (69 g escurrido),"1,20 € /ud.",18620," 17,392 €/kg"
"Conservas, caldos y cremas",Berberechos y mejillones,Mejillones picantes en escabeche Hacendado pequeños,Lata 111 g (69 g escurrido),"1,45 € /ud.",18621," 21,015 €/kg"
"Conservas, caldos y cremas",Berberechos y mejillones,Mejillones en salsa de vieira Hacendado pequeños,Lata 111 g (69 g escurrido),"1,90 € /ud.",18622," 27,537 €/kg"
"Conservas, caldos y cremas",Conservas de verdura y frutas,Maíz dulce Hacendado,3 latas x 140 g,"1,70 €1,60 € /pack",16712," 3,81 €/kg"
"Conservas, caldos y cremas",Conservas de verdura y frutas,Maíz dulce Hacendado,3 latas x 70 g,"1,25 € /pack",16714," 5,953 €/kg"
"Conservas, caldos y cremas",Conservas de verdura y frutas,Espárragos delgados Hacendado,Tarro 200 g (110 g escurrido),"1,55 € /ud.",70744," 14,091 €/kg"
"Conservas, caldos y cremas",Conservas de verdura y frutas,Espárragos medianos Hacendado,Tarro 345 g (205 g escurrido),"2,00 € /ud.",18562," 9,757 €/kg"
"Conservas, caldos y cremas",Conservas de verdura y frutas,Espárragos muy gruesos Hacendado enteros,Tarro 540 g (325 g escurrido),"3,00 € /ud.",16561," 9,231 €/kg"
"Conservas, caldos y cremas",Conservas de verdura y frutas,Champiñones laminados Hacendado,Bote 355 g (180 g escurrido),"1,00 € /ud.",16618," 5,556 €/kg"
"Conservas, caldos y cremas",Conservas de verdura y frutas,Champiñón laminado Hacendado,3 latas x 85 g,"1,80 € /pack",16616," 7,059 €/kg"
"Conservas, caldos y cremas",Conservas de verdura y frutas,Champiñón entero Hacendado,Bote 355 g (180 g escurrido),"1,45 € /ud.",16625," 8,056 €/kg"
"Conservas, caldos y cremas",Conservas de verdura y frutas,Pimientos del piquillo enteros Hacendado extra,Tarro 340 g (275 g escurrido),"1,45 € /ud.",16005," 5,273 €/kg"
"Conservas, caldos y cremas",Conservas de verdura y frutas,Guisantes extra Hacendado,Bote 390 g (250 g escurrido),"0,78 € /ud.",16416," 3,12 €/kg"
"Conservas, caldos y cremas",Conservas de verdura y frutas,Guisantes extra Hacendado,3 latas x 120 g,"2,20 €2,10 € /pack",16415," 5,834 €/kg"
"Conservas, caldos y cremas",Conservas de verdura y frutas,Pimientos rojos asados Hacendado en tiras extra,3 latas x 60 g,"1,20 € /pack",16124," 6,667 €/kg"
"Conservas, caldos y cremas",Conservas de verdura y frutas,Judías verdes redondas Hacendado,Tarro 660 g (360 g escurrido),"1,30 € /ud.",16315," 3,612 €/kg"
"Conservas, caldos y cremas",Conservas de verdura y frutas,Pimientos asados en tiras Hacendado,Bandeja 290 g,"2,50 € /ud.",16103," 8,621 €/kg"
"Conservas, caldos y cremas",Conservas de verdura y frutas,Corazones de alcachofas Hacendado,Bote 390 g (240 g escurrido),"1,85 € /ud.",16039," 7,709 €/kg"
"Conservas, caldos y cremas",Conservas de verdura y frutas,Corazones de alcachofa Hacendado,Tarro 290 g (175 g escurrido),"1,90 € /ud.",16040," 10,858 €/kg"
"Conservas, caldos y cremas",Conservas de verdura y frutas,Corazones de alcachofa Hacendado,Tarro 535 g (330 g escurrido),"2,80 € /ud.",16019," 8,485 €/kg"
"Conservas, caldos y cremas",Conservas de verdura y frutas,Corazones de alcachofa Hacendado,Bandeja 260 g,"3,10 €3,00 € /ud.",52757," 11,539 €/kg"
"Conservas, caldos y cremas",Conservas de verdura y frutas,Zanahoria en tiras Hacendado,Tarro 425 g (250 g escurrido),"1,20 € /ud.",16752," 4,80 €/kg"
"Conservas, caldos y cremas",Conservas de verdura y frutas,Judías verdes planas Hacendado,Tarro 660 g (360 g escurrido),"1,30 € /ud.",16313," 3,612 €/kg"
"Conservas, caldos y cremas",Conservas de verdura y frutas,Remolacha en tiras Hacendado,Tarro 425 g (250 g escurrido),"1,30 € /ud.",16754," 5,20 €/kg"
"Conservas, caldos y cremas",Conservas de verdura y frutas,Macedonia de verduras Hacendado,Tarro 535 g (320 g escurrido),"0,90 € /ud.",16737," 2,813 €/kg"
"Conservas, caldos y cremas",Conservas de verdura y frutas,Verduras asadas Hacendado,Bandeja 290 g,"2,90 € /ud.",22411," 10,00 €/kg"
"Conservas, caldos y cremas",Conservas de verdura y frutas,Patata entera,Tarro 660 g (400 g escurrido),"1,95 € /ud.",15534," 4,875 €/kg"
"Conservas, caldos y cremas",Conservas de verdura y frutas,Palmito al natural entero Hacendado,Tarro 410 g (250 g escurrido),"2,85 €2,75 € /ud.",16711," 11,00 €/kg"
"Conservas, caldos y cremas",Conservas de verdura y frutas,Ensalada china Hacendado con mazorquitas,Tarro 280 g (155 g escurrido),"1,20 € /ud.",5593," 7,742 €/kg"
"Conservas, caldos y cremas",Conservas de verdura y frutas,Brotes germinados Hacendado,Tarro 425 g (250 g escurrido),"1,90 € /ud.",16748," 7,60 €/kg"
"Conservas, caldos y cremas",Conservas de verdura y frutas,Habas fritas Peña Torcal mini baby extra,Tarro 225 g (150 g escurrido),"3,50 € /ud.",16412," 23,334 €/kg"
"Conservas, caldos y cremas",Conservas de verdura y frutas,Ensalada de pimientos del piquillo Cidacos,2 latas x 180 g,"2,00 € /pack",16106," 5,556 €/kg"
"Conservas, caldos y cremas",Conservas de verdura y frutas,Espárragos delgados verdes Hacendado enteros,Tarro 230 g (125 g escurrido),"1,90 €1,70 € /ud.",16510," 13,60 €/kg"
"Conservas, caldos y cremas",Conservas de verdura y frutas,Cebolla caramelizada Hacendado,Tarro 190 g,"1,70 € /ud.",52749," 8,948 €/kg"
"Conservas, caldos y cremas",Conservas de verdura y frutas,Yemas de espárragos Hacendado,2 latas x 100 g,"2,60 € /pack",16503," 13,00 €/kg"
"Conservas, caldos y cremas",Conservas de verdura y frutas,Cebolla frita Hacendado,Bote 160 g,"0,85 € /ud.",35701," 5,313 €/kg"
"Conservas, caldos y cremas",Conservas de verdura y frutas,Menestra de verduras con aceite Hacendado,Tarro 660 g,"2,60 € /ud.",22553," 3,94 €/kg"
"Conservas, caldos y cremas",Conservas de verdura y frutas,Pimientos del piquillo en tiras con ajo Hacendado,Tarro 290 g (235 g escurrido),"1,15 € /ud.",16008," 4,894 €/kg"
"Conservas, caldos y cremas",Conservas de verdura y frutas,Mazorquitas de maíz agridulce Hacendado,Tarro 350 g (190 g escurrido),"2,40 € /ud.",16757," 12,632 €/kg"
"Conservas, caldos y cremas",Conservas de verdura y frutas,Chucrut al estilo bávaro Hengstenberg,Tarro 680 g (650 g escurrido),"2,00 € /ud.",16717," 3,077 €/kg"
"Conservas, caldos y cremas",Conservas de verdura y frutas,Acelgas troceadas Hacendado,Tarro 660 g (425 g escurrido),"1,75 € /ud.",16314," 4,118 €/kg"
"Conservas, caldos y cremas",Conservas de verdura y frutas,Carne de Ñora Hacendado,Tarro 140 g,"1,50 € /ud.",34229," 10,715 €/kg"
"Conservas, caldos y cremas",Conservas de verdura y frutas,Rovellones trozos primera Ferrer,Tarro 330 g (180 g escurrido),"3,75 € /ud.",22555," 20,834 €/kg"
"Conservas, caldos y cremas",Conservas de verdura y frutas,Pimientos del piquillo extra Hacendado estilo tradicional,Tarro 185 g (175 g escurrido),"1,70 € /ud.",15969," 9,715 €/kg"
"Conservas, caldos y cremas",Conservas de verdura y frutas,Espárragos blancos muy gruesos El encierro,Tarro 530 g (325 g escurrido),"5,50 € /ud.",22865," 16,924 €/kg"
"Conservas, caldos y cremas",Conservas de verdura y frutas,Espárragos Hacendado blancos gruesos,Tarro 345 g (205 g escurrido),"2,80 € /ud.",35404," 13,659 €/kg"
"Conservas, caldos y cremas",Conservas de verdura y frutas,Piña en su jugo Hacendado rodajas,3 latas x 140 g,"2,25 € /pack",15203," 5,358 €/kg"
"Conservas, caldos y cremas",Conservas de verdura y frutas,Piña en su jugo Hacendado rodajas,Bote 822 g (490 g escurrido),"1,80 € /ud.",15220," 3,674 €/kg"
"Conservas, caldos y cremas",Conservas de verdura y frutas,Melocotón en almíbar Hacendado,Bote 840 g (480 g escurrido),"1,90 € /ud.",60918," 3,959 €/kg"
"Conservas, caldos y cremas",Conservas de verdura y frutas,Melocotón en almíbar Hacendado,3 latas x 115 g,"2,35 € /pack",15206," 6,812 €/kg"
"Conservas, caldos y cremas",Conservas de verdura y frutas,Dulce de membrillo Hacendado categoría primera,Tarrina 450 g,"1,40 € /ud.",35845," 3,112 €/kg"
"Conservas, caldos y cremas",Conservas de verdura y frutas,Dulce de membrillo con nueces Hacendado,Bandeja 260 g,"2,10 € /ud.",35740," 8,077 €/kg"
"Conservas, caldos y cremas",Conservas de verdura y frutas,Melocotón light Hacendado sin azúcares añadidos,Bote 400 g (240 g escurrido),"1,50 €1,40 € /ud.",15260," 5,834 €/kg"
"Conservas, caldos y cremas",Conservas de verdura y frutas,Macedonia mix de frutas en almíbar Hacendado,2 latas x 115 g,"2,00 € /pack",52896," 8,696 €/kg"
"Conservas, caldos y cremas",Conservas de verdura y frutas,Dulce de membrillo Hacendado 0% azúcares añadidos,Tarrina 400 g,"2,20 € /ud.",35846," 5,50 €/kg"
"Conservas, caldos y cremas",Conservas de verdura y frutas,Cabello de Ángel Hida,Bote 520 g,"2,20 € /ud.",15031," 4,231 €/kg"
"Conservas, caldos y cremas",Conservas de verdura y frutas,Pera en almíbar ligero Hacendado,Bote 425 g (230 g escurrido),"2,30 €2,20 € /ud.",52814," 9,566 €/kg"
"Conservas, caldos y cremas",Conservas de verdura y frutas,Postre de manzana Jamar,Tarro 710 g,"2,00 €1,90 € /ud.",15086," 2,677 €/kg"
"Conservas, caldos y cremas",Conservas de verdura y frutas,Dulce de membrillo taco Hacendado,Paquete 250 g,"2,30 €2,20 € /ud.",86766," 8,80 €/kg"
"Conservas, caldos y cremas",Gazpacho y cremas,Gazpacho tradicional Hacendado,3 mini bricks x 330 ml,"2,20 € /pack",39934," 2,223 €/L"
"Conservas, caldos y cremas",Gazpacho y cremas,Gazpacho tradicional Hacendado,Botella 1 L,"1,80 € /ud.",15604," 1,80 €/L"
"Conservas, caldos y cremas",Gazpacho y cremas,Salmorejo al estilo cordobés Hacendado,3 mini bricks x 330 ml,"2,70 € /pack",39903," 2,728 €/L"
"Conservas, caldos y cremas",Gazpacho y cremas,Salmorejo al estilo cordobés Hacendado,Brick 1 L,"2,30 € /ud.",39902," 2,30 €/L"
"Conservas, caldos y cremas",Gazpacho y cremas,Gazpacho fresco Hacendado,Botella 1 L,"3,00 € /ud.",39900," 3,00 €/L"
"Conservas, caldos y cremas",Gazpacho y cremas,Gazpacho fresco Hacendado,Botella 330 ml,"1,20 € /ud.",39965," 3,637 €/L"
"Conservas, caldos y cremas",Gazpacho y cremas,Salmorejo fresco Hacendado,Botella 1 L,"3,30 € /ud.",39901," 3,30 €/L"
"Conservas, caldos y cremas",Gazpacho y cremas,Salmorejo fresco Hacendado,Botella 330 ml,"1,30 € /ud.",39966," 3,94 €/L"
"Conservas, caldos y cremas",Gazpacho y cremas,Crema de calabaza y zanahoria Hacendado,Bol 350 g,"1,60 € /ud.",23225," 4,572 €/kg"
"Conservas, caldos y cremas",Gazpacho y cremas,Crema de espárragos Hacendado,Bol 350 g,"1,60 € /ud.",86587," 4,572 €/kg"
"Conservas, caldos y cremas",Gazpacho y cremas,Crema de verduras Hacendado,Bol 350 g,"1,60 € /ud.",8722," 4,572 €/kg"
"Conservas, caldos y cremas",Gazpacho y cremas,Vichyssoise de puerro y patata Hacendado,Bol 350 g,"1,60 € /ud.",8723," 4,572 €/kg"
"Conservas, caldos y cremas",Gazpacho y cremas,Crema de pollo Hacendado con verduras,Brick 500 ml,"1,10 €1,00 € /ud.",8448," 2,00 €/L"
"Conservas, caldos y cremas",Gazpacho y cremas,Crema de calabaza Hacendado,Brick 500 ml,"1,10 €1,00 € /ud.",13499," 2,00 €/L"
"Conservas, caldos y cremas",Gazpacho y cremas,Crema de verduras Hacendado,Brick 500 ml,"1,10 €1,00 € /ud.",60308," 2,00 €/L"
"Conservas, caldos y cremas",Gazpacho y cremas,Puré de patatas Hacendado en copos,Caja 4 bolsas (500 g),"1,90 € /ud.",23264," 3,80 €/kg"
"Conservas, caldos y cremas",Gazpacho y cremas,Crema de setas Starlux con champiñones,Brick 500 ml,"1,60 € /ud.",35662," 3,20 €/L"
"Conservas, caldos y cremas",Gazpacho y cremas,Crema de calabacín Starlux con queso de cabra,Brick 500 ml,"1,50 € /ud.",35661," 3,00 €/L"
"Conservas, caldos y cremas",Gazpacho y cremas,Crema de calabacín Hacendado,Bol 350 g,"1,60 € /ud.",35870," 4,572 €/kg"
"Conservas, caldos y cremas",Sopa y caldo,Sopa de pollo Gallina Blanca con fideos finos,Sobre 71 g,"0,85 € /ud.",8044," 11,972 €/kg"
"Conservas, caldos y cremas",Sopa y caldo,Sopa de pollo Hacendado con fideos finos,2 sobres x 80 g,"1,00 € /pack",52829," 6,25 €/kg"
"Conservas, caldos y cremas",Sopa y caldo,Sopa de cebolla Hacendado,2 sobres x 50 g,"1,30 € /pack",8038," 13,00 €/kg"
"Conservas, caldos y cremas",Sopa y caldo,Sopa maravilla Hacendado,Sobre 85 g,"0,55 € /ud.",60587," 6,471 €/kg"
"Conservas, caldos y cremas",Sopa y caldo,Tallarines Formaggio Hacendado salsa cremosa de queso,Sobre 190 g,"1,40 €1,30 € /ud.",23457," 6,843 €/kg"
"Conservas, caldos y cremas",Sopa y caldo,Sopa de verduras Gallina Blanca,Sobre 51 g,"0,85 € /ud.",13823," 16,667 €/kg"
"Conservas, caldos y cremas",Sopa y caldo,Caldo de pollo Hacendado,Brick 1 L,"0,80 €0,75 € /ud.",7313," 0,75 €/L"
"Conservas, caldos y cremas",Sopa y caldo,Caldo de pollo casero Gallina Blanca,Brick 1 L,"2,20 €1,85 € /ud.",7024," 1,85 €/L"
"Conservas, caldos y cremas",Sopa y caldo,Caldo de pescado Hacendado,Brick 1 L,"1,10 € /ud.",7325," 1,10 €/L"
"Conservas, caldos y cremas",Sopa y caldo,Caldo de verduras Hacendado,Brick 1 L,"1,00 € /ud.",7032," 1,00 €/L"
"Conservas, caldos y cremas",Sopa y caldo,Caldo de marisco o fideuá para paella Hacendado con sofrito,Brick 1 L,"2,10 € /ud.",7021," 2,10 €/L"
"Conservas, caldos y cremas",Sopa y caldo,Caldo de pollo Hacendado bajo en sal,Brick 1 L,"1,20 € /ud.",7031," 1,20 €/L"
"Conservas, caldos y cremas",Sopa y caldo,Caldo para paella de carne Hacendado con sofrito,Brick 1 L,"2,25 € /ud.",7035," 2,25 €/L"
"Conservas, caldos y cremas",Sopa y caldo,Caldo natural de escudella Gallo,Brick 1 L,"2,00 € /ud.",52737," 2,00 €/L"
"Conservas, caldos y cremas",Sopa y caldo,Fumet caldo de pescado Hacendado,Botella 950 g,"3,00 € /ud.",22081," 3,158 €/kg"
"Conservas, caldos y cremas",Sopa y caldo,Caldo de cocido Hacendado,Brick 1 L,"0,90 €0,85 € /ud.",52768," 0,85 €/L"
"Conservas, caldos y cremas",Sopa y caldo,Caldo de carne Hacendado en pastillas,Caja 12 ud. (120 g),"0,85 € /ud.",22860," 7,084 €/kg"
"Conservas, caldos y cremas",Sopa y caldo,Caldo de pollo Avecrem en pastillas,Caja 24 ud. (240 g),"2,95 € /ud.",7014," 12,292 €/kg"
"Conservas, caldos y cremas",Sopa y caldo,Caldo de pescado Hacendado en pastillas,Caja 12 ud. (120 g),"0,85 € /ud.",7305," 7,084 €/kg"
"Conservas, caldos y cremas",Sopa y caldo,Doble caldo sabor clásico carne Knorr en pastillas,Caja 16 ud. (160 g),"1,65 € /ud.",7331," 10,313 €/kg"
"Conservas, caldos y cremas",Sopa y caldo,Caldo de pollo Hacendado en pastillas,Caja 24 ud. (240 g),"1,40 € /ud.",7867," 5,834 €/kg"
"Conservas, caldos y cremas",Sopa y caldo,Caldo de verduras Hacendado en pastillas,Caja 12 ud. (120 g),"0,85 € /ud.",15592," 7,084 €/kg"
"Conservas, caldos y cremas",Tomate,Tomate triturado Hacendado,Bote 800 g,"0,98 € /ud.",16043," 1,225 €/kg"
"Conservas, caldos y cremas",Tomate,Tomate triturado Hacendado,Bote 400 g,"0,72 € /ud.",16044," 1,80 €/kg"
"Conservas, caldos y cremas",Tomate,Tomate frito Hacendado,3 bricks x 400 g,"1,40 € /pack",17132," 1,167 €/kg"
"Conservas, caldos y cremas",Tomate,Tomate frito Hacendado,3 mini bricks x 210 g,"1,10 €1,00 € /pack",17151," 1,588 €/kg"
"Conservas, caldos y cremas",Tomate,Tomate frito Hacendado,Tarro 560 g,"0,95 €0,85 € /ud.",17108," 1,518 €/kg"
"Conservas, caldos y cremas",Tomate,Tomate frito receta artesana Hacendado,Tarro 560 g,"2,40 € /ud.",17163," 4,286 €/kg"
"Conservas, caldos y cremas",Tomate,Tomate frito receta artesana Hacendado,Tarro 300 g,"1,65 € /ud.",17131," 5,50 €/kg"
"Conservas, caldos y cremas",Tomate,Tomate frito estilo casero Hacendado,Brick 380 g,"1,30 € /ud.",17153," 3,422 €/kg"
"Conservas, caldos y cremas",Tomate,Tomate troceado pelado Hacendado,Bote 410 g,"0,90 €0,85 € /ud.",16022," 2,074 €/kg"
"Conservas, caldos y cremas",Tomate,Fritada pisto Hacendado,Brick 380 g,"1,40 € /ud.",17112," 3,685 €/kg"
"Conservas, caldos y cremas",Tomate,Tomate entero pelado Hacendado,Bote 800 g (480 g escurrido),"1,40 € /ud.",16041," 2,917 €/kg"
"Conservas, caldos y cremas",Tomate,Tomate entero pelado Hacendado,Bote 400 g (240 g escurrido),"0,80 € /ud.",16042," 3,334 €/kg"
"Conservas, caldos y cremas",Tomate,Tomate frito Hacendado con aceite de oliva,3 mini bricks x 210 g,"1,40 € /pack",17128," 2,223 €/kg"
"Conservas, caldos y cremas",Tomate,Tomate frito con cebolla Hacendado,Brick 380 g,"1,35 € /ud.",17154," 3,553 €/kg"
"Conservas, caldos y cremas",Tomate,Tomate frito sin azúcares añadidos Hacendado,Tarro 560 g,"1,20 €1,10 € /ud.",17330," 1,965 €/kg"
"Conservas, caldos y cremas",Tomate,Tomate doble concentrado Hacendado extra,Bote 170 g,"1,05 €1,00 € /ud.",16074," 5,883 €/kg"
"Conservas, caldos y cremas",Tomate,Tomate para untar Hacendado con aceite de oliva,2 tarritos x 160 g,"1,75 €1,65 € /pack",16004," 5,157 €/kg"
"Conservas, caldos y cremas",Tomate,Tomate tamizado sin piel Hacendado,Brick 390 g,"0,90 € /ud.",16012," 2,308 €/kg"
"Conservas, caldos y cremas",Tomate,Tomate seco Hacendado en aceite de oliva,Tarro 190 g,"2,30 € /ud.",16046," 24,211 €/kg"
Cuidado del cabello,Acondicionador y mascarilla,Acondicionador Suavidad y Brillo Deliplus todo tipo de cabello,Botella 1 L,"1,85 €1,75 € /ud.",35420," 0,175 €/100 ml"
Cuidado del cabello,Acondicionador y mascarilla,Acondicionador Repair & Nutrition Deliplus cabello seco y dañado,Bote 300 ml,"1,40 € /ud.",44363," 0,467 €/100 ml"
Cuidado del cabello,Acondicionador y mascarilla,Acondicionador instantáneo Kids Deliplus,Bote 250 ml,"1,70 € /ud.",44321," 0,68 €/100 ml"
Cuidado del cabello,Acondicionador y mascarilla,Acondicionador instantáneo Repair & Nutrition Deliplus cabello seco y dañado,Botella 400 ml,"2,50 € /ud.",44326," 0,625 €/100 ml"
Cuidado del cabello,Acondicionador y mascarilla,Acondicionador Repara & Protege Pantene,Bote 250 ml,"3,60 € /ud.",35615," 1,44 €/100 ml"
Cuidado del cabello,Acondicionador y mascarilla,Acondicionador Protector Color Vive Elvive cabello teñido o con mechas,Bote 250 ml,"3,00 € /ud.",75532," 1,20 €/100 ml"
Cuidado del cabello,Acondicionador y mascarilla,Acondicionador instantáneo Hydra hyaluronic Deliplus cabello de normal a seco,Bote 250 ml,"2,00 € /ud.",52933," 0,80 €/100 ml"
Cuidado del cabello,Acondicionador y mascarilla,Mascarilla Repair & Nutrition Deliplus cabello seco y dañado,Tarro 400 ml,"2,15 € /ud.",46569," 0,538 €/100 ml"
Cuidado del cabello,Acondicionador y mascarilla,Mascarilla Argan Oil Deliplus cabello seco y dañado,Tarro 400 ml,"2,60 € /ud.",44338," 0,65 €/100 ml"
Cuidado del cabello,Acondicionador y mascarilla,Mascarilla Liss Frizz Control Deliplus cabello rebelde,Tarro 400 ml,"2,15 € /ud.",44283," 0,538 €/100 ml"
Cuidado del cabello,Acondicionador y mascarilla,Mascarilla Curl Perfect Deliplus cabello rizado,Tarro 400 ml,"2,60 € /ud.",22630," 0,65 €/100 ml"
Cuidado del cabello,Acondicionador y mascarilla,Mascarilla Repara & Protege Pantene cabello dañado y seco,Tarro 200 ml,"2,85 € /ud.",35613," 1,425 €/100 ml"
Cuidado del cabello,Acondicionador y mascarilla,Mascarilla Color Intense Deliplus cabello teñido o con mechas,Tarro 400 ml,"2,30 € /ud.",86077," 0,575 €/100 ml"
Cuidado del cabello,Acondicionador y mascarilla,Mascarilla sin aclarado Repair & Nutrition Deliplus cabello seco y dañado,Bote 150 ml,"3,70 € /ud.",44216," 2,467 €/100 ml"
Cuidado del cabello,Acondicionador y mascarilla,Mascarilla Natural Deliplus todo tipo de cabello,Tarro 400 ml,"2,60 € /ud.",23195," 0,65 €/100 ml"
Cuidado del cabello,Acondicionador y mascarilla,Mascarilla Suave & Liso Pantene cabello encrespado,Tarro 200 ml,"2,85 € /ud.",35617," 1,425 €/100 ml"
Cuidado del cabello,Acondicionador y mascarilla,Mascarilla sin aclarado Argan Oil Deliplus cabello seco y dañado,Bote 150 ml,"3,80 € /ud.",44218," 2,534 €/100 ml"
Cuidado del cabello,Acondicionador y mascarilla,Mascarilla Silver Deliplus cabello blanco y platino,Bote 200 ml,"3,95 € /ud.",44365," 1,975 €/100 ml"
Cuidado del cabello,Acondicionador y mascarilla,Mascarilla Protectora Color Vive Elvive cabello teñido o con mechas,Tarro 310 ml,"4,50 € /ud.",75538," 1,452 €/100 ml"
Cuidado del cabello,Acondicionador y mascarilla,Mascarilla Plex Repair Deliplus cabello muy dañado,Bote 200 ml,"2,90 € /ud.",67795," 1,45 €/100 ml"
Cuidado del cabello,Acondicionador y mascarilla,Mascarilla sin aclarado Curl Perfect Deliplus cabello rizado,Bote 200 ml,"4,00 € /ud.",22631," 2,00 €/100 ml"
Cuidado del cabello,Acondicionador y mascarilla,Mascarilla Hydra hyaluronic Deliplus cabello de normal a seco,Bote 200 ml,"2,60 €2,30 € /ud.",52932," 1,15 €/100 ml"
Cuidado del cabello,Acondicionador y mascarilla,Mascarilla Hidra Hialurónico Elvive cabello deshidratado,Tarro 310 ml,"4,50 € /ud.",67899," 1,452 €/100 ml"
Cuidado del cabello,Acondicionador y mascarilla,"Mascarilla Ultra Platinum Deliplus cabello gris, rubio y decolorado",Bote 200 ml,"3,95 € /ud.",67701," 1,975 €/100 ml"
Cuidado del cabello,Acondicionador y mascarilla,Ampollas tratamiento intensivo Repara & Protege Pantene cabello dañado,Caja 3 ud. (45 ml),"4,45 € /ud.",35614," 1,484 €/ud"
Cuidado del cabello,Acondicionador y mascarilla,Hidrocrema Liss Frizz Control Deliplus cabello rebelde,Bote 200 ml,"2,75 € /ud.",44284," 1,375 €/100 ml"
Cuidado del cabello,Acondicionador y mascarilla,Sérum Anticaída Deliplus,Bote 100 ml,"6,95 € /ud.",44356," 6,95 €/100 ml"
Cuidado del cabello,Acondicionador y mascarilla,Sérum Be Radiant 10 en 1 Deliplus cabello apagado,Bote 100 ml,"4,05 € /ud.",44289," 4,05 €/100 ml"
Cuidado del cabello,Acondicionador y mascarilla,Sérum Plex Repair Deliplus cabello muy dañado,Bote 100 ml,"4,00 € /ud.",67796," 4,00 €/100 ml"
Cuidado del cabello,Acondicionador y mascarilla,Sérum Liss Frizz Control Deliplus iluminador,Bote 200 ml,"4,55 € /ud.",13473," 2,275 €/100 ml"
Cuidado del cabello,Acondicionador y mascarilla,Sérum oil Curl Perfect Deliplus cabello rizado,Bote 100 ml,"4,00 € /ud.",22632," 4,00 €/100 ml"
Cuidado del cabello,Acondicionador y mascarilla,Tratamiento Anti Frizz Deliplus todo tipo de cabello,Spray 200 ml,"4,60 € /ud.",60532," 2,30 €/100 ml"
Cuidado del cabello,Champú,Champú protección y brillo Deliplus todo tipo de cabello,Botella 1 L,"1,70 €1,60 € /ud.",35419," 0,16 €/100 ml"
Cuidado del cabello,Champú,Champú Repair & Nutrition Deliplus cabello seco y dañado,Bote 400 ml,"1,80 € /ud.",46568," 0,45 €/100 ml"
Cuidado del cabello,Champú,Envase rellenable Deliplus tamaño viaje,Botella 100 ml,"0,90 € /ud.",45297," 0,90 €/ud"
Cuidado del cabello,Champú,Champú Argan Oil Deliplus cabello seco y dañado,Bote 400 ml,"2,05 € /ud.",44337," 0,513 €/100 ml"
Cuidado del cabello,Champú,Champú Repara & Protege Pantene cabello débil y dañado,Bote 300 ml,"3,55 € /ud.",35612," 1,184 €/100 ml"
Cuidado del cabello,Champú,Champú Detox Deliplus cabello graso,Bote 400 ml,"2,05 € /ud.",44296," 0,513 €/100 ml"
Cuidado del cabello,Champú,Champú Hydra hyaluronic Deliplus cabello de normal a seco,Bote 400 ml,"2,35 €2,05 € /ud.",52931," 0,513 €/100 ml"
Cuidado del cabello,Champú,Champú Color Intense Deliplus cabello teñido o con mechas,Bote 400 ml,"1,80 € /ud.",86076," 0,45 €/100 ml"
Cuidado del cabello,Champú,Champú Liss Frizz Control Deliplus cabello rebelde,Bote 400 ml,"1,80 € /ud.",44281," 0,45 €/100 ml"
Cuidado del cabello,Champú,Champú Natural Deliplus todo tipo de cabello,Bote 400 ml,"2,05 € /ud.",44335," 0,513 €/100 ml"
Cuidado del cabello,Champú,Champú Color Vive Elvive cabello teñido o con mechas,Bote 300 ml,"3,30 € /ud.",52800," 1,10 €/100 ml"
Cuidado del cabello,Champú,Champú Suave & Liso Pantene cabello encrespado o seco,Bote 300 ml,"3,55 € /ud.",35616," 1,184 €/100 ml"
Cuidado del cabello,Champú,Champú Silver Deliplus cabello blanco y platino,Bote 300 ml,"2,80 € /ud.",44290," 0,934 €/100 ml"
Cuidado del cabello,Champú,Champú Curl Perfect Deliplus cabello rizado,Bote 400 ml,"2,35 € /ud.",22629," 0,588 €/100 ml"
Cuidado del cabello,Champú,Champú seco O'lysee,Bote 200 ml,"2,00 € /ud.",44233," 1,00 €/100 ml"
Cuidado del cabello,Champú,Champú Dermo Sensitive Deliplus cuero cabelludo sensible,Bote 400 ml,"2,60 € /ud.",44330," 0,65 €/100 ml"
Cuidado del cabello,Champú,Champú Extra Suave Deliplus todo tipo de cabello,Botella 750 ml,"1,95 € /ud.",44280," 0,26 €/100 ml"
Cuidado del cabello,Champú,Champú Volumen Deliplus cabello fino y sin volumen,Bote 400 ml,"2,35 € /ud.",35470," 0,588 €/100 ml"
Cuidado del cabello,Champú,Champú Anticaída Deliplus,Bote 400 ml,"2,05 € /ud.",44355," 0,513 €/100 ml"
Cuidado del cabello,Champú,Champú Zero Deliplus todo tipo de cabello,Bote 400 ml,"2,05 € /ud.",44286," 0,513 €/100 ml"
Cuidado del cabello,Champú,Champú Plex Repair Deliplus cabello muy dañado,Bote 400 ml,"2,75 € /ud.",67794," 0,688 €/100 ml"
Cuidado del cabello,Champú,Champú Hidra Hialurónico Elvive cabello deshidratado,Bote 300 ml,"3,30 € /ud.",52801," 1,10 €/100 ml"
Cuidado del cabello,Champú,Champú anticaspa Citrus Fresh H&S cabello graso,Bote 400 ml,"5,30 € /ud.",7882," 1,325 €/100 ml"
Cuidado del cabello,Champú,Champú y acondicionador anticaspa Classic 2 en 1 H&S,Bote 400 ml,"5,30 € /ud.",7881," 1,325 €/100 ml"
Cuidado del cabello,Champú,Champú anticaspa Citric Ultrex cabello graso,Bote 360 ml,"2,40 € /ud.",35397," 0,667 €/100 ml"
Cuidado del cabello,Champú,Champú anticaspa Menthol Ultrex todo tipo de cabello,Bote 360 ml,"2,40 € /ud.",35398," 0,667 €/100 ml"
Cuidado del cabello,Champú,Champú y acondicionador anticaspa Classic 2 en 1 Ultrex todo tipo de cabello,Bote 360 ml,"2,40 € /ud.",35399," 0,667 €/100 ml"
Cuidado del cabello,Champú,Champú infantil Kids 3 en 1 Deliplus,Bote 300 ml,"1,70 € /ud.",44320," 0,567 €/100 ml"
Cuidado del cabello,Champú,Loción infantil elimina liendres y piojos Deliplus,Bote 150 ml,"4,50 € /ud.",67802," 3,00 €/100 ml"
Cuidado del cabello,Champú,Champú Protect Triple Action Deliplus preventivo y protector,Bote 300 ml,"2,50 € /ud.",67800," 0,834 €/100 ml"
Cuidado del cabello,Champú,Instant conditioner Protect Triple Action Deliplus preventivo y sin aclarado,Bote 250 ml,"2,30 € /ud.",67801," 0,92 €/100 ml"
"Conservas, caldos y cremas",Atún y otras conservas de pescado,Atún en aceite de girasol Hacendado,Lata 900 g (650 g escurrido),"6,65 €6,45 € /ud.",18086," 9,924 €/kg"
"Conservas, caldos y cremas",Atún y otras conservas de pescado,Atún claro en aceite de girasol Hacendado,6 latas x 60 g,"4,40 €4,20 € /pack",18055," 11,667 €/kg"
Cuidado facial y corporal,Afeitado y cuidado para hombre,Gel de afeitar Sensitive Deliplus,Bote 200 ml,"1,60 € /ud.",23013," 0,80 €/100 ml"
Cuidado facial y corporal,Afeitado y cuidado para hombre,Gel de afeitar Sensitive Deliplus,Bote 75 ml,"1,15 € /ud.",23277," 1,534 €/100 ml"
Cuidado facial y corporal,Afeitado y cuidado para hombre,Espuma de afeitar Sensitive Deliplus manteca de cacao,Bote 300 ml,"1,40 € /ud.",52770," 0,467 €/100 ml"
Cuidado facial y corporal,Afeitado y cuidado para hombre,Gel de afeitar piel sensible Gillette con aloe vera,Bote 200 ml,"2,80 € /ud.",35611," 1,40 €/100 ml"
Cuidado facial y corporal,Afeitado y cuidado para hombre,Espuma de afeitar piel sensible Gillette con aloe vera,Bote 250 ml,"1,95 € /ud.",35610," 0,78 €/100 ml"
Cuidado facial y corporal,Afeitado y cuidado para hombre,Crema de afeitar piel sensible Original Lea uso con brocha,100 g,"1,75 € /ud.",52839," 1,75 €/100 ml"
Cuidado facial y corporal,Afeitado y cuidado para hombre,Bálsamo after shave Sensitive Nivea Men 0% alcohol,Frasco 100 ml,"5,95 € /ud.",73850," 5,95 €/100 ml"
Cuidado facial y corporal,Afeitado y cuidado para hombre,Bálsamo after shave Sensitive Deliplus 0% alcohol antiedad,Bote 100 ml,"1,85 € /ud.",35798," 1,85 €/100 ml"
Cuidado facial y corporal,Afeitado y cuidado para hombre,Gel after shave Sensitive Deliplus con aloe vera y 0% alcohol,Bote 100 ml,"1,70 €1,30 € /ud.",52886," 1,30 €/100 ml"
Cuidado facial y corporal,Afeitado y cuidado para hombre,Loción after shave Deliplus con extracto de algas marinas,Bote 320 ml,"2,80 € /ud.",45549," 0,875 €/100 ml"
Cuidado facial y corporal,Afeitado y cuidado para hombre,Lote corporal Nivea Men,1 ud.,"11,00 € /ud.",44924," 11,00 €/ud"
Cuidado facial y corporal,Afeitado y cuidado para hombre,Lote corporal hombre Axe Dark Temptation,1 ud.,"12,00 € /ud.",60836," 12,00 €/ud"
Cuidado facial y corporal,Afeitado y cuidado para hombre,Maquinillas de afeitar desechables Deliplus Fix 2 hojas,Paquete 10 ud.,"1,10 € /ud.",73443," 0,11 €/ud"
Cuidado facial y corporal,Afeitado y cuidado para hombre,Maquinillas de afeitar desechables Gillette Blue Plus 2 hojas,Paquete 6 ud.,"3,40 € /ud.",73006," 0,567 €/ud"
Cuidado facial y corporal,Afeitado y cuidado para hombre,Maquinillas de afeitar desechables Deliplus Active 3 hojas,Paquete 4 ud.,"1,95 € /ud.",73445," 0,488 €/ud"
Cuidado facial y corporal,Afeitado y cuidado para hombre,Maquinillas de afeitar desechables Gillette Sensor Comfort 3 hojas,Paquete 5 ud.,"5,75 € /ud.",73002," 1,15 €/ud"
Cuidado facial y corporal,Afeitado y cuidado para hombre,Maquinillas de afeitar desechables Gillette Blue Plus 2 hojas,Paquete 20 ud.,"8,00 € /ud.",73045," 0,40 €/ud"
Cuidado facial y corporal,Afeitado y cuidado para hombre,Maquinilla de afeitar recargable Deliplus Precision System 3 hojas,Caja 1 ud.,"2,90 € /ud.",22083," 2,90 €/ud"
Cuidado facial y corporal,Afeitado y cuidado para hombre,Maquinilla de afeitar recargable Deliplus Precision System 5 hojas,Caja 1 ud.,"3,90 € /ud.",73448," 3,90 €/ud"
Cuidado facial y corporal,Afeitado y cuidado para hombre,Maquinillas de afeitar desechables Deliplus Active 2 hojas,Paquete 10 ud.,"1,95 € /ud.",35342," 0,195 €/ud"
Cuidado facial y corporal,Afeitado y cuidado para hombre,Maquinilla de afeitar recargable Deliplus Precision System 6 hojas,Caja 1 ud.,"5,15 € /ud.",13804," 5,15 €/ud"
Cuidado facial y corporal,Afeitado y cuidado para hombre,Maquinilla de afeitar recargable Gillette Fusion Sport 5 hojas,Caja 1 ud.,"8,75 € /ud.",52645," 8,75 €/ud"
Cuidado facial y corporal,Afeitado y cuidado para hombre,Maquinilla de afeitar recargable Gillette Mach Sport 3 hojas,Caja 1 ud.,"7,95 € /ud.",52647," 7,95 €/ud"
Cuidado facial y corporal,Afeitado y cuidado para hombre,Maquinilla de afeitar recargable Gillette Labs 5 hojas,Caja 1 ud.,"15,00 € /ud.",52643," 15,00 €/ud"
Cuidado facial y corporal,Afeitado y cuidado para hombre,Recambios maquinilla de afeitar Deliplus Precision System 5 hojas,Caja 4 ud.,"4,80 €4,40 € /ud.",73449," 1,10 €/ud"
Cuidado facial y corporal,Afeitado y cuidado para hombre,Recambios maquinilla de afeitar Deliplus Precision System 6 hojas,Caja 4 ud.,"5,70 €5,30 € /ud.",13805," 1,325 €/ud"
Cuidado facial y corporal,Afeitado y cuidado para hombre,Recambios maquinilla de afeitar Gillette Fusion Sport 5 hojas,Caja 4 ud.,"13,95 € /ud.",52646," 3,488 €/ud"
Cuidado facial y corporal,Afeitado y cuidado para hombre,Recambios maquinilla de afeitar Gillette Mach Sport 3 hojas,Caja 4 ud.,"8,95 € /ud.",52648," 2,238 €/ud"
Cuidado facial y corporal,Afeitado y cuidado para hombre,Recambios maquinilla de afeitar Gillette Labs 5 hojas,Caja 4 ud.,"18,95 € /ud.",52644," 4,738 €/ud"
Cuidado facial y corporal,Afeitado y cuidado para hombre,"Crema cara, cuerpo y manos Nivea Men",Lata 150 ml,"4,00 € /ud.",73984," 2,667 €/100 ml"
Cuidado facial y corporal,Afeitado y cuidado para hombre,Cuidado hidratante Hydra energetic L'Oréal men expert anti-fatiga 24h,Bote 50 ml,"6,95 € /ud.",74817," 13,90 €/100 ml"
Cuidado facial y corporal,Afeitado y cuidado para hombre,Crema facial con phytoproteoglycanos FPS 12 Deliplus Men Care Regen Skin,Bote 50 ml,"5,50 €5,00 € /ud.",46865," 10,00 €/100 ml"
Cuidado facial y corporal,Afeitado y cuidado para hombre,Gel reductor de abdomen Deliplus Men Care,Bote 150 ml,"3,70 € /ud.",46862," 2,467 €/100 ml"
Cuidado facial y corporal,Afeitado y cuidado para hombre,Gel crema facial revitalizante e hidratante Deliplus Men Care Vital,Bote 50 ml,"5,50 €5,00 € /ud.",46857," 10,00 €/100 ml"
Cuidado facial y corporal,Afeitado y cuidado para hombre,Contorno de ojos Men Care Regen Skin Deliplus,Tubo 15 ml,"5,00 € /ud.",46866," 33,334 €/100 ml"
Cuidado facial y corporal,Afeitado y cuidado para hombre,Crema facial Power Age L'Oréal men expert hidratante anti-edad,Bote 50 ml,"8,95 € /ud.",79021," 17,90 €/100 ml"
Cuidado facial y corporal,Afeitado y cuidado para hombre,"Gel de ducha taurina Hydra Energetic L'Oréal Men Expert cuerpo, rostro y cabello",Bote 400 ml,"3,60 € /ud.",35357," 0,90 €/100 ml"
Cuidado facial y corporal,Afeitado y cuidado para hombre,Lote corporal Nivea Men,1 ud.,"11,00 € /ud.",44924," 11,00 €/ud"
Cuidado facial y corporal,Cuidado corporal,Crema corporal nutritiva Deliplus con aceite de oliva,Tarro 250 ml,"1,50 € /ud.",35502," 0,60 €/100 g"
Cuidado facial y corporal,Cuidado corporal,Loción corporal aloe vera Deliplus,Bote 400 ml,"1,10 € /ud.",79201," 0,275 €/100 ml"
Cuidado facial y corporal,Cuidado corporal,Crema corporal Nivea,Lata 250 ml,"4,00 € /ud.",76542," 1,60 €/100 ml"
Cuidado facial y corporal,Cuidado corporal,Aceite corporal aloe vera Deliplus,Bote 400 ml,"1,65 € /ud.",79217," 0,413 €/100 ml"
Cuidado facial y corporal,Cuidado corporal,Gel corporal aloe vera Deliplus,Bote 390 ml,"3,75 € /ud.",46825," 0,962 €/100 ml"
Cuidado facial y corporal,Cuidado corporal,Loción corporal 10% urea pura Deliplus,Bote 400 ml,"1,95 € /ud.",79529," 0,488 €/100 ml"
Cuidado facial y corporal,Cuidado corporal,Crema corporal nutritiva Deliplus con aceite de argán,Tarro 250 ml,"1,80 €1,50 € /ud.",46766," 0,60 €/100 ml"
Cuidado facial y corporal,Cuidado corporal,"Loción corporal con omegas 3, 6 y 9 Deliplus",Bote 400 ml,"2,20 € /ud.",79218," 0,55 €/100 ml"
Cuidado facial y corporal,Cuidado corporal,Loción corporal reafirmante Q10 Nivea y vitamina C,Bote 400 ml,"5,75 € /ud.",76596," 1,438 €/100 ml"
Cuidado facial y corporal,Cuidado corporal,Exfoliante corporal mineral Deliplus Mar Muerto,Tarro 400 g,"4,50 € /ud.",86471," 1,125 €/100 g"
Cuidado facial y corporal,Cuidado corporal,Aceite en crema corporal oriental Deliplus,Bote 250 ml,"3,00 € /ud.",46844," 1,20 €/100 ml"
Cuidado facial y corporal,Cuidado corporal,Aceite corporal de almendras Deliplus 100% natural,Bote 200 ml,"3,40 € /ud.",46815," 1,70 €/100 ml"
Cuidado facial y corporal,Cuidado corporal,Crema corporal anticelulítica Deliplus,Tarro 250 ml,"2,00 € /ud.",46768," 0,80 €/100 ml"
Cuidado facial y corporal,Cuidado corporal,Gel corporal aloe vera puro Atlantia,Bote 200 ml,"5,95 € /ud.",76178," 2,975 €/100 ml"
Cuidado facial y corporal,Cuidado corporal,Leche corporal nutritiva Nivea con aceite de almendras y vitamina E,Bote 500 ml,"5,50 € /ud.",79358," 1,10 €/100 ml"
Cuidado facial y corporal,Cuidado corporal,Aceite corporal de romero Deliplus 100% natural,Bote 200 ml,"3,20 € /ud.",46816," 1,60 €/100 ml"
Cuidado facial y corporal,Cuidado corporal,Gel anticelulítico efecto frío Deliplus,Bote 200 ml,"3,80 € /ud.",46808," 1,90 €/100 ml"
Cuidado facial y corporal,Cuidado corporal,Tratamiento crema reductor intensivo noche Deliplus,Bote 200 ml,"5,50 €4,90 € /ud.",79531," 2,45 €/100 ml"
Cuidado facial y corporal,Cuidado corporal,Loción corporal efecto bronceado Deliplus,Bote 400 ml,"2,75 € /ud.",79202," 0,688 €/100 ml"
Cuidado facial y corporal,Cuidado corporal,Spray refrescante mentol Deliplus para pies y piernas,Bote 200 ml,"3,95 € /ud.",46836," 1,975 €/100 ml"
Cuidado facial y corporal,Cuidado corporal,Gel refrescante mentol Deliplus para pies y piernas,Bote 300 ml,"2,50 € /ud.",46835," 0,834 €/100 ml"
Cuidado facial y corporal,Cuidado corporal,Loción corporal de almendras Deliplus,Bote 400 ml,"1,95 € /ud.",46814," 0,488 €/100 ml"
Cuidado facial y corporal,Cuidado corporal,Manteca corporal con aroma de coco Deliplus,Tarro 250 ml,"3,50 € /ud.",46850," 1,40 €/100 ml"
Cuidado facial y corporal,Cuidado corporal,Aceite corporal rosa mosqueta Deliplus,Bote 30 ml,"4,99 €4,80 € /ud.",46831," 16,00 €/100 ml"
Cuidado facial y corporal,Cuidado corporal,Exfoliante corporal con partículas de coco Deliplus,Tarro 250 ml,"4,00 € /ud.",46853," 1,60 €/100 ml"
Cuidado facial y corporal,Cuidado corporal,Tratamiento corporal intensivo Meso-Anticelulítico concentrado Deliplus,Caja 15 ampollas (75 ml),"8,50 € /ud.",70370," 11,334 €/100 ml"
Cuidado facial y corporal,Cuidado corporal,Crema corporal hidratante Deliplus vainilla,Tarro 250 ml,"1,80 € /ud.",60719," 0,72 €/100 ml"
Cuidado facial y corporal,Cuidado corporal,Crema corporal hidratante Esferas VIT-E Deliplus con ácido hialurónico,Tarro 250 ml,"2,75 €2,50 € /ud.",60842," 1,00 €/100 ml"
Cuidado facial y corporal,Cuidado corporal,Lote corporal mujer Dove,1 ud.,"10,55 € /ud.",52659," 10,55 €/ud"
Cuidado facial y corporal,Cuidado corporal,Aceite corporal tacto seco Deliplus con aceite de argán,Bote 200 ml,"3,20 € /ud.",35852," 1,60 €/100 ml"
Cuidado facial y corporal,Cuidado corporal,Crema de manos flor de Japón Deliplus,Tubo 30 ml,"1,00 € /ud.",46812," 3,334 €/100 ml"
Cuidado facial y corporal,Cuidado corporal,Crema de manos hidratante con aloe vera Deliplus,Bote 75 ml,"1,00 € /ud.",35101," 1,334 €/100 ml"
Cuidado facial y corporal,Cuidado corporal,Crema de manos reparadora Deliplus,Bote 75 ml,"1,30 € /ud.",35100," 1,734 €/100 ml"
Cuidado facial y corporal,Cuidado corporal,"Crema de manos, cara y cuerpo Nivea Soft hidratante intensiva",Bote 75 ml,"1,95 € /ud.",74102," 2,60 €/100 ml"
Cuidado facial y corporal,Cuidado corporal,Crema de manos anti-manchas Deliplus FPS 20,Bote 75 ml,"1,85 €1,30 € /ud.",35121," 1,734 €/100 ml"
Cuidado facial y corporal,Cuidado corporal,Crema de manos nutritiva Dove intensiva,Bote 75 ml,"2,00 € /ud.",46615," 2,667 €/100 ml"
Cuidado facial y corporal,Cuidado corporal,Mascarilla de manos nutritiva Sence,Paquete 1 ud.,"2,50 € /ud.",35339," 2,50 €/ud"
Cuidado facial y corporal,Cuidado corporal,Crema de manos Karitesse Deliplus,Bote 290 ml,"2,70 € /ud.",35354," 0,932 €/100 ml"
Cuidado facial y corporal,Cuidado corporal,Crema de manos nutritiva Deliplus,Bote 75 ml,"1,30 € /ud.",35799," 1,734 €/100 ml"
Cuidado facial y corporal,Cuidado corporal,Crema para pies 10% urea pura Deliplus,Bote 125 ml,"1,50 €1,20 € /ud.",46771," 0,96 €/100 ml"
Cuidado facial y corporal,Cuidado corporal,Crema hidratante para pies Deliplus anti-sequedad,Bote 125 ml,"1,50 € /ud.",46833," 1,20 €/100 ml"
Cuidado facial y corporal,Cuidado corporal,Crema exfoliante para pies Deliplus anti-durezas,Bote 125 ml,"1,90 € /ud.",46834," 1,52 €/100 ml"
Cuidado facial y corporal,Cuidado corporal,Tratamiento para pies Deliplus durezas y callos,Bote 50 ml,"2,00 € /ud.",40436," 4,00 €/100 ml"
Cuidado facial y corporal,Cuidado corporal,Stick para pies anti-rozaduras Deliplus,Caja 4 ml,"2,50 € /ud.",46842," 62,50 €/100 g"
Cuidado facial y corporal,Cuidado corporal,Papel higiénico húmedo WC Bosque Verde,Paquete 100 ud.,"1,55 € /ud.",47291," 0,016 €/ud"
Cuidado facial y corporal,Cuidado corporal,Papel higiénico húmedo WC Bosque Verde,Paquete 15 ud.,"0,80 € /ud.",47293," 0,054 €/ud"
Cuidado facial y corporal,Cuidado corporal,Toallitas desmaquillantes cara y ojos Deliplus piel normal-mixta,Paquete 25 ud.,"1,15 € /ud.",79069," 0,046 €/ud"
Cuidado facial y corporal,Cuidado corporal,Toallitas desmaquillantes cara y ojos Deliplus piel seca y sensible,Paquete 25 ud.,"1,15 € /ud.",76487," 0,046 €/ud"
Cuidado facial y corporal,Cuidado corporal,Toallitas Refrescantes Deliplus,Paquete 25 ud.,"1,10 € /ud.",76457," 0,044 €/ud"
Cuidado facial y corporal,Cuidado corporal,Toallitas Refrescantes Deliplus,Paquete 20 ud.,"0,70 € /ud.",76470," 0,035 €/ud"
Cuidado facial y corporal,Cuidado corporal,Toallitas Dermo Higiene Corporal Deliplus tamaño gigantes,Paquete 60 ud.,"3,95 € /ud.",47828," 0,066 €/ud"
Cuidado facial y corporal,Cuidado corporal,Toallitas Refrescantes Deliplus monodosis,Caja 20 sobres,"1,50 € /ud.",76472," 0,075 €/ud"
Cuidado facial y corporal,Cuidado corporal,Toallitas de manos hidroalcohólicas Deliplus 75% Alcohol,Paquete 15 ud.,"0,90 € /ud.",79712," 0,06 €/ud"
Cuidado facial y corporal,Cuidado corporal,Toallitas desmaquillantes Micelar & Oil Deliplus para todo tipo de pieles,Paquete 25 ud.,"1,60 € /ud.",79525," 0,064 €/ud"
Cuidado facial y corporal,Cuidado corporal,Toallitas autobronceadoras Deliplus monodosis,Caja 6 ud.,"4,00 € /ud.",46986," 0,667 €/ud"
Cuidado facial y corporal,Cuidado e higiene facial,Discos desmaquillantes Deliplus redondos algodón 100%,Paquete 150 ud.,"1,15 €1,10 € /ud.",79407," 0,008 €/ud"
Cuidado facial y corporal,Cuidado e higiene facial,Toallitas desmaquillantes cara y ojos Deliplus piel normal-mixta,Paquete 25 ud.,"1,15 € /ud.",79069," 0,046 €/ud"
Cuidado facial y corporal,Cuidado e higiene facial,Toallitas desmaquillantes cara y ojos Deliplus piel seca y sensible,Paquete 25 ud.,"1,15 € /ud.",76487," 0,046 €/ud"
Cuidado facial y corporal,Cuidado e higiene facial,Discos desmaquillantes Deliplus ovalados algodón 100%,Paquete 100 ud.,"1,65 €1,60 € /ud.",79408," 0,016 €/ud"
Cuidado facial y corporal,Cuidado e higiene facial,Agua Micelar cara y ojos Facial Clean Deliplus,Bote 400 ml,"3,20 €3,00 € /ud.",46954," 0,75 €/100 ml"
Cuidado facial y corporal,Cuidado e higiene facial,Mascarilla facial peeling de alga negra Montagne Jeunesse,2 ud. x 8 ml,"1,75 € /pack",45913," 10,938 €/100 ml"
Cuidado facial y corporal,Cuidado e higiene facial,Desmaquillador de ojos y labios bifásico Waterproof Facial Clean Deliplus,Bote 150 ml,"2,00 € /ud.",46949," 1,334 €/100 ml"
Cuidado facial y corporal,Cuidado e higiene facial,Leche facial limpiadora Facial Clean Deliplus,Bote 250 ml,"1,50 € /ud.",46877," 0,60 €/100 ml"
Cuidado facial y corporal,Cuidado e higiene facial,Esponja facial desmaquillante Deliplus vegetal,Paquete 2 ud.,"1,15 €1,00 € /ud.",70195," 0,50 €/ud"
Cuidado facial y corporal,Cuidado e higiene facial,Gel facial limpiador Facial Clean Deliplus,Bote 250 ml,"2,50 € /ud.",46892," 1,00 €/100 ml"
Cuidado facial y corporal,Afeitado y cuidado para hombre,Gel de afeitar Sensitive Deliplus,Bote 200 ml,"1,60 € /ud.",23013," 0,80 €/100 ml"
Cuidado facial y corporal,Afeitado y cuidado para hombre,Gel de afeitar Sensitive Deliplus,Bote 75 ml,"1,15 € /ud.",23277," 1,534 €/100 ml"
Cuidado facial y corporal,Afeitado y cuidado para hombre,Espuma de afeitar Sensitive Deliplus manteca de cacao,Bote 300 ml,"1,40 € /ud.",52770," 0,467 €/100 ml"
Cuidado facial y corporal,Afeitado y cuidado para hombre,Gel de afeitar piel sensible Gillette con aloe vera,Bote 200 ml,"2,80 € /ud.",35611," 1,40 €/100 ml"
Cuidado facial y corporal,Afeitado y cuidado para hombre,Espuma de afeitar piel sensible Gillette con aloe vera,Bote 250 ml,"1,95 € /ud.",35610," 0,78 €/100 ml"
Cuidado facial y corporal,Afeitado y cuidado para hombre,Crema de afeitar piel sensible Original Lea uso con brocha,100 g,"1,75 € /ud.",52839," 1,75 €/100 ml"
Cuidado facial y corporal,Afeitado y cuidado para hombre,Bálsamo after shave Sensitive Nivea Men 0% alcohol,Frasco 100 ml,"5,95 € /ud.",73850," 5,95 €/100 ml"
Cuidado facial y corporal,Afeitado y cuidado para hombre,Bálsamo after shave Sensitive Deliplus 0% alcohol antiedad,Bote 100 ml,"1,85 € /ud.",35798," 1,85 €/100 ml"
Cuidado facial y corporal,Afeitado y cuidado para hombre,Gel after shave Sensitive Deliplus con aloe vera y 0% alcohol,Bote 100 ml,"1,70 €1,30 € /ud.",52886," 1,30 €/100 ml"
Cuidado facial y corporal,Afeitado y cuidado para hombre,Loción after shave Deliplus con extracto de algas marinas,Bote 320 ml,"2,80 € /ud.",45549," 0,875 €/100 ml"
Cuidado facial y corporal,Afeitado y cuidado para hombre,Lote corporal Nivea Men,1 ud.,"11,00 € /ud.",44924," 11,00 €/ud"
Cuidado facial y corporal,Afeitado y cuidado para hombre,Lote corporal hombre Axe Dark Temptation,1 ud.,"12,00 € /ud.",60836," 12,00 €/ud"
Cuidado facial y corporal,Afeitado y cuidado para hombre,Maquinillas de afeitar desechables Deliplus Fix 2 hojas,Paquete 10 ud.,"1,10 € /ud.",73443," 0,11 €/ud"
Cuidado facial y corporal,Afeitado y cuidado para hombre,Maquinillas de afeitar desechables Gillette Blue Plus 2 hojas,Paquete 6 ud.,"3,40 € /ud.",73006," 0,567 €/ud"
Cuidado facial y corporal,Afeitado y cuidado para hombre,Maquinillas de afeitar desechables Deliplus Active 3 hojas,Paquete 4 ud.,"1,95 € /ud.",73445," 0,488 €/ud"
Cuidado facial y corporal,Afeitado y cuidado para hombre,Maquinillas de afeitar desechables Gillette Sensor Comfort 3 hojas,Paquete 5 ud.,"5,75 € /ud.",73002," 1,15 €/ud"
Cuidado facial y corporal,Afeitado y cuidado para hombre,Maquinillas de afeitar desechables Gillette Blue Plus 2 hojas,Paquete 20 ud.,"8,00 € /ud.",73045," 0,40 €/ud"
Cuidado facial y corporal,Afeitado y cuidado para hombre,Maquinilla de afeitar recargable Deliplus Precision System 3 hojas,Caja 1 ud.,"2,90 € /ud.",22083," 2,90 €/ud"
Cuidado facial y corporal,Afeitado y cuidado para hombre,Maquinilla de afeitar recargable Deliplus Precision System 5 hojas,Caja 1 ud.,"3,90 € /ud.",73448," 3,90 €/ud"
Cuidado facial y corporal,Afeitado y cuidado para hombre,Maquinillas de afeitar desechables Deliplus Active 2 hojas,Paquete 10 ud.,"1,95 € /ud.",35342," 0,195 €/ud"
Cuidado facial y corporal,Afeitado y cuidado para hombre,Maquinilla de afeitar recargable Deliplus Precision System 6 hojas,Caja 1 ud.,"5,15 € /ud.",13804," 5,15 €/ud"
Cuidado facial y corporal,Afeitado y cuidado para hombre,Maquinilla de afeitar recargable Gillette Fusion Sport 5 hojas,Caja 1 ud.,"8,75 € /ud.",52645," 8,75 €/ud"
Cuidado facial y corporal,Afeitado y cuidado para hombre,Maquinilla de afeitar recargable Gillette Mach Sport 3 hojas,Caja 1 ud.,"7,95 € /ud.",52647," 7,95 €/ud"
Cuidado facial y corporal,Afeitado y cuidado para hombre,Maquinilla de afeitar recargable Gillette Labs 5 hojas,Caja 1 ud.,"15,00 € /ud.",52643," 15,00 €/ud"
Cuidado facial y corporal,Afeitado y cuidado para hombre,Recambios maquinilla de afeitar Deliplus Precision System 5 hojas,Caja 4 ud.,"4,80 €4,40 € /ud.",73449," 1,10 €/ud"
Cuidado facial y corporal,Afeitado y cuidado para hombre,Recambios maquinilla de afeitar Deliplus Precision System 6 hojas,Caja 4 ud.,"5,70 €5,30 € /ud.",13805," 1,325 €/ud"
Cuidado facial y corporal,Afeitado y cuidado para hombre,Recambios maquinilla de afeitar Gillette Fusion Sport 5 hojas,Caja 4 ud.,"13,95 € /ud.",52646," 3,488 €/ud"
Cuidado facial y corporal,Afeitado y cuidado para hombre,Recambios maquinilla de afeitar Gillette Mach Sport 3 hojas,Caja 4 ud.,"8,95 € /ud.",52648," 2,238 €/ud"
Cuidado facial y corporal,Afeitado y cuidado para hombre,Recambios maquinilla de afeitar Gillette Labs 5 hojas,Caja 4 ud.,"18,95 € /ud.",52644," 4,738 €/ud"
Cuidado facial y corporal,Afeitado y cuidado para hombre,"Crema cara, cuerpo y manos Nivea Men",Lata 150 ml,"4,00 € /ud.",73984," 2,667 €/100 ml"
Cuidado facial y corporal,Afeitado y cuidado para hombre,Cuidado hidratante Hydra energetic L'Oréal men expert anti-fatiga 24h,Bote 50 ml,"6,95 € /ud.",74817," 13,90 €/100 ml"
Cuidado facial y corporal,Afeitado y cuidado para hombre,Crema facial con phytoproteoglycanos FPS 12 Deliplus Men Care Regen Skin,Bote 50 ml,"5,50 €5,00 € /ud.",46865," 10,00 €/100 ml"
Cuidado facial y corporal,Afeitado y cuidado para hombre,Gel reductor de abdomen Deliplus Men Care,Bote 150 ml,"3,70 € /ud.",46862," 2,467 €/100 ml"
Cuidado facial y corporal,Afeitado y cuidado para hombre,Gel crema facial revitalizante e hidratante Deliplus Men Care Vital,Bote 50 ml,"5,50 €5,00 € /ud.",46857," 10,00 €/100 ml"
Cuidado facial y corporal,Afeitado y cuidado para hombre,Contorno de ojos Men Care Regen Skin Deliplus,Tubo 15 ml,"5,00 € /ud.",46866," 33,334 €/100 ml"
Cuidado facial y corporal,Afeitado y cuidado para hombre,Crema facial Power Age L'Oréal men expert hidratante anti-edad,Bote 50 ml,"8,95 € /ud.",79021," 17,90 €/100 ml"
Cuidado facial y corporal,Afeitado y cuidado para hombre,"Gel de ducha taurina Hydra Energetic L'Oréal Men Expert cuerpo, rostro y cabello",Bote 400 ml,"3,60 € /ud.",35357," 0,90 €/100 ml"
Cuidado facial y corporal,Afeitado y cuidado para hombre,Lote corporal Nivea Men,1 ud.,"11,00 € /ud.",44924," 11,00 €/ud"
Cuidado facial y corporal,Cuidado corporal,Crema corporal nutritiva Deliplus con aceite de oliva,Tarro 250 ml,"1,50 € /ud.",35502," 0,60 €/100 g"
Cuidado facial y corporal,Cuidado corporal,Loción corporal aloe vera Deliplus,Bote 400 ml,"1,10 € /ud.",79201," 0,275 €/100 ml"
Cuidado facial y corporal,Cuidado corporal,Crema corporal Nivea,Lata 250 ml,"4,00 € /ud.",76542," 1,60 €/100 ml"
Cuidado facial y corporal,Cuidado corporal,Aceite corporal aloe vera Deliplus,Bote 400 ml,"1,65 € /ud.",79217," 0,413 €/100 ml"
Cuidado facial y corporal,Cuidado corporal,Gel corporal aloe vera Deliplus,Bote 390 ml,"3,75 € /ud.",46825," 0,962 €/100 ml"
Cuidado facial y corporal,Cuidado corporal,Loción corporal 10% urea pura Deliplus,Bote 400 ml,"1,95 € /ud.",79529," 0,488 €/100 ml"
Cuidado facial y corporal,Cuidado corporal,Crema corporal nutritiva Deliplus con aceite de argán,Tarro 250 ml,"1,80 €1,50 € /ud.",46766," 0,60 €/100 ml"
Cuidado facial y corporal,Cuidado corporal,"Loción corporal con omegas 3, 6 y 9 Deliplus",Bote 400 ml,"2,20 € /ud.",79218," 0,55 €/100 ml"
Cuidado facial y corporal,Cuidado corporal,Loción corporal reafirmante Q10 Nivea y vitamina C,Bote 400 ml,"5,75 € /ud.",76596," 1,438 €/100 ml"
Cuidado facial y corporal,Cuidado corporal,Exfoliante corporal mineral Deliplus Mar Muerto,Tarro 400 g,"4,50 € /ud.",86471," 1,125 €/100 g"
Cuidado facial y corporal,Cuidado corporal,Aceite en crema corporal oriental Deliplus,Bote 250 ml,"3,00 € /ud.",46844," 1,20 €/100 ml"
Cuidado facial y corporal,Cuidado corporal,Aceite corporal de almendras Deliplus 100% natural,Bote 200 ml,"3,40 € /ud.",46815," 1,70 €/100 ml"
Cuidado facial y corporal,Cuidado corporal,Crema corporal anticelulítica Deliplus,Tarro 250 ml,"2,00 € /ud.",46768," 0,80 €/100 ml"
Cuidado facial y corporal,Cuidado corporal,Gel corporal aloe vera puro Atlantia,Bote 200 ml,"5,95 € /ud.",76178," 2,975 €/100 ml"
Cuidado facial y corporal,Cuidado corporal,Leche corporal nutritiva Nivea con aceite de almendras y vitamina E,Bote 500 ml,"5,50 € /ud.",79358," 1,10 €/100 ml"
Cuidado facial y corporal,Cuidado corporal,Aceite corporal de romero Deliplus 100% natural,Bote 200 ml,"3,20 € /ud.",46816," 1,60 €/100 ml"
Cuidado facial y corporal,Cuidado corporal,Gel anticelulítico efecto frío Deliplus,Bote 200 ml,"3,80 € /ud.",46808," 1,90 €/100 ml"
Cuidado facial y corporal,Cuidado corporal,Tratamiento crema reductor intensivo noche Deliplus,Bote 200 ml,"5,50 €4,90 € /ud.",79531," 2,45 €/100 ml"
Cuidado facial y corporal,Cuidado corporal,Loción corporal efecto bronceado Deliplus,Bote 400 ml,"2,75 € /ud.",79202," 0,688 €/100 ml"
Cuidado facial y corporal,Cuidado corporal,Spray refrescante mentol Deliplus para pies y piernas,Bote 200 ml,"3,95 € /ud.",46836," 1,975 €/100 ml"
Cuidado facial y corporal,Cuidado corporal,Gel refrescante mentol Deliplus para pies y piernas,Bote 300 ml,"2,50 € /ud.",46835," 0,834 €/100 ml"
Cuidado facial y corporal,Cuidado corporal,Loción corporal de almendras Deliplus,Bote 400 ml,"1,95 € /ud.",46814," 0,488 €/100 ml"
Cuidado facial y corporal,Cuidado corporal,Manteca corporal con aroma de coco Deliplus,Tarro 250 ml,"3,50 € /ud.",46850," 1,40 €/100 ml"
Cuidado facial y corporal,Cuidado corporal,Aceite corporal rosa mosqueta Deliplus,Bote 30 ml,"4,99 €4,80 € /ud.",46831," 16,00 €/100 ml"
Cuidado facial y corporal,Cuidado corporal,Exfoliante corporal con partículas de coco Deliplus,Tarro 250 ml,"4,00 € /ud.",46853," 1,60 €/100 ml"
Cuidado facial y corporal,Cuidado corporal,Tratamiento corporal intensivo Meso-Anticelulítico concentrado Deliplus,Caja 15 ampollas (75 ml),"8,50 € /ud.",70370," 11,334 €/100 ml"
Cuidado facial y corporal,Cuidado corporal,Crema corporal hidratante Deliplus vainilla,Tarro 250 ml,"1,80 € /ud.",60719," 0,72 €/100 ml"
Cuidado facial y corporal,Cuidado corporal,Crema corporal hidratante Esferas VIT-E Deliplus con ácido hialurónico,Tarro 250 ml,"2,75 €2,50 € /ud.",60842," 1,00 €/100 ml"
Cuidado facial y corporal,Cuidado corporal,Lote corporal mujer Dove,1 ud.,"10,55 € /ud.",52659," 10,55 €/ud"
Cuidado facial y corporal,Cuidado corporal,Aceite corporal tacto seco Deliplus con aceite de argán,Bote 200 ml,"3,20 € /ud.",35852," 1,60 €/100 ml"
Cuidado facial y corporal,Cuidado corporal,Crema de manos flor de Japón Deliplus,Tubo 30 ml,"1,00 € /ud.",46812," 3,334 €/100 ml"
Cuidado facial y corporal,Cuidado corporal,Crema de manos hidratante con aloe vera Deliplus,Bote 75 ml,"1,00 € /ud.",35101," 1,334 €/100 ml"
Cuidado facial y corporal,Cuidado corporal,Crema de manos reparadora Deliplus,Bote 75 ml,"1,30 € /ud.",35100," 1,734 €/100 ml"
Cuidado facial y corporal,Cuidado corporal,"Crema de manos, cara y cuerpo Nivea Soft hidratante intensiva",Bote 75 ml,"1,95 € /ud.",74102," 2,60 €/100 ml"
Cuidado facial y corporal,Cuidado corporal,Crema de manos anti-manchas Deliplus FPS 20,Bote 75 ml,"1,85 €1,30 € /ud.",35121," 1,734 €/100 ml"
Cuidado facial y corporal,Cuidado corporal,Crema de manos nutritiva Dove intensiva,Bote 75 ml,"2,00 € /ud.",46615," 2,667 €/100 ml"
Cuidado facial y corporal,Cuidado corporal,Mascarilla de manos nutritiva Sence,Paquete 1 ud.,"2,50 € /ud.",35339," 2,50 €/ud"
Cuidado facial y corporal,Cuidado corporal,Crema de manos Karitesse Deliplus,Bote 290 ml,"2,70 € /ud.",35354," 0,932 €/100 ml"
Cuidado facial y corporal,Cuidado corporal,Crema de manos nutritiva Deliplus,Bote 75 ml,"1,30 € /ud.",35799," 1,734 €/100 ml"
Cuidado facial y corporal,Cuidado corporal,Crema para pies 10% urea pura Deliplus,Bote 125 ml,"1,50 €1,20 € /ud.",46771," 0,96 €/100 ml"
Cuidado facial y corporal,Cuidado corporal,Crema hidratante para pies Deliplus anti-sequedad,Bote 125 ml,"1,50 € /ud.",46833," 1,20 €/100 ml"
Cuidado facial y corporal,Cuidado corporal,Crema exfoliante para pies Deliplus anti-durezas,Bote 125 ml,"1,90 € /ud.",46834," 1,52 €/100 ml"
Cuidado facial y corporal,Cuidado corporal,Tratamiento para pies Deliplus durezas y callos,Bote 50 ml,"2,00 € /ud.",40436," 4,00 €/100 ml"
Cuidado facial y corporal,Cuidado corporal,Stick para pies anti-rozaduras Deliplus,Caja 4 ml,"2,50 € /ud.",46842," 62,50 €/100 g"
Cuidado facial y corporal,Cuidado corporal,Papel higiénico húmedo WC Bosque Verde,Paquete 100 ud.,"1,55 € /ud.",47291," 0,016 €/ud"
Cuidado facial y corporal,Cuidado corporal,Papel higiénico húmedo WC Bosque Verde,Paquete 15 ud.,"0,80 € /ud.",47293," 0,054 €/ud"
Cuidado facial y corporal,Cuidado corporal,Toallitas desmaquillantes cara y ojos Deliplus piel normal-mixta,Paquete 25 ud.,"1,15 € /ud.",79069," 0,046 €/ud"
Cuidado facial y corporal,Cuidado corporal,Toallitas desmaquillantes cara y ojos Deliplus piel seca y sensible,Paquete 25 ud.,"1,15 € /ud.",76487," 0,046 €/ud"
Cuidado facial y corporal,Cuidado corporal,Toallitas Refrescantes Deliplus,Paquete 25 ud.,"1,10 € /ud.",76457," 0,044 €/ud"
Cuidado facial y corporal,Cuidado corporal,Toallitas Refrescantes Deliplus,Paquete 20 ud.,"0,70 € /ud.",76470," 0,035 €/ud"
Cuidado facial y corporal,Cuidado corporal,Toallitas Dermo Higiene Corporal Deliplus tamaño gigantes,Paquete 60 ud.,"3,95 € /ud.",47828," 0,066 €/ud"
Cuidado facial y corporal,Cuidado corporal,Toallitas Refrescantes Deliplus monodosis,Caja 20 sobres,"1,50 € /ud.",76472," 0,075 €/ud"
Cuidado facial y corporal,Cuidado corporal,Toallitas de manos hidroalcohólicas Deliplus 75% Alcohol,Paquete 15 ud.,"0,90 € /ud.",79712," 0,06 €/ud"
Cuidado facial y corporal,Cuidado corporal,Toallitas desmaquillantes Micelar & Oil Deliplus para todo tipo de pieles,Paquete 25 ud.,"1,60 € /ud.",79525," 0,064 €/ud"
Cuidado facial y corporal,Cuidado corporal,Toallitas autobronceadoras Deliplus monodosis,Caja 6 ud.,"4,00 € /ud.",46986," 0,667 €/ud"
Cuidado facial y corporal,Cuidado e higiene facial,Discos desmaquillantes Deliplus redondos algodón 100%,Paquete 150 ud.,"1,15 €1,10 € /ud.",79407," 0,008 €/ud"
Cuidado facial y corporal,Cuidado e higiene facial,Toallitas desmaquillantes cara y ojos Deliplus piel normal-mixta,Paquete 25 ud.,"1,15 € /ud.",79069," 0,046 €/ud"
Cuidado facial y corporal,Cuidado e higiene facial,Toallitas desmaquillantes cara y ojos Deliplus piel seca y sensible,Paquete 25 ud.,"1,15 € /ud.",76487," 0,046 €/ud"
Cuidado facial y corporal,Cuidado e higiene facial,Discos desmaquillantes Deliplus ovalados algodón 100%,Paquete 100 ud.,"1,65 €1,60 € /ud.",79408," 0,016 €/ud"
Cuidado facial y corporal,Cuidado e higiene facial,Agua Micelar cara y ojos Facial Clean Deliplus,Bote 400 ml,"3,20 €3,00 € /ud.",46954," 0,75 €/100 ml"
Cuidado facial y corporal,Cuidado e higiene facial,Mascarilla facial peeling de alga negra Montagne Jeunesse,2 ud. x 8 ml,"1,75 € /pack",45913," 10,938 €/100 ml"
Cuidado facial y corporal,Cuidado e higiene facial,Desmaquillador de ojos y labios bifásico Waterproof Facial Clean Deliplus,Bote 150 ml,"2,00 € /ud.",46949," 1,334 €/100 ml"
Cuidado facial y corporal,Cuidado e higiene facial,Leche facial limpiadora Facial Clean Deliplus,Bote 250 ml,"1,50 € /ud.",46877," 0,60 €/100 ml"
Cuidado facial y corporal,Cuidado e higiene facial,Esponja facial desmaquillante Deliplus vegetal,Paquete 2 ud.,"1,15 €1,00 € /ud.",70195," 0,50 €/ud"
Cuidado facial y corporal,Cuidado e higiene facial,Gel facial limpiador Facial Clean Deliplus,Bote 250 ml,"2,50 € /ud.",46892," 1,00 €/100 ml"
Cuidado facial y corporal,Cuidado e higiene facial,Tiras faciales limpia poros Doctor San,Caja 6 ud.,"4,30 €3,80 € /ud.",76594," 0,634 €/ud"
Cuidado facial y corporal,Cuidado e higiene facial,Mousse facial limpiadora purificante Deliplus Oil Free,Bote 200 ml,"4,00 € /ud.",46893," 2,00 €/100 ml"
Cuidado facial y corporal,Cuidado e higiene facial,Agua facial de avena Deliplus,Spray 300 ml,"2,98 €2,90 € /ud.",76465," 0,967 €/100 ml"
Cuidado facial y corporal,Cuidado e higiene facial,Aceite facial limpiador espumoso Deliplus Facial Clean,Bote 175 ml,"4,00 €3,75 € /ud.",46875," 2,143 €/100 ml"
Cuidado facial y corporal,Cuidado e higiene facial,Toallitas desmaquillantes Micelar & Oil Deliplus para todo tipo de pieles,Paquete 25 ud.,"1,60 € /ud.",79525," 0,064 €/ud"
Cuidado facial y corporal,Cuidado e higiene facial,Gel facial limpiador Sensitive Deliplus Facial Clean,Bote 100 ml,"4,00 € /ud.",50336," 4,00 €/100 ml"
Cuidado facial y corporal,Cuidado e higiene facial,Tónico facial árbol de té y prebióticos Deliplus Facial Clean,Bote 255 ml,"3,50 € /ud.",35935," 1,373 €/100 ml"
Cuidado facial y corporal,Cuidado e higiene facial,Mascarilla facial Hidra Boom Mask Deliplus con Camelias de Jeju y ácido hialurónico,Paquete 1 ud.,"1,75 € /ud.",35655," 1,75 €/ud"
Cuidado facial y corporal,Cuidado e higiene facial,Tónico facial vitamina C y niacinamida Deliplus Facial Clean iluminador y antioxidante,Bote 255 ml,"3,50 € /ud.",35934," 1,373 €/100 ml"
Cuidado facial y corporal,Cuidado e higiene facial,Discos impregnados ácido salicílico Deliplus Oil Free purificantes y seborreguladores,Caja 50 ud.,"4,50 € /ud.",52531," 0,09 €/ud"
Cuidado facial y corporal,Cuidado e higiene facial,Crema facial Revitaliza y Reestructura Sisbela Reafirm Deliplus con ácido ribonucleico RNA,Tarro 50 ml,"5,00 € /ud.",50170," 10,00 €/100 ml"
Cuidado facial y corporal,Cuidado e higiene facial,Crema facial Textura Ligera Prevent Age Skin Deliplus,Tarro 50 ml,"7,00 € /ud.",50247," 14,00 €/100 ml"
Cuidado facial y corporal,Cuidado e higiene facial,Recambio crema facial Texura Ligera Prevent Age Skin Deliplus,50 ml,"4,00 € /ud.",41112," 8,00 €/100 ml"
Cuidado facial y corporal,Cuidado e higiene facial,Hidratante facial BB cream Deliplus 01 claro FPS 20,Bote 50 ml,"4,50 € /ud.",50757," 9,00 €/100 ml"
Cuidado facial y corporal,Cuidado e higiene facial,Hidratante facial BB cream Deliplus 02 medio FPS 20,Bote 50 ml,"4,50 € /ud.",50764," 9,00 €/100 ml"
Cuidado facial y corporal,Cuidado e higiene facial,Crema facial día Textura Rica Regen Skin Deliplus,Tarro 50 ml,"7,00 € /ud.",46869," 14,00 €/100 ml"
Cuidado facial y corporal,Cuidado e higiene facial,Recambio crema facial día Textura Rica Regen Skin Deliplus,50 ml,"4,00 € /ud.",70152," 8,00 €/100 ml"
Cuidado facial y corporal,Cuidado e higiene facial,Crema facial Dragon's Blood Anti Ox Deliplus FPS 12,Tarro 50 ml,"5,00 € /ud.",50124," 10,00 €/100 ml"
Cuidado facial y corporal,Cuidado e higiene facial,Crema facial hidratante día Revitalift L'Oréal antiarrugas extra firmeza,Tarro 50 ml,"9,50 € /ud.",76184," 19,00 €/100 ml"
Cuidado facial y corporal,Cuidado e higiene facial,Crema facial noche Textura Rica Regen Skin Deliplus,Tarro 50 ml,"7,00 € /ud.",46870," 14,00 €/100 ml"
Cuidado facial y corporal,Cuidado e higiene facial,Recambio crema facial noche Textura Rica Regen Skin Deliplus,50 ml,"4,00 € /ud.",70156," 8,00 €/100 ml"
Cuidado facial y corporal,Cuidado e higiene facial,Crema facial fluida hidratante Deliplus Oil Free,Tubo 50 ml,"4,80 € /ud.",50375," 9,60 €/100 ml"
Cuidado facial y corporal,Cuidado e higiene facial,Crema facial hidratante y fortalecedora Deliplus Sensitive con vitamina K Ox,Tarro 50 ml,"7,00 € /ud.",50326," 14,00 €/100 ml"
Cuidado facial y corporal,Cuidado e higiene facial,Gel facial secante de imperfecciones Deliplus Oil Free,Tubo 15 ml,"4,25 € /ud.",46953," 28,334 €/100 ml"
Cuidado facial y corporal,Cuidado e higiene facial,Crema facial Vitamina C Viseger Pharma FPS 50+,Tarro 50 ml,"7,00 € /ud.",50099," 14,00 €/100 ml"
Cuidado facial y corporal,Cuidado e higiene facial,Crema facial noche Deliplus aclarante anti-manchas,Bote 50 ml,"6,00 € /ud.",42477," 12,00 €/100 ml"
Cuidado facial y corporal,Cuidado e higiene facial,Crema facial protectora anti-manchas Deliplus FPS 50+,Bote 50 ml,"6,00 € /ud.",46861," 12,00 €/100 ml"
Cuidado facial y corporal,Cuidado e higiene facial,Gel facial Hidrata Deliplus ácido hialurónico,Tarro 50 ml,"5,00 € /ud.",22503," 10,00 €/100 ml"
Cuidado facial y corporal,Cuidado e higiene facial,Crema facial Hidrata Deliplus ácido hialurónico y aloe vera,Tarro 50 ml,"5,00 € /ud.",50256," 10,00 €/100 ml"
Cuidado facial y corporal,Cuidado e higiene facial,Recambio crema facial Green Caviar Prevent Age Skin Deliplus,50 ml,"4,00 € /ud.",35274," 8,00 €/100 ml"
Cuidado facial y corporal,Cuidado e higiene facial,Tarro vacío para recambio crema facial Deliplus,1 ud.,"4,00 € /ud.",35292," 4,00 €/ud"
Cuidado facial y corporal,Cuidado e higiene facial,Gel facial Matifica Deliplus sebo-regulador,Bote 50 ml,"6,00 € /ud.",52532," 12,00 €/100 ml"
Cuidado facial y corporal,Cuidado e higiene facial,Contorno de ojos Antiarrugas e Iluminador Deliplus Sisbela Reafirm,Tarro 15 ml,"4,50 € /ud.",50192," 30,00 €/100 ml"
Cuidado facial y corporal,Cuidado e higiene facial,Sérum reductor instantáneo de bolsas y ojeras Deliplus Sisbela Reafirm,Caja 5 ud. (10 ml),"5,00 € /ud.",50199," 50,00 €/100 ml"
Cuidado facial y corporal,Cuidado e higiene facial,Crema contorno de ojos y párpados Dragon's blood Deliplus Anti Ox,Bote 15 ml,"4,50 € /ud.",50140," 30,00 €/100 ml"
Cuidado facial y corporal,Cuidado e higiene facial,Contorno de ojos arrugas y bolsas Deliplus Prevent Age Skin,Tubo 15 ml,"5,00 € /ud.",46872," 33,334 €/100 ml"
Cuidado facial y corporal,Cuidado e higiene facial,Perlas faciales Q10 Khanya concentrado reafirmante antiarrugas,Paquete 7 ud.,"1,50 € /ud.",15895," 0,215 €/ud"
Cuidado facial y corporal,Cuidado e higiene facial,Ampollas faciales spray flash Tensor Effect Deliplus Sisbela Reafirm,Caja 2 ud. (4 ml),"2,50 € /ud.",46885," 62,50 €/100 ml"
Cuidado facial y corporal,Cuidado e higiene facial,Ampollas faciales Ácido Hialurónico Hidrata Deliplus concentrado,Caja 7 ampollas (14 ml),"3,50 € /ud.",50321," 25,00 €/100 ml"
Cuidado facial y corporal,Cuidado e higiene facial,Sérum facial potenciador 12% silicio Deliplus Sisbela Reafirm,Frasco 30 ml,"6,00 € /ud.",50198," 20,00 €/100 ml"
Cuidado facial y corporal,Cuidado e higiene facial,Aceite facial Licopeno Deliplus Anti Ox,Frasco 30 ml,"6,00 € /ud.",50125," 20,00 €/100 ml"
Cuidado facial y corporal,Cuidado e higiene facial,Sérum facial Retinol Deliplus Regen Skin,Frasco 30 ml,"6,00 € /ud.",46873," 20,00 €/100 ml"
Cuidado facial y corporal,Cuidado e higiene facial,Sérum facial Despigmentante Deliplus Anti-manchas,Frasco 30 ml,"6,00 € /ud.",46948," 20,00 €/100 ml"
Cuidado facial y corporal,Cuidado e higiene facial,Sérum facial Sebo-regulador Deliplus Equilibrio,30 ml,"6,00 € /ud.",50366," 20,00 €/100 ml"
Cuidado facial y corporal,Cuidado e higiene facial,Ampollas faciales colágeno Regen Skin Deliplus con células madre vegetales,Caja 10 ampollas (20 ml),"5,00 € /ud.",15702," 25,00 €/100 ml"
Cuidado facial y corporal,Cuidado e higiene facial,Sérum facial Ácido Hialurónico y Ceramidas Deliplus Hidrata,Frasco 30 ml,"6,00 € /ud.",67596," 20,00 €/100 ml"
Cuidado facial y corporal,Cuidado e higiene facial,Aceite de Ricino Deliplus,Bote 30 ml,"3,95 € /ud.",52590," 13,167 €/100 ml"
Cuidado facial y corporal,Cuidado e higiene facial,Sérum de pestañas SOS cuida y refuerza Deliplus,1 ud.,"5,00 € /ud.",60590," 5,00 €/ud"
Cuidado facial y corporal,Depilación,Bandas de cera facial Deliplus piel sensible,Paquete 16 bandas,"1,20 € /ud.",74079," 0,075 €/ud"
Cuidado facial y corporal,Depilación,Bandas de cera especial piernas Deliplus piel sensible,Paquete 20 bandas,"1,65 € /ud.",74081," 0,083 €/ud"
Cuidado facial y corporal,Depilación,Crema depilatoria hombre Deliplus piel normal,Caja 200 ml,"3,00 € /ud.",86088," 1,50 €/100 ml"
Cuidado facial y corporal,Depilación,Crema depilatoria mujer para el cuerpo Deliplus piel sensible,Bote 200 ml,"3,00 € /ud.",86089," 1,50 €/100 ml"
Fitoterapia y parafarmacia,Fitoterapia,Aceite árbol del té 100% puro Deliplus con pipeta dosificadora,Bote 10 ml,"3,00 € /ud.",23017," 30,00 €/100 ml"
Fitoterapia y parafarmacia,Fitoterapia,Colágeno soluble sabor limón Colagen,Bote 250 g,"4,80 € /ud.",35588," 1,92 €/100 g"
Fitoterapia y parafarmacia,Fitoterapia,Barritas con proteínas Enervit Sport sabor coco y chocolate,Caja 3 barritas (120 g),"3,15 €2,75 € /ud.",9445," 22,917 €/kg"
Fitoterapia y parafarmacia,Fitoterapia,Cápsulas control calorías Forte Deliplus,"Caja 20 cápsulas (16,4 g)","4,50 € /ud.",79052," 27,44 €/100 g"
Fitoterapia y parafarmacia,Fitoterapia,Comprimidos Vitaminas y Minerales Deliplus,Caja 30 comprimidos (30 g),"3,00 € /ud.",79621," 10,153 €/100 g"
Fitoterapia y parafarmacia,Fitoterapia,Cápsulas Dormir Deliplus,Caja 30 cápsulas (24 g),"3,95 € /ud.",35939," 0,132 €/ud"
Fitoterapia y parafarmacia,Fitoterapia,Comprimidos efervescentes vitamina C y zinc Deliplus sabor limón,Tubo 20 ud. (80 g),"1,95 € /ud.",35620," 2,438 €/100 g"
Fitoterapia y parafarmacia,Fitoterapia,Barritas Sustitutivo de comida Belladieta sabor avena y chocolate con leche,Caja 4 barritas (120 g),"3,10 € /ud.",86259," 25,834 €/kg"
Fitoterapia y parafarmacia,Fitoterapia,Gel energético con cafeína Enervit Sport sabor cítricos,3 ud. x 32 g,"3,60 € /pack",28116," 39,131 €/kg"
Fitoterapia y parafarmacia,Fitoterapia,Perlas Omega 3 Deliplus,Caja 60 cápsulas (48 g),"3,95 € /ud.",22986," 0,066 €/ud"
Fitoterapia y parafarmacia,Fitoterapia,Cápsulas LaxForte Deliplus,"Caja 30 cápsulas (16,35 g)","3,95 € /ud.",13797," 0,132 €/ud"
Fitoterapia y parafarmacia,Fitoterapia,Cápsulas Valeriana Deliplus,"Caja 60 cápsulas (32,7 g)","4,15 € /ud.",23367," 0,07 €/ud"
Fitoterapia y parafarmacia,Fitoterapia,Spray oral Própolis Deliplus,Spray 20 ml,"3,60 € /ud.",22233," 18,00 €/100 ml"
Fitoterapia y parafarmacia,Fitoterapia,Perlas Onagra Deliplus,Caja 60 cápsulas (41 g),"4,30 € /ud.",15670," 0,072 €/ud"
Fitoterapia y parafarmacia,Fitoterapia,Sticks Jalea Real y Própolis Deliplus,Caja 12 sticks (120 ml),"4,95 € /ud.",79655," 4,125 €/100 ml"
Fitoterapia y parafarmacia,Fitoterapia,Cápsulas Cola de caballo Deliplus,"Caja 30 cápsulas (16,35 g)","3,95 € /ud.",13861," 0,132 €/ud"
Fitoterapia y parafarmacia,Fitoterapia,Cápsulas Alcachofa Deliplus,"Caja 30 cápsulas (16,35 g)","3,95 € /ud.",13796," 0,132 €/ud"
Fitoterapia y parafarmacia,Fitoterapia,Cápsulas Memory Forte Deliplus,"Caja 30 cápsulas (17,85 g)","3,95 € /ud.",35945," 0,132 €/ud"
Fitoterapia y parafarmacia,Fitoterapia,Sticks infantiles Jalea Real Deliplus +3 años,Caja 12 sticks (120 ml),"4,95 € /ud.",52603," 4,125 €/100 ml"
Fitoterapia y parafarmacia,Fitoterapia,Cápsulas Quemagrasas Deliplus,"Caja 30 cápsulas (17,85 g)","3,95 € /ud.",79063," 22,068 €/100 g"
Fitoterapia y parafarmacia,Fitoterapia,Cápsulas Colagen Antiox piel Deliplus,Caja 30 cápsulas (18 g),"4,95 € /ud.",35943," 0,165 €/ud"
Fitoterapia y parafarmacia,Fitoterapia,Cápsulas Articular Forte Deliplus,"Caja 30 cápsulas (15,45 g)","4,20 € /ud.",35944," 0,14 €/ud"
Fitoterapia y parafarmacia,Fitoterapia,Sticks Depurat Deliplus,Caja 15 sticks (75 g),"5,95 € /ud.",79035," 7,934 €/100 g"
Fitoterapia y parafarmacia,Fitoterapia,Cápsulas Spirulina + vitamina B12 Deliplus,"Caja 60 cápsulas (32,7 g)","5,00 € /ud.",35991," 0,084 €/ud"
Fitoterapia y parafarmacia,Fitoterapia,Perlas Sol Deliplus,"Caja 30 cápsulas (15,02 g)","3,90 € /ud.",79658," 0,13 €/ud"
Fitoterapia y parafarmacia,Fitoterapia,Cápsulas Menopausia Deliplus,"Caja 30 cápsulas (19,4 g)","4,50 € /ud.",79704," 23,196 €/100 g"
Fitoterapia y parafarmacia,Fitoterapia,Comprimidos efervescentes magnesio Deliplus 300 mg sabor naranja,Tubo 20 ud. (78 g),"1,95 € /ud.",79594," 2,50 €/100 g"
Fitoterapia y parafarmacia,Fitoterapia,Comprimidos cabello y uñas Deliplus,"Caja 30 comprimidos (26,55 g)","3,95 € /ud.",13864," 0,132 €/ud"
Fitoterapia y parafarmacia,Fitoterapia,Barrita con proteínas Enervit Sport sabor chocolate negro,Caja 3 barritas (180 g),"4,90 € /ud.",23670," 27,223 €/kg"
Fitoterapia y parafarmacia,Fitoterapia,Gominolas Energy Gummies Vitaldin,Bote 36 ud. (108 g),"6,25 € /ud.",35607," 5,788 €/100 g"
Fitoterapia y parafarmacia,Fitoterapia,Cápsulas Gases Deliplus,Caja 30 cápsulas (17 g),"4,50 € /ud.",35880," 0,15 €/ud"
Fitoterapia y parafarmacia,Fitoterapia,Cápsulas Probiótico Deliplus,"Caja 30 cápsulas (17,85 g)","5,95 € /ud.",52589," 0,199 €/ud"
Fitoterapia y parafarmacia,Fitoterapia,Aceite de Ricino Deliplus,Bote 30 ml,"3,95 € /ud.",52590," 13,167 €/100 ml"
Fruta y verdura,Fruta,Plátano de Canarias IGP,Pieza 160 g aprox.,"0,32 € /ud.",3819," 1,99 €/kg"
Fruta y verdura,Fruta,Banana,Pieza 170 g aprox.,"0,25 € /ud.",3824," 1,45 €/kg"
Fruta y verdura,Fruta,Plátano macho,Pieza 300 g aprox.,"0,87 € /ud.",3132," 2,89 €/kg"
Fruta y verdura,Fruta,Uva blanca sin semillas,Bandeja 500 g aprox.,"2,55 € /ud.",3313," 5,10 €/kg"
Fruta y verdura,Fruta,Uva roja sin semillas,Bandeja 500 g aprox.,"2,45 € /ud.",3321," 4,89 €/kg"
Fruta y verdura,Fruta,Manzana Golden,Pieza 240 g aprox.,"0,50 € /ud.",3028," 2,09 €/kg"
Fruta y verdura,Fruta,Manzanas Golden,"Bolsa 1,5 kg aprox.","2,84 € /ud.",3269," 1,89 €/kg"
Fruta y verdura,Fruta,Pera Conferencia,Pieza 150 g aprox.,"0,37 € /ud.",3119," 2,49 €/kg"
Fruta y verdura,Fruta,Peras Conferencia,"1,5 kg aprox.","2,69 € /pack",3297," 1,79 €/kg"
Fruta y verdura,Fruta,Manzana roja dulce,Pieza 290 g aprox.,"0,80 € /ud.",8177," 2,75 €/kg"
Fruta y verdura,Fruta,Manzanas rojas dulces,"Bolsa 1,5 kg aprox.","3,59 € /ud.",8280," 2,39 €/kg"
Fruta y verdura,Fruta,Pera Ercolina,Pieza 100 g aprox.,"0,35 € /ud.",3170," 3,49 €/kg"
Fruta y verdura,Fruta,Manzana Granny Smith,Pieza 190 g aprox.,"0,40 € /ud.",3021," 2,09 €/kg"
Fruta y verdura,Fruta,Pera Rocha,Pieza 130 g aprox.,"0,31 € /ud.",3267," 2,39 €/kg"
Fruta y verdura,Fruta,Manzana roja acidulce,Pieza 240 g aprox.,"0,57 € /ud.",8175," 2,39 €/kg"
Fruta y verdura,Fruta,Manzanas rojas acidulces,"Bolsa 1,5 kg aprox.","2,54 € /ud.",8268," 1,69 €/kg"
Fruta y verdura,Fruta,1/4 Sandía baja en semillas,"1/4 Pieza 1,75 kg aprox.","4,01 € /ud.",3505.2," 2,29 €/kg"
Fruta y verdura,Fruta,Media sandía baja en semillas,"1/2 Pieza 3,36 kg aprox.","7,69 € /ud.",3505.1," 2,29 €/kg"
Fruta y verdura,Fruta,Sandía baja en semillas,"Pieza 6,96 kg aprox.","15,24 € /ud.",3529," 2,19 €/kg"
Fruta y verdura,Fruta,Medio melón piel de sapo,"1/2 Pieza 1,68 kg aprox.","3,51 € /ud.",3515," 2,09 €/kg"
Fruta y verdura,Fruta,Melón piel de sapo,"Pieza 3,24 kg aprox.","6,12 € /ud.",3506," 1,89 €/kg"
Fruta y verdura,Fruta,Limones,Malla 1 kg,"1,69 €1,55 € /ud.",3236," 1,55 €/kg"
Fruta y verdura,Fruta,Limón,Pieza 160 g aprox.,"0,30 € /ud.",3210," 1,85 €/kg"
Fruta y verdura,Fruta,Mandarina,Pieza 130 g aprox.,"0,26 € /ud.",3238," 1,99 €/kg"
Fruta y verdura,Fruta,Mandarinas,"1,5 kg","3,29 €3,14 € /pack",30501," 2,094 €/kg"
Fruta y verdura,Fruta,Mandarina,Malla 2 kg,"3,78 €3,58 € /ud.",5504," 1,79 €/kg"
Fruta y verdura,Fruta,Naranja para mesa,Pieza 280 g aprox.,"0,53 € /ud.",3235," 1,89 €/kg"
